1870 3277
719 195 1039 234 PLATAICUS.
1538 197 1609 233 193

148 300 282 351 parim,
312 299 350 336 id
378 311 468 336 vero
500 311 583 336 esse
616 312 636 337 e
668 298 867 350 republica
898 299 1104 345 sociorum,
1138 312 1207 337 suo
1246 300 1349 338 malo
1387 301 1609 351 ignorantes

147 360 237 398 nihil
265 373 434 411 unquam
474 359 617 411 injusta
649 360 755 398 lucra
787 359 966 410 cuiquam
1005 360 1211 412 profuisse,
1247 361 1315 398 sed
1351 361 1507 406 multos,
1545 361 1611 411 qui

146 422 269 460 aliena
296 436 364 474 per
382 421 560 473 injuriam
587 421 966 472 appetiverunt‚jure
989 422 1038 460 de
1070 422 1151 460 suis
1178 423 1216 459 in
1245 423 1410 459 maxima
1437 422 1612 473 pericula

142 485 302 523 venisse.

204 547 265 583 11.
296 546 384 584 Jam
415 558 465 584 ne
492 546 588 583 illud
617 545 771 597 quidem
797 545 926 585 dicere
953 552 1147 598 poterunt,
1174 559 1214 583 se
1242 545 1360 583 fidem
1387 551 1612 583 constanter

145 620 294 646 servare
312 607 356 645 iis
376 620 464 645 cum
485 607 626 658 quibus
650 620 691 644 se
718 607 1004 659 conjunxerint,
1031 607 1285 646 metuendum
1306 613 1435 644 autem
1457 619 1543 644 esse
1563 619 1610 642 ne

144 676 371 719 recuperata
387 668 511 719 patria
530 680 602 705 nos
623 666 673 705 ad
694 668 1011 706 Lacedaemonios
1032 668 1278 706 deficiamus:
1316 675 1490 705 nostrum
1512 668 1612 705 enim

144 731 328 781 oppidum
347 729 405 767 bis
421 735 685 780 expugnatum
702 742 787 767 esse
803 737 959 780 propter
974 729 1180 768 amicitiam
1197 736 1378 774 vestram,
1395 728 1490 767 istos
1508 741 1613 780 saepe

144 791 243 829 hanc
262 791 393 829 urbem
415 790 561 839 injuriis
582 790 773 836 affecisse,
793 791 1009 842 reperietis.

201 854 261 889 12.
291 853 348 890 Ac
367 858 516 890 veteres
535 851 773 901 proditiones
799 865 1017 898 recensere,
1040 865 1249 904 operosum
1278 852 1414 890 fuerit:
1445 853 1513 891 sed
1536 853 1613 890 Co-

145 912 332 950 rinthiaco
353 911 457 950 bello
473 919 627 964 propter
646 912 806 950 istorum
822 913 978 963 injurias
996 913 1179 959 conflato,
1194 926 1312 964 quum
1329 913 1616 951 Lacedaemonii

144 982 279 1013 contra
298 987 366 1013 eos
386 974 598 1012 exercitum
619 974 839 1021 duxissent,
865 988 888 1013 a
907 975 1016 1013 vobis
1037 975 1270 1021 conservati,
1292 988 1370 1014 non
1390 975 1507 1013 modo
1527 989 1615 1027 gra-

145 1038 236 1076 tiam
257 1051 334 1076 non
355 1037 583 1084 retulerunt,
610 1037 694 1083 sed,
715 1051 832 1089 quum
852 1037 996 1076 bellum
1020 1038 1244 1084 sedassetis,
1270 1038 1411 1076 relictis
1431 1038 1541 1076 vobis
1564 1038 1614 1076 ad

145 1099 467 1139 Lacedaemonios
496 1113 537 1138 se
565 1100 826 1138 contulerunt.
885 1101 948 1138 Ac
968 1100 1056 1138 Chii
1083 1100 1241 1152 quidem
1268 1107 1308 1138 et
1332 1100 1549 1152 Mitylenaei
1577 1107 1618 1138 et

146 1161 320 1213 Byzantii
342 1161 379 1199 in
399 1160 475 1199 fide
495 1168 734 1206 manserunt,
757 1161 820 1199 isti
846 1168 974 1199 autem
995 1161 1060 1213 qul
1081 1168 1230 1200 tantam
1251 1163 1381 1200 urbem
1402 1162 1619 1201 incolerent

147 1236 196 1261 ne
216 1222 415 1273 quiescere
435 1221 594 1273 quidem
615 1234 660 1259 ac
686 1229 912 1260 neutrarum
939 1235 1025 1260 esse
1052 1222 1220 1273 partium
1248 1229 1340 1260 sunt
1361 1223 1459 1269 ausi,
1480 1223 1549 1262 sed
1570 1237 1617 1262 ea

149 1284 354 1321 timiditate
374 1290 414 1322 et
432 1283 675 1334 improbitate
696 1285 755 1334 [et
774 1283 960 1332 amentia]
980 1283 1151 1329 fuerunt,
1176 1291 1219 1321 ut
1238 1283 1316 1322 fide
1337 1284 1429 1322 data
1450 1285 1619 1323 affirma-

151 1345 225 1383 rint
251 1358 291 1382 se
318 1345 404 1382 illos
428 1351 564 1382 contra
586 1357 653 1382 vos
674 1344 739 1395 qui
765 1345 900 1382 urbem
929 1345 1104 1395 ipsorum
1130 1346 1385 1383 servaveratis
1416 1352 1617 1384 secuturos

148 1419 257 1445 esse:
288 1412 491 1457 propterea
512 1404 695 1443 divinitus
724 1405 797 1443 illis
821 1418 939 1457 poena
962 1404 1050 1443 haec
1076 1405 1222 1444 inflicta
1248 1413 1321 1452 est,
1349 1413 1393 1444 ut
1422 1414 1616 1459 occupata

151 1468 324 1506 Cadmea
343 1468 420 1505 sint
438 1468 488 1505 ad
509 1480 577 1505 vos
606 1467 818 1517 confugere
838 1466 978 1505 coacti.
1037 1467 1152 1505 Unde
1171 1467 1284 1506 etiam
1306 1469 1468 1518 perfidia
1486 1482 1619 1507 eorum

150 1530 314 1568 maxime
344 1535 549 1580 perspecta
567 1535 650 1567 est:
681 1541 768 1566 nam
791 1528 919 1566 denuo
939 1528 1075 1566 vestris
1104 1529 1256 1567 auxiliis
1283 1531 1498 1568 conservati
1524 1537 1562 1569 et
1582 1532 1618 1568 in

150 1591 313 1645 patriam
343 1591 507 1628 restituti
535 1603 583 1628 ne
612 1589 812 1627 minimum
838 1589 997 1641 quidem
1026 1596 1176 1641 tempus
1206 1591 1244 1628 in
1274 1591 1350 1629 fide
1379 1600 1620 1639 manserunt,

153 1654 220 1692 sed
256 1666 346 1690 mox
377 1652 515 1703 legatis
545 1651 875 1689 Lacedaemonem
906 1650 1034 1689 missis
1062 1651 1164 1690 ultro
1198 1653 1371 1691 servituti
1402 1666 1442 1691 se
1470 1654 1621 1692 obtule-

150 1721 254 1760 runt,
275 1714 397 1765 parati
419 1726 570 1751 servare
590 1713 724 1751 omnia
746 1726 833 1763 quae
852 1712 1005 1763 pridem
1025 1712 1310 1764 promisissent.
1370 1715 1473 1758 Quid
1495 1715 1622 1753 multis

151 1790 249 1829 opus
276 1774 362 1813 est?
407 1775 492 1813 Nisi
524 1774 626 1812 enim
660 1773 712 1811 illi
740 1774 952 1825 jussissent
983 1774 1138 1812 exsules
1169 1775 1285 1826 recipi
1314 1782 1353 1814 et
1385 1776 1621 1816 facinorosos

152 1838 245 1875 urbe
283 1836 387 1888 pelli,
424 1835 519 1873 nihil
557 1835 775 1874 obstitisset
814 1835 1021 1886 quominus
1060 1836 1154 1874 inita
1190 1849 1277 1874 cum
1309 1837 1621 1878 Lacedaemoniis

152 1912 175 1937 a
194 1900 335 1950 quibus
363 1897 448 1936 laesi
476 1904 587 1936 erant
617 1897 800 1936 societate
820 1910 887 1936 vos
916 1898 1060 1949 optime
1089 1898 1137 1937 de
1167 1910 1206 1937 se
1236 1899 1392 1938 meritos
1420 1900 1525 1940 bello
1552 1915 1620 1954 pe-

152 1961 318 1999 tiissent,

211 2024 272 2061 13.
305 2023 381 2067 Qui
400 2024 514 2075 igitur
534 2032 572 2063 et
591 2038 714 2076 nuper
733 2038 825 2075 erga
845 2032 1009 2064 vestram
1032 2027 1164 2065 urbem
1187 2041 1226 2064 se
1245 2026 1341 2065 tales
1360 2028 1622 2078 praebuerunt,

154 2093 194 2124 et
214 2086 303 2124 olim
327 2094 446 2124 totam
464 2086 656 2124 Graeciam
678 2088 946 2138 prodiderunt,
962 2090 1111 2126 veniam
1135 2096 1263 2127 tamen
1286 2089 1384 2127 adeo
1398 2090 1624 2128 voluntariis

152 2155 191 2187 et
216 2149 331 2186 tantis
362 2148 506 2200 injuriis
534 2148 801 2199 impetrarunt,
829 2148 866 2185 hi
894 2149 1003 2187 nobis
1035 2163 1164 2188 eorum
1187 2164 1275 2200 quae
1301 2151 1430 2189 coacti
1460 2151 1622 2189 fecimus

154 2210 299 2248 nullam
322 2210 485 2261 gratiam
506 2209 727 2247 faciendam
748 2218 925 2257 censent,
942 2211 1027 2256 sed,
1050 2224 1168 2262 quum
1190 2211 1365 2250 Thebani
1389 2212 1478 2258 sint,
1500 2213 1625 2251 Laco-

152 2286 245 2310 num
266 2272 438 2310 studium
458 2271 537 2309 aliis
565 2271 732 2323 objicere
761 2284 838 2310 non
861 2272 1055 2316 dubitant,
1080 2286 1177 2324 quos
1210 2287 1344 2311 omnes
1373 2275 1516 2312 scimus
1538 2275 1624 2313 diu-

156 2334 305 2372 tissime
336 2333 641 2371 Lacedaemoniis
678 2332 839 2371 servisse
869 2339 909 2372 et
935 2347 1005 2385 pro
1037 2334 1189 2372 illorum
1219 2335 1378 2386 imperio
1408 2336 1624 2387 promptius

153 2409 271 2447 quam
304 2395 352 2434 de
385 2408 457 2433 sua
489 2396 613 2434 salute
647 2395 868 2433 dimicasse.
937 2396 1011 2433 Cui
1040 2397 1142 2434 enim
1178 2397 1422 2449 impressioni
1454 2398 1554 2436 hanc
1585 2398 1625 2436 in

154 2457 352 2509 regionem
382 2457 498 2494 factae
519 2469 595 2494 non
616 2455 903 2495 interfuerunt?
945 2457 1022 2502 Qui
1041 2458 1150 2496 vobis
1180 2466 1366 2509 perpetuo
1393 2458 1626 2498 inimiciores

155 2525 196 2557 et
214 2519 433 2557 infestiores
453 2531 568 2569 quarn
591 2517 654 2556 isti
675 2517 860 2556 fuerunt?
901 2519 1043 2557 Nonne
1065 2519 1102 2557 in
1125 2520 1310 2558 Decelico
1330 2519 1433 2558 bello
1450 2533 1517 2558 vos
1537 2533 1626 2571 gra-

155 2581 238 2619 vius
267 2580 490 2618 afflixerunt
519 2592 636 2630 quam
663 2579 686 2617 ii
717 2579 781 2631 qui
814 2586 963 2618 vestros
995 2580 1092 2618 fines
1124 2580 1443 2632 populabantur?
1486 2581 1628 2621 Nonne

158 2656 278 2694 quum
299 2643 449 2681 cladem
471 2641 735 2693 accepissetis,
763 2642 832 2680 soli
854 2655 875 2680 e
896 2642 1010 2680 sociis
1031 2643 1286 2681 decreverunt
1305 2650 1472 2681 vestram
1492 2646 1626 2683 urbem

159 2712 200 2744 et
215 2705 464 2744 evertendam
483 2718 569 2743 esse
585 2711 624 2742 et
640 2717 774 2756 agrum
794 2705 830 2742 in
849 2705 974 2743 ovium
990 2717 1134 2756 pascua
1152 2705 1473 2751 convertendum,
1494 2720 1629 2757 quem-

161 2768 370 2806 admodum
405 2768 592 2807 Crisaeum
628 2767 838 2819 campum?
882 2768 1019 2818 Itaque
1053 2767 1084 2804 si
1120 2767 1404 2806 Lacedaemonii
1433 2769 1630 2808 Thebanis

160 2829 460 2874 auscultassent,
484 2829 576 2867 nihil
606 2829 824 2867 obstitisset
849 2828 1056 2879 quominus
1088 2841 1171 2873 vos,
1201 2829 1266 2878 qui
1297 2828 1461 2868 Graecos
1494 2844 1629 2870 omnes

162 2890 437 2936 conservastis,
452 2891 523 2942 ipsi
544 2904 567 2929 a
583 2891 733 2930 Graecis
753 2891 877 2942 patria
896 2897 935 2928 et
955 2890 1130 2928 libertate
1152 2892 1412 2942 spoliaremini
1434 2900 1471 2931 et
1490 2894 1526 2930 in
1550 2907 1631 2932 ma-

162 2952 284 2990 ximas
303 2952 542 2991 calamitates
564 2952 798 2992 incideretis.
855 2952 973 2994 Quod
992 2965 1083 2991 vero
1103 2960 1252 2992 tantum
1273 2955 1503 2995 beneficium
1522 2969 1627 2994 com-

858 3017 880 3050 ‘2
904 3028 925 3051 c
