1870 3277
608 159 831 197 CONTRA
862 158 1173 197 SOPHISTAS.
1554 157 1628 194 189

163 276 226 302 mo
246 262 435 301 vocabulo
461 262 640 309 delect0;
669 263 708 302 id
735 263 841 314 quod
873 261 1025 301 invidos
1054 274 1188 301 eorum
1215 262 1343 313 potius
1374 273 1492 313 quam
1509 260 1627 313 hujus

162 324 346 362 doctrinae
366 323 561 375 principes
592 325 721 363 facere
754 323 963 370 decuisset,
993 322 1210 374 praesertim
1238 336 1358 373 quum
1385 336 1431 361 ea
1449 335 1537 373 quae
1557 322 1628 361 do-

162 385 284 423 ctrina
302 385 577 436 comprehendi
597 392 764 436 possunt
782 384 820 422 in
840 384 907 422 illa
925 397 980 431 re,
1000 383 1121 421 nihilo
1141 383 1229 434 plus
1257 383 1307 421 ad
1332 384 1505 422 forenses
1533 395 1628 422 con-

163 445 369 483 troversias
407 458 525 496 quam
559 445 609 484 ad
642 452 786 483 caetera
823 456 967 495 genera
1004 444 1222 482 orationum
1259 443 1435 482 conferre
1472 450 1630 494 queant.

164 506 293 544 Tanto
315 513 443 545 autem
464 513 554 545 sunt
573 506 784 544 deteriores
816 505 859 543 iis
892 505 959 556 qui
986 504 1025 542 in
1058 504 1373 543 contentionibus
1393 503 1630 551 volutantur,

163 568 270 618 quod
288 567 341 613 hi,
370 581 488 618 quum
510 567 605 606 tales
625 566 886 606 oratiunculas
906 565 1084 612 recitent,
1106 566 1244 617 quibus
1269 565 1301 604 si
1331 565 1417 616 quis
1446 564 1485 602 in
1513 565 1629 603 rebus

163 628 341 679 gerendis
372 628 563 666 insisteret
596 628 725 666 statim
753 628 791 665 in
823 628 1001 666 omnibus
1032 634 1134 665 esset
1167 626 1463 679 improbandus,
1499 632 1630 664 tamen

162 691 341 728 virtutem
361 697 399 727 et
418 688 711 739 temperantiam
731 689 776 727 iis
797 688 984 727 contineri
1003 689 1255 740 profitentur:
1279 688 1332 725 illi
1352 694 1494 734 autem,
1509 699 1630 738 quum

164 751 214 788 ad
245 750 427 800 gerendae
454 749 677 800 reipublicae
707 749 923 788 doctrinam
954 750 1243 801 percipiendam
1276 749 1542 795 adhortentur,
1563 761 1632 787 ne-

164 811 302 862 glectis
334 811 417 848 aliis
451 824 540 861 quae
571 811 610 847 in
636 824 681 848 ea
711 825 751 849 re
783 811 916 849 insunt
946 810 1300 856 commoditatibus,
1327 811 1560 849 curiositatis
1592 816 1632 848 et

162 872 331 911 avaritiae
352 885 393 910 se
414 872 595 910 doctores
616 871 816 910 nominare
837 885 913 910 non
935 872 1130 910 dubitant.
1179 872 1287 910 Licet
1305 872 1343 917 ii,
1365 872 1429 922 qui
1444 871 1632 910 doctrinae

161 933 271 972 istius
290 933 493 984 praeceptis
512 934 838 984 obtemperarent,
854 934 1006 972 facilius
1025 934 1202 972 fortassis
1215 934 1263 972 ad
1279 933 1501 985 aequitatem
1515 946 1633 984 quam

164 994 213 1033 ad
243 993 505 1044 eloquentiam
535 1001 778 1032 acuerentur.
837 995 975 1043 Neque
998 1008 1057 1032 me
1087 995 1294 1044 quisquam
1322 995 1360 1033 in
1382 1008 1428 1033 ea
1452 995 1632 1046 opinione

163 1068 251 1093 esse
288 1061 412 1105 putet,
446 1055 556 1105 quasi
587 1054 779 1102 justitiam
810 1066 927 1105 posse
964 1053 1095 1092 doceri
1131 1054 1320 1092 sentiam:
1351 1055 1498 1093 nullam
1529 1055 1631 1093 enim

163 1129 316 1167 prorsus
335 1116 452 1154 talem
473 1122 594 1153 artem
626 1129 713 1154 esse
743 1122 853 1166 puto,
882 1128 970 1166 quae
999 1115 1166 1166 ingeniis
1186 1116 1366 1154 virtutem
1400 1129 1478 1154 non
1509 1130 1630 1168 appo-

162 1178 244 1216 sitis
263 1178 324 1215 vel
345 1177 638 1228 temperantiam
659 1177 927 1228 veljustitiam
947 1176 1115 1221 inserat;
1148 1177 1217 1215 sed
1240 1183 1368 1216 tamen
1387 1177 1626 1228 aptissimam

163 1252 250 1277 esse
268 1245 362 1291 puto
392 1238 626 1289 eloquentiae
661 1238 908 1290 disciplinam
941 1238 992 1277 ad
1020 1238 1327 1277 cohortationem
1359 1239 1557 1292 quandam
1592 1247 1632 1278 et

162 1300 478 1338 exercitationem
494 1300 659 1338 virtutis.

222 1362 283 1398 12.
307 1360 367 1398 Ne
385 1373 473 1399 vero
493 1368 532 1398 et
558 1360 720 1399 aliorum
745 1360 1045 1412 pollicitationes
1065 1359 1226 1407 diluere,
1242 1360 1381 1412 etipse
1406 1373 1486 1398 rem
1514 1374 1632 1412 supra

163 1421 323 1460 modurn
342 1434 580 1473 exaggerare
600 1420 746 1470 videar,
766 1421 914 1469 desino,
931 1429 970 1461 et
989 1422 1074 1460 haec
1093 1435 1154 1460 me
1174 1421 1258 1460 aliis
1279 1422 1395 1460 etiam
1415 1421 1525 1460 facile
1540 1435 1630 1474 pro·

163 1486 342 1524 baturum
358 1484 526 1531 confido,
541 1485 589 1523 iis
612 1485 850 1537 argumentis
870 1491 910 1525 et
927 1484 1141 1524 rationibus
1169 1497 1257 1536 quae
1276 1497 1337 1523 me
1358 1483 1397 1523 in
1416 1483 1518 1524 hanc
1538 1496 1629 1523 sen-

164 1547 325 1585 tentiam
343 1545 600 1586 adduxerunt.
