1870 3277
660 193 1142 232 PANATHENAICUS.
1563 198 1636 235 179

171 297 528 350 gratificareris
566 304 612 336 et
649 297 838 337 laudern
879 298 1006 349 apud
1045 311 1126 338 eos
1161 299 1406 340 invenires
1439 302 1519 354 qui
1551 315 1635 341 vos

169 359 515 399 benevolentia
544 365 919 412 prosequuntur.

222 421 372 460 94.1n
408 421 504 460 isto
534 422 685 473 igitur
714 421 972 472 proposito
1001 421 1250 473 cogitasti,
1285 423 1324 460 si
1356 423 1413 461 de
1449 437 1501 462 ea
1531 424 1637 463 sola

167 483 314 522 verba
339 483 529 522 faceres
552 489 598 521 et
625 482 849 521 fabulosa
872 482 961 521 illa
991 482 1183 522 diceres
1210 497 1311 536 quoe
1342 486 1560 524 omnibus
1589 485 1637 523 in

127 536 133 538 „
167 557 248 584 ore
281 552 405 592 sunt,
434 544 664 596 quicquid
695 544 943 583 diceretur
974 545 1136 585 simile
1167 547 1319 584 visum
1352 545 1409 584 iri
1442 546 1501 585 iis
1535 559 1636 598 quae

168 607 223 645 ab
242 606 358 645 aliis
387 607 570 658 scripta
600 614 778 652 essent,
809 606 855 644 id
885 607 1011 658 quod
1034 614 1083 645 tu
1105 608 1193 646 tibi
1224 607 1556 659 turpissimum
1591 615 1638 647 et

167 668 563 706 molestissimum
588 679 695 706 esse
723 668 957 707 duceres:
998 668 1068 706 sin
1098 669 1171 707 his
1203 669 1395 707 omissis
1429 681 1482 707 ea
1508 668 1639 707 facta

167 732 401 769 recitares
427 743 530 782 quae
551 730 868 769 confessione
895 730 1101 769 omnium
1121 743 1234 769 vera
1256 738 1370 769 sunt
1388 736 1436 768 et
1456 730 1635 768 Graeeis

166 792 418 842 plurimum
455 793 763 843 profuerunt,
799 800 844 831 et
878 791 965 830 illa
997 805 1099 830 cum
1132 792 1274 830 rebus
1310 792 1462 843 gestis
1496 792 1637 830 Lace-

166 853 507 892 daemoniorum
539 854 806 900 conferres,
832 861 879 892 et
904 857 1135 902 majorum
1164 860 1434 892 vestrorum
1466 853 1636 892 laudes

165 928 266 953 cum
286 915 481 954 illorum
503 916 868 967 vituperatione
897 916 1234 967 conjungeres,
1255 922 1349 954 tum
1369 915 1636 954 orationem

165 976 420 1015 clariorem
442 976 592 1015 visum
619 977 675 1014 iri
703 977 1033 1024 audientibus,
1054 985 1151 1016 tum
1180 978 1228 1016 in
1255 977 1427 1017 iisdem
1448 984 1493 1016 te
1514 990 1638 1016 man-

166 1051 341 1085 surum,
376 1039 503 1090 quod
541 1039 708 1090 majori
746 1039 1037 1091 quibusdam
1077 1040 1385 1080 admirationi
1422 1041 1637 1079 futurum

165 1106 314 1148 esset,
346 1113 480 1151 quam
502 1113 553 1139 ea
585 1114 688 1152 quae
717 1100 829 1139 aliis
861 1101 1047 1153 scripta
1075 1109 1253 1141 essent.
1311 1102 1459 1141 Initio
1489 1102 1640 1154 igitur

167 1161 350 1201 videris
381 1163 448 1201 ita
479 1162 785 1213 disposuisse
819 1169 864 1201 et
898 1163 1202 1203 deliberasse
1233 1164 1289 1203 de
1319 1165 1475 1203 rebus.

219 1224 286 1262 95.
318 1223 469 1268 Quum
516 1230 673 1262 autem
721 1224 872 1263 scires
921 1231 965 1263 te
1005 1225 1350 1276 Spartanorum
1395 1226 1638 1264 constitu-

165 1285 344 1326 tionem
376 1287 442 1326 ita
470 1286 703 1325 laudasse
736 1294 785 1325 ut
818 1300 952 1326 nemo
989 1288 1112 1326 alius
1144 1289 1278 1334 fecit,
1313 1289 1544 1328 metuisse
1582 1303 1639 1327 ne

165 1347 413 1387 auditores
451 1348 509 1385 iis
547 1354 591 1386 te
628 1347 825 1386 similem
864 1361 973 1386 esse
1011 1349 1248 1388 ducerent
1286 1350 1365 1400 qui
1404 1350 1639 1401 quiequid

166 1408 213 1446 in
250 1410 448 1448 buccam
486 1410 677 1447 venerit
715 1409 951 1447 effutiunt
989 1423 1042 1448 ac
1079 1423 1164 1448 eos
1202 1410 1484 1461 vituperare
1520 1425 1639 1462 quos

165 1472 296 1523 prius
324 1472 454 1510 ultra
479 1477 682 1510 caeteros
711 1470 932 1509 laudibus
959 1472 1257 1516 extulisses;
1287 1472 1387 1511 haec
1418 1473 1640 1524 cogitans

164 1533 488 1573 considerasti
525 1533 755 1584 quidnam
794 1533 851 1571 de
884 1534 1106 1585 utrisque
1139 1534 1397 1573 dicendum
1433 1542 1563 1573 esset
1593 1543 1643 1574 ut

165 1601 214 1633 et
247 1608 358 1634 vera
390 1595 579 1634 diceres
615 1594 669 1632 de
702 1595 944 1641 ambobus,
979 1601 1025 1633 et
1059 1602 1167 1634 tuos
1206 1596 1410 1647 majores
1443 1596 1642 1636 laudare

166 1657 408 1695 arbitratu
446 1663 526 1695 tuo
565 1668 749 1707 posses,
791 1663 837 1695 et
876 1656 1143 1708 Spartanos
1182 1657 1242 1694 iis
1282 1657 1454 1708 quibus
1497 1658 1642 1697 invisi

167 1726 279 1756 sunt
306 1731 536 1757 accusare
561 1718 813 1764 videreris,
833 1718 960 1769 quod
988 1719 1175 1758 minime
1199 1719 1388 1758 faceres
1417 1719 1500 1758 sed
1520 1721 1640 1759 clam

166 1786 216 1819 et
263 1781 466 1819 obscure
514 1780 890 1819 commendares:
940 1780 1063 1819 talia
1099 1781 1205 1819 dum
1250 1781 1539 1832 inquireres,
1578 1783 1642 1822 fa-

167 1841 261 1880 cile
286 1842 511 1893 reperisti
541 1842 765 1893 ambigua
797 1841 933 1880 dicta
964 1855 1066 1892 quae
1097 1842 1253 1880 nihilo
1285 1843 1394 1893 plus
1417 1855 1518 1881 cum
1548 1844 1642 1883 lau-

167 1903 398 1942 dantibus
442 1917 580 1955 quam
617 1917 719 1942 cum
763 1903 1159 1955 vituperantibus
1202 1904 1433 1952 facerent,
1472 1906 1556 1944 sed
1594 1907 1642 1945 in

167 1972 419 2017 utramque
448 1971 632 2017 partem
667 1965 807 2003 flecti
839 1978 891 2003 ac
913 1965 1088 2004 multas
1115 1965 1368 2005 admittere
1397 1967 1641 2020 discepta-

169 2027 331 2065 tiones
373 2033 602 2078 possent3
648 2026 874 2077 qualibus
912 2026 994 2072 uti,
1034 2027 1073 2065 si
1115 2027 1170 2064 de
1217 2028 1557 2068 contractibus
1597 2037 1642 2069 et

166 2088 506 2127 emolumentis
543 2089 588 2126 in
626 2088 729 2127 foro
766 2088 950 2139 litiges,
981 2095 1117 2140 turpe
1148 2089 1210 2126 sit
1238 2096 1284 2128 et
1321 2102 1537 2141 magnum
1582 2092 1642 2131 si·

167 2163 308 2201 gnum
335 2149 680 2201 improbitatis,
701 2163 843 2201 quum
865 2157 1024 2188 autem
1046 2150 1101 2189 de
1123 2157 1298 2190 natura
1321 2152 1560 2191 hominum
1581 2167 1643 2193 re-

167 2211 351 2262 busque
388 2210 640 2261 praeclaris
678 2219 723 2249 et
761 2212 815 2250 ab
849 2211 1124 2250 eruditione
1156 2226 1246 2252 non
1278 2213 1459 2253 alienis
1489 2215 1640 2255 disse-

166 2273 299 2320 ritur,
330 2273 614 2324 praestantis
648 2273 833 2325 ingenii
859 2280 1206 2325 argumentum.
1264 2276 1415 2327 Cujus
1447 2279 1641 2328 generis

165 2341 243 2373 est
271 2334 368 2373 ista
397 2348 534 2386 quam
563 2334 834 2373 audivimus
865 2336 1043 2375 oratio:
1073 2350 1165 2388 qua
1194 2344 1302 2377 tuos
1331 2339 1536 2390 majores
1563 2353 1640 2392 pa-

168 2397 237 2436 cis
264 2396 432 2436 fecisti
470 2397 718 2436 studiosos
746 2403 792 2435 et
823 2396 1097 2437 Graecorum
1128 2406 1343 2438 amantes
1372 2407 1419 2438 et
1450 2402 1645 2452 aequali-

167 2459 286 2498 tatis
306 2458 354 2497 in
382 2459 523 2498 rebus
543 2458 758 2511 publicis
779 2458 942 2505 duces,
964 2460 1233 2510 Spartanos
1264 2474 1376 2500 vero
1406 2464 1643 2513 superbos

168 2525 217 2558 et
254 2520 536 2567 bellicosos,
570 2526 617 2559 et
652 2520 831 2572 primas
870 2520 1047 2572 ubique
1081 2522 1173 2560 sibi
1205 2522 1539 2572 vendicantes,
1571 2538 1644 2564 cu-

161 2582 376 2634 jusmodi
412 2595 577 2621 omnes
615 2595 695 2621 eos
735 2595 841 2621 esse
875 2583 1176 2622 existimant.

227 2646 295 2686 96.
323 2645 522 2684 Talibus
543 2645 697 2697 igitur
717 2645 932 2697 ingeniis
953 2658 1092 2696 quum
1114 2645 1307 2695 utrique
1329 2646 1439 2693 sint,
1461 2646 1644 2688 alteros

170 2707 225 2749 ab
262 2707 483 2745 omnibus
517 2707 705 2746 laudari
741 2714 786 2745 et
816 2707 972 2746 videri
1010 2707 1127 2745 bene
1162 2706 1289 2744 velle
1328 2707 1644 2757 multitudini,

171 2769 344 2809 alteris
381 2770 559 2809 multos
600 2770 817 2808 invidere
856 2778 900 2808 et
930 2769 1151 2807 infensos
1199 2781 1319 2814 esse,
1350 2783 1435 2808 nec
1474 2771 1644 2811 deesse

171 2838 327 2870 tamen
365 2832 443 2883 qui
483 2845 564 2871 eos
603 2831 804 2870 laudent
841 2838 886 2870 et
925 2830 1156 2868 mirentur
1187 2842 1240 2869 ac
1276 2830 1432 2870 dicere
1480 2835 1643 2872 ausint

171 2893 433 2944 majoribus
460 2894 598 2932 bonis
638 2906 719 2932 eos
752 2907 856 2931 esse
891 2892 1125 2943 praeditos
1157 2904 1291 2942 quani
1327 2893 1425 2931 sint
1456 2908 1510 2933 ea
1543 2910 1643 2947 quoe

173 2954 439 3005 majoribus
465 2955 557 2993 tuis
585 2955 775 2994 insunt:
809 2967 911 2992 nam
944 2961 988 2991 et
1021 2954 1294 3005 superbiam
1325 2968 1347 2992 a
1379 2957 1642 3006 majestate.
