1870 3277
880 494 1101 547 ISJEI

434 642 535 691 DE
589 643 929 691 HAGNIAE
983 641 1543 690 HEREDITATE.

755 849 1224 888 ARGUMENTUM.

314 944 455 986 Hagnias
470 945 596 985 quidam
612 944 716 975 affines
733 944 841 974 multos
854 944 1000 979 habebat,
1011 944 1243 985 Theopompum
1261 949 1293 975 et
1307 944 1429 975 fratrem
1445 944 1510 985 ejus
1526 945 1706 975 Stratoclem

271 1002 302 1027 et
318 996 458 1026 Stratium
475 1001 508 1026 et
530 996 729 1031 Eubulidem,
752 995 802 1026 hic
819 995 884 1035 jani
908 995 1065 1025 moriturus
1087 995 1144 1025 sibi
1167 995 1258 1025 filiam
1283 995 1453 1036 adoptavit,
1478 996 1509 1025 in
1527 1001 1708 1026 testamento

271 1047 428 1081 mandans,
452 1046 475 1076 si
498 1046 572 1086 quid
596 1046 768 1075 humanitus
792 1045 860 1075 filiae
882 1045 1046 1080 accideret,
1069 1050 1105 1075 ut
1125 1045 1281 1075 hereditas
1302 1046 1341 1075 ad
1359 1045 1563 1081 Giauconem,
1588 1046 1708 1076 fratrem

268 1107 357 1127 suum
374 1107 411 1127 ex
428 1102 521 1127 matre
536 1096 685 1127 transiret.
730 1094 846 1126 Postea
860 1106 896 1126 eo
914 1102 1042 1132 mortuo,
1057 1096 1118 1126 filia
1133 1102 1291 1136 postquam
1306 1096 1510 1127 hereditatem
1527 1098 1710 1137 accepisset,

264 1149 350 1179 obiit.
395 1150 521 1179 Mortuo
540 1154 570 1179 et
590 1148 758 1183 Eubuiide,
781 1147 917 1188 ejusdem
943 1147 1106 1178 Eubulidis
1131 1147 1191 1177 filia
1210 1147 1278 1188 jure
1308 1157 1376 1177 cum
1402 1147 1563 1178 Glaucone
1590 1153 1708 1178 certans

266 1200 462 1230 facultatibus
479 1199 576 1240 potita
591 1204 646 1230 est.
691 1198 804 1229 Postea
820 1203 939 1228 mortuo
957 1198 1105 1228 Stratocle
1125 1202 1155 1228 et
1175 1198 1285 1228 stratio
1310 1198 1389 1228 solus
1405 1198 1624 1240 Theopompus
1641 1209 1708 1230 cum

267 1252 319 1282 ina
336 1251 418 1283 litem
435 1251 508 1292 egit,
524 1256 554 1282 et
571 1250 771 1281 hereditatem
786 1255 967 1280 consecutus
983 1254 1040 1280 est.
1084 1249 1162 1280 Cum
1177 1249 1229 1279 illo
1244 1249 1400 1280 Stratoclis
1415 1250 1514 1280 fratris
1530 1250 1608 1280 filius
1625 1250 1707 1280 litem

268 1303 385 1339 habuit,
402 1314 468 1333 cum
486 1313 523 1332 eo
541 1302 670 1333 vicissim
686 1302 845 1343 cujusdam
863 1301 970 1331 tutoris
985 1301 1074 1337 filius,
1091 1301 1197 1332 dicens
1216 1302 1419 1332 hereditatem
1436 1302 1596 1343 aequaliter
1611 1302 1711 1333 dividi

266 1355 345 1385 inter
359 1355 598 1395 Theopompum
615 1358 645 1384 et
660 1353 755 1384 filium
770 1352 869 1383 fratris
884 1352 947 1393 ejus
963 1353 1138 1383 convenire.
1183 1353 1284 1384 Status
1298 1363 1398 1384 causae
1412 1354 1585 1394 negotialis.

336 1441 367 1478 1.
399 1439 539 1476 Lases
577 1438 663 1476 ideo
702 1436 869 1481 recitavi,
905 1436 1072 1487 judices,
1110 1435 1289 1486 quoniam
1327 1436 1601 1487 [adversarius]
1642 1449 1708 1488 per

266 1501 426 1553 primam
464 1512 592 1538 earum
623 1505 818 1536 asseverat
845 1510 963 1548 puero
992 1497 1211 1548 [Stratoclis
1241 1498 1336 1546 filio]
1365 1498 1559 1536 semissem
1589 1499 1707 1536 bono-

265 1576 347 1601 rum
387 1563 434 1600 ab
469 1560 626 1611 Hagnia
660 1559 879 1597 relictorum
917 1565 1147 1609 competere,
1180 1559 1220 1596 i-n
1257 1571 1334 1609 quo
1370 1559 1565 1596 veritatem
1601 1558 1706 1597 haud

264 1625 381 1662 habet
409 1623 478 1661 sibi
507 1622 822 1660 consentientem.
881 1620 1055 1671 Hagnias
1081 1621 1181 1657 enim
1210 1621 1326 1658 frater
1356 1621 1466 1658 nobis
1499 1633 1572 1658 non
1603 1627 1705 1665 erat;

263 1687 327 1724 lex
355 1693 482 1724 autem
510 1684 587 1730 illa,
617 1696 705 1734 quae
731 1683 780 1721 de
807 1682 917 1720 bonis
946 1696 968 1720 a
994 1683 1108 1720 fratre
1136 1682 1276 1720 relictis
1302 1682 1512 1726 constituit,
1543 1682 1706 1732 primum

261 1749 337 1786 illis
369 1747 554 1786 fratribus·
582 1753 697 1796 atque
730 1745 887 1782 fratrum
924 1743 1051 1782 liberis
1089 1743 1282 1795 adjudicat
1317 1744 1430 1789 bona,
1467 1744 1531 1794 qui
1568 1744 1704 1782 fratres

265 1810 312 1848 ab
337 1809 473 1847 eodem
501 1815 606 1859 patre
632 1806 817 1859 procreati
847 1806 922 1843 sint
948 1812 1062 1856 atque
1085 1805 1310 1843 defunctus:
1347 1805 1408 1843 hic
1436 1806 1535 1843 enim
1561 1806 1705 1857 primus

261 1877 320 1909 est
357 1877 471 1920 atque
505 1868 707 1921 proximus
738 1867 1084 1918 consanguinitatis
1123 1881 1144 1904 a
1181 1866 1364 1904 defuncto
1402 1866 1559 1917 gradus.
1635 1867 1701 1905 Sin

263 1939 398 1971 autem
419 1943 549 1982 neque,
576 1930 711 1968 fratres
741 1929 870 1967 adsint
895 1941 1018 1979 neque
1045 1928 1207 1966 fratrum
1234 1928 1353 1973 liberi,
1377 1928 1437 1965 lex
1463 1940 1613 1966 sorores
1637 1941 1702 1967 eas

260 2007 469 2045 earumque
486 1993 629 2031 liberos
655 1991 705 2029 ad
730 1991 980 2028 hereditatem
1010 1990 1226 2028 adeundam
1247 1990 1416 2034 arcessit,
1439 1990 1577 2040 quibus
1597 2003 1701 2028 soro-

261 2057 364 2094 ribus
383 2055 484 2093 idem
505 2061 613 2106 pater
630 2065 718 2091 cum
738 2052 923 2090 defuncto
942 2052 1055 2089 fuerit
1074 2051 1299 2089 eommunis.
1348 2050 1622 2089 Deficientibus
1643 2051 1701 2089 his

260 2130 428 2168 quoque,
450 2123 529 2154 tum
550 2115 704 2153 demum
731 2114 792 2152 lex
819 2115 927 2152 tertio
949 2113 1081 2164 gradui
1103 2112 1444 2164 consanguinitatis
1466 2113 1596 2152 tribuit
1616 2127 1700 2165 pro-

260 2178 468 2216 ximitatem
490 2176 545 2228 [h.
559 2189 594 2214 e.
618 2180 682 2225 jus
702 2176 738 2213 in
758 2176 850 2227 jura
869 2184 908 2213 et
925 2177 1027 2214 bona
1047 2175 1216 2213 defuncti
1236 2188 1282 2213 ex
1301 2175 1410 2213 titulo
1429 2178 1702 2227 consanguini-

260 2239 350 2278 tatis
379 2237 644 2286 succedendi]‚
671 2237 912 2276 consobrinis
943 2243 1038 2288 puta
1067 2250 1113 2275 ex
1147 2243 1252 2288 parte
1284 2236 1397 2288 patris
1428 2237 1489 2288 [hr
1509 2251 1543 2275 e.
1573 2238 1701 2277 liberis

261 2314 392 2340 eorum
416 2307 580 2352 patrum,
601 2299 666 2350 qui
691 2306 818 2350 patres
844 2299 983 2338 fuerint
1010 2301 1146 2338 fratres
1173 2300 1273 2337 iliius
1300 2300 1432 2351 patriS,
1463 2314 1485 2338 a
1510 2314 1586 2351 quo
1613 2315 1699 2353 pro·
1728 2315 1731 2319 ’

260 2369 411 2401 creatus
426 2362 500 2400 fuit
519 2361 741 2406 defunctus,
766 2360 875 2411 cujus
903 2360 1095 2399 hereditas
1114 2368 1277 2399 vacuata
1295 2361 1371 2410 est]
1393 2368 1431 2399 et
1451 2361 1584 2400 horum
1605 2376 1697 2402 con·

258 2423 496 2462 sobrinorum
522 2422 664 2469 liberis,
693 2434 768 2459 non
798 2421 970 2459 ulterius.
1037 2423 1105 2459 Sin
1133 2430 1259 2460 autem
1287 2422 1348 2460 hic
1376 2436 1528 2475 quoque
1557 2425 1698 2474 gradus

259 2484 604 2536 consanguinitatis
636 2483 855 2527 defecerint,
884 2496 1012 2520 rursus
1043 2483 1138 2521 redit
1166 2483 1363 2534 legislator
1394 2485 1442 2522 ad
1472 2485 1696 2536 principium

258 2548 422 2600 generis,
436 2554 475 2586 et
491 2547 648 2585 arbitros
667 2547 854 2583 bonorum
872 2544 1090 2583 relictorum
1110 2546 1204 2583 facit
1222 2546 1392 2584 defuncti
1411 2546 1658 2585 consobrinos
1675 2560 1698 2585 a

258 2616 363 2660 parte
383 2615 568 2653 materna,
592 2608 726 2646 eodem
747 2605 876 2644 ordine
896 2619 1008 2657 quem
1029 2606 1144 2643 modo
1163 2607 1201 2644 in
1220 2607 1514 2657 consanguineis
1533 2610 1697 2658 paternis

258 2670 445 2714 recensui,
467 2676 508 2707 ut
533 2668 677 2707 scilicet
702 2667 861 2706 heredes
883 2667 1051 2705 defuncti
1077 2668 1171 2705 fiant
1197 2668 1332 2706 fratres
1352 2681 1439 2706 cum
1460 2668 1597 2716 liberis,
1616 2677 1695 2708 tum

257 2744 402 2769 sorores
420 2743 507 2768 cum
527 2729 666 2775 liberis,
687 2730 751 2780 qui
770 2729 905 2767 fratres
923 2736 962 2766 et
979 2742 1064 2779 quae
1084 2741 1232 2767 sorores
1253 2729 1384 2767 eadem
1404 2730 1558 2781 quidem
1575 2739 1696 2770 matre

257 2806 387 2832 verum
408 2793 557 2830 diverso
577 2799 682 2844 patre
702 2792 866 2830 fuissent
884 2791 942 2829 usi
969 2803 1109 2836 usaeve,
1137 2797 1176 2828 et
1193 2791 1346 2829 tandem
1368 2792 1397 2828 si
1417 2792 1481 2842 qui
1500 2799 1538 2830 et
1558 2793 1588 2830 si
1607 2806 1694 2844 quae

257 2853 449 2907 supersint
468 2853 656 2905 ejusmodi
676 2853 807 2891 matris
834 2853 1017 2891 fratresve
1045 2865 1239 2891 sororesve
1267 2860 1333 2890 aut
1359 2865 1489 2891 eorum
1516 2866 1695 2893 earumve

256 2917 378 2955 liberi.
445 2915 756 2966 Propinquitates
786 2914 904 2954 ha'sce
934 2914 1036 2952 solas
1069 2913 1135 2953 dat
1166 2914 1364 2965 legislator
1393 2915 1449 2967 [h.
1468 2928 1501 2953 e.
1533 2916 1697 2955 admittit
