1870 3277
534 166 752 204 CONTRA
783 163 1210 202 DEMOSTHENEM.
1513 159 1590 195 433

156 281 178 305 a
199 267 342 318 populo
376 268 480 306 vobis
513 269 691 306 traditum
725 273 829 305 esset
862 266 910 302 de
937 277 983 302 eo
1009 277 1162 314 poenam
1185 275 1331 313 capere,
1361 261 1425 312 qui
1457 266 1590 298 contra

152 327 313 378 patriam
341 327 482 378 aliquid
515 329 676 379 accepit,
697 328 761 378 qui
788 325 939 363 violavit
965 332 1004 363 et
1028 324 1197 373 corrupit
1221 323 1322 360 urbis
1353 321 1588 365 felicitatem,

150 389 216 438 qui
241 389 317 426 suis
339 389 506 427 consiliis
525 389 649 427 effecit
669 395 710 426 ut
730 387 839 438 quasi
868 386 995 424 hostili
1021 385 1123 423 vallo
1138 385 1262 435 patria
1279 382 1591 427 circumdaretur,

151 462 264 499 quem
292 450 432 487 inimici
456 459 494 488 et
518 450 694 488 malevoli
726 447 854 498 patriae
879 447 1001 484 vivere
1029 446 1185 491 vellent,
1212 443 1325 482 exitio
1348 443 1428 480 fore
1456 442 1588 492 patriae

149 510 420 557 existimantes,
453 511 518 561 qui
544 523 633 548 vero
651 509 788 547 vestris
820 509 931 546 rebus
961 507 1175 545 consultum
1199 505 1345 549 volunt,
1377 510 1412 541 et
1441 510 1589 541 mutata

148 571 301 609 fortuna
325 579 480 623 sperant
504 584 565 609 res
592 570 750 609 civitatis
781 570 860 606 fore
887 568 1074 613 meliores,
1104 567 1300 619 persoluto
1328 565 1440 603 factis
1471 565 1587 615 digno

149 632 335 682 supplicio
353 631 543 682 perditum
575 630 745 681 cupiunt,
769 636 807 666 et
832 629 908 666 hoc
929 641 951 666 a
970 629 1042 666 diis
1071 627 1348 665 immortalibus
1375 626 1469 663 votis
1498 637 1588 662 exo-

150 698 283 742 ptant:
318 705 405 730 curn
435 693 572 742 quibus
606 704 678 741 ego
710 704 786 728 una
819 697 907 728 vota
939 691 1038 728 facio
1072 697 1116 727 ut
1150 689 1310 740 patriam
1347 694 1589 732 conservent,

148 765 263 803 quam
297 753 335 789 in
363 751 531 803 periculo
562 752 702 789 versari
731 751 843 789 video
876 751 1021 796 salutis,
1054 751 1227 795 liberum,
1254 762 1429 794 uxorum,
1461 746 1590 785 existi-

146 813 335 858 mationis,
351 814 537 851 bonorum
555 820 775 851 caeterorum
796 813 978 851 omnium.
1035 812 1138 855 Quid
1154 811 1253 848 enim
1269 811 1454 856 dicemus,
1471 809 1590 847 Athe-

149 874 315 920 nienses,
344 874 393 912 ad
410 888 475 912 eos
495 874 559 925 qui
579 875 842 920 circumstant,
870 873 1014 925 egressi
1040 872 1231 924 praetorio,
1255 871 1465 921 si—-quod
1494 870 1593 907 absit

148 935 318 974 ——istius
336 936 539 988 praestigiis
560 936 706 974 fueritis
732 935 916 987 decepti?
945 935 1081 986 quibus
1100 934 1263 985 quisque
1283 939 1450 971 vestrum
1469 932 1592 970 oculis

149 996 306 1035 domurn
340 1010 514 1036 reversus
549 998 692 1048 patrios
727 997 824 1034 lares
863 996 1018 1035 audebit
1051 996 1202 1041 intueri,
1235 996 1266 1032 si
1295 1001 1334 1033 et
1360 993 1590 1045 proditorem

149 1058 215 1107 qui
241 1058 383 1108 primus
411 1059 449 1096 in
486 1072 575 1097 suas
603 1059 705 1097 aedes
733 1059 860 1096 intulit
890 1071 1020 1097 aurum
1054 1071 1103 1095 ex
1136 1057 1353 1108 corruptela
1387 1063 1591 1106 acceptum

149 1118 402 1165 absolveritis,
436 1126 475 1157 et
502 1119 540 1157 id
573 1120 775 1158 concilium
804 1119 909 1171 quod
940 1119 1042 1171 apud
1071 1133 1203 1158 omnes
1232 1118 1412 1157 mortales
1447 1117 1592 1168 gravis-

149 1178 286 1217 simum
320 1180 481 1218 habetur
511 1181 604 1219 nihil
633 1181 711 1219 veri
741 1182 801 1219 vel
832 1181 1026 1232 exquirere
1055 1181 1113 1218 vel
1148 1180 1316 1218 invenire
1353 1177 1592 1216 statueritis?

149 1239 274 1283 Quam
294 1242 623 1293 vero—cogitate
642 1242 713 1293 ipsi
731 1243 928 1280 vobiscum
944 1264 996 1270 —
1010 1243 1124 1291 quam
1145 1255 1252 1292 spem
1267 1241 1431 1278 habituri
1445 1251 1591 1286 sumus,

149 1300 182 1337 si
208 1302 312 1351 quod
332 1302 540 1352 periculum
572 1303 728 1353 patriam
749 1303 938 1347 invaserit,
958 1303 1022 1340 ubi
1049 1316 1248 1340 munerum
1268 1308 1403 1341 contra
1431 1300 1590 1352 patriam

147 1363 451 1412 acceptationem
481 1370 602 1401 tutam
633 1364 810 1409 feceritis,
830 1364 867 1401 id
891 1377 980 1402 vero
1005 1364 1208 1401 concilium
1239 1364 1301 1400 cui
1330 1362 1463 1413 patriae
1486 1361 1591 1399 salus

147 1422 186 1459 in
210 1423 397 1473 ejusmodi
427 1424 604 1475 periculis
634 1425 882 1462 committitur
912 1425 1138 1462 auctoritate
1165 1422 1431 1475 privaveritis?
1487 1421 1592 1466 Quid

146 1496 511 1536 vero—ponamus
545 1486 644 1524 enim
673 1486 870 1524 haec-si
900 1499 948 1524 ex
979 1486 1136 1524 decreto
1162 1484 1436 1523 Demosthenis
1468 1483 1593 1521 missis

146 1545 285 1596 legatis
306 1547 526 1585 Alexander
545 1561 680 1586 aurum
705 1549 753 1585 ab
774 1547 944 1598 Harpalo
964 1546 1002 1584 in
1022 1554 1190 1584 nostram
1217 1547 1414 1598 regionem
1434 1545 1593 1584 allatum

146 1608 377 1657 repetiverit,
403 1615 442 1646 et
459 1615 596 1659 praeter
630 1609 774 1646 factum
800 1609 880 1660 jam
910 1615 1066 1646 senatus
1094 1607 1277 1646 indicium
1308 1620 1438 1645 servos
1457 1607 1506 1645 ad
1526 1618 1593 1644 vos

148 1669 293 1708 miserit
309 1671 374 1720 qui
398 1683 500 1708 nunc
520 1670 570 1708 ad
589 1684 673 1708 eum
694 1684 734 1708 se
755 1670 1013 1715 contulerunt,
1034 1677 1147 1720 atque
1174 1683 1219 1707 ex
1237 1669 1281 1707 iis
1309 1669 1511 1720 postularit
1525 1681 1592 1706 vos

149 1731 281 1770 audire
299 1731 521 1769 veritatem?
549 1731 642 1781 quid
656 1744 723 1782 per
737 1732 841 1769 Deos
856 1731 992 1768 dicturi
1013 1729 1172 1768 sumus?
1211 1729 1269 1767 Tu
1283 1730 1427 1767 bellum
1447 1729 1594 1767 scilicet

149 1791 347 1838 decernes,
368 1791 664 1836 Demosthenes,
685 1792 841 1842 quando
873 1791 1067 1842 superiora
1089 1804 1243 1841 quoque
1262 1791 1363 1829 bella
1384 1790 1452 1828 rite
1473 1790 1591 1828 admi-

148 1852 348 1890 nistrasti?
404 1853 540 1890 Utrum
558 1865 670 1902 porro
700 1852 846 1902 aequius
865 1860 937 1897 est,
964 1852 994 1889 si
1016 1852 1117 1889 idern
1149 1853 1297 1890 caeteris
1326 1851 1440 1889 etiam
1471 1850 1593 1889 Athe-

149 1913 344 1951 niensibus
363 1912 484 1950 visum
503 1913 630 1959 fuerit,
657 1927 728 1952 nos
758 1914 898 1951 habere
919 1921 1058 1964 praeter
1086 1921 1225 1951 caetera
1252 1914 1365 1951 etiam
1389 1913 1430 1951 id
1457 1926 1591 1951 aurum

149 1974 253 2025 quod
282 1986 400 2025 penes
425 1981 463 2011 te
492 1981 552 2011 est
581 1974 630 2012 ad
657 1974 813 2019 bellum,
833 1986 881 2011 an
911 1981 954 2011 ut
972 1974 1034 2011 alii
1062 1975 1110 2012 de
1142 1975 1220 2012 suis
1249 1976 1409 2025 quisque
1438 1987 1592 2025 posses-

150 2035 322 2074 sionibus
351 2036 533 2073 tributum
560 2036 775 2081 conferant,
802 2043 840 2072 et
873 2036 1057 2072 mundum
1087 2036 1311 2074 muliebrem
1341 2036 1522 2082 conflent,
1554 2042 1593 2073 et

150 2097 306 2149 poeula,
325 2105 362 2135 et
393 2096 522 2135 omnia
552 2104 695 2135 nostrae
722 2097 877 2135 ditionis
909 2096 1081 2143 donaria,
1101 2097 1139 2134 id
1172 2098 1276 2148 quod
1298 2104 1336 2136 te
1367 2099 1406 2135 in
1436 2098 1592 2135 decreto

147 2165 215 2197 tuo
233 2159 446 2210 positurum
474 2158 617 2203 aiebas,
637 2171 725 2196 cum
745 2159 824 2209 ipse
843 2159 890 2196 de
910 2159 1055 2196 aedibus
1076 2159 1113 2196 in
1135 2158 1281 2197 Piraeeo
1308 2165 1423 2209 atque
1442 2159 1479 2196 in
1499 2160 1592 2197 urbe

150 2220 223 2258 tuis
238 2220 515 2271 quinquaginta
534 2219 736 2258 drachmas
756 2220 963 2258 contuleris
979 2220 995 2257 ἲ
1024 2234 1110 2258 cum
1130 2221 1229 2258 enirn
1248 2221 1373 2272 priore
1392 2220 1591 2258 exactione

149 2287 298 2320 tantum
327 2281 570 2333 pependeris,
601 2280 736 2332 viginti
765 2282 911 2320 talenta
935 2282 1069 2320 habes.
1125 2284 1186 2320 An
1216 2295 1307 2321 vero
1335 2282 1480 2320 bellum
1513 2294 1591 2319 non

147 2343 347 2388 decernes,
368 2343 437 2381 sed
456 2355 506 2381 ex
527 2343 683 2381 decreto
700 2350 766 2380 tuo
783 2344 938 2382 allatum
955 2357 1089 2382 aurum
1101 2344 1323 2382 Alexandro
1350 2343 1459 2381 reddi
1477 2342 1589 2393 jube-

148 2404 235 2442 bis?
263 2417 355 2455 ergo
373 2416 442 2455 pro
461 2411 498 2443 te
518 2404 676 2442 reddere
706 2405 887 2456 populum
907 2406 1109 2457 oportebit.
1165 2406 1282 2456 Atqui
1306 2405 1371 2442 ubi
1399 2404 1502 2442 istud
1527 2404 1590 2455 ju'-

148 2472 250 2504 stum
269 2473 336 2503 aut
353 2478 506 2516 aequum
524 2473 591 2504 aut
609 2466 794 2517 populare
809 2473 881 2512 est,
901 2475 944 2506 ut
970 2468 994 2505 ii
1013 2469 1077 2518 qui
1096 2481 1193 2519 opus
1213 2468 1359 2506 faciunt
1376 2466 1590 2513 conferant,

148 2533 190 2565 tu
209 2526 363 2579 rapias?
390 2533 434 2565 ut
463 2527 525 2565 alii
555 2527 778 2566 manifestas
809 2541 902 2580 opes
932 2529 1154 2579 possideant
1179 2542 1275 2579 eque
1302 2528 1346 2566 iis
1377 2528 1590 2571 conferant,

150 2596 192 2626 tu
224 2602 314 2627 vero
343 2589 444 2627 ultra
480 2597 635 2627 centum
671 2589 951 2641 quinquaginta
984 2590 1140 2636 talenta,
1167 2591 1303 2641 partim
1337 2602 1386 2627 ex
1413 2588 1590 2634 Persicis,

152 2650 286 2701 partim
315 2663 362 2688 ex
391 2650 601 2689 Alexandri
622 2651 801 2702 negotiis,
828 2651 1037 2702 acceperis,
1065 2651 1157 2688 nihil
1183 2658 1310 2689 tamen
1341 2650 1528 2688 manifesti
1553 2651 1591 2688 in

152 2712 244 2749 urbe
264 2711 477 2761 possideas,
497 2712 566 2750 sed
596 2722 679 2750 tuas
699 2725 793 2764 opes
822 2726 844 2750 a
869 2713 1010 2763 populo
1034 2713 1236 2750 removeris
1258 2719 1299 2749 ut
1319 2712 1382 2761 qui
1401 2712 1499 2750 actis
1518 2712 1591 2750 tuis

153 2771 351 2810 diffidas?
386 2772 482 2809 Cum
510 2774 615 2824 leges
643 2781 682 2811 et
703 2774 841 2812 oratori
871 2780 910 2810 et
943 2773 1158 2825 imperatori
1188 2773 1352 2816 edicant,
1379 2773 1410 2810 si
1437 2772 1549 2810 fidem
1571 2786 1592 2811 a

153 2834 294 2885 populo
314 2833 443 2871 haberi
457 2834 526 2871 sibi
545 2834 649 2881 velit,
663 2842 706 2873 ut
724 2835 862 2873 liberos
883 2835 1082 2886 suscipiat,
1099 2841 1141 2872 ut
1157 2833 1319 2872 fundum
1339 2835 1438 2872 intra
1456 2834 1592 2872 limites

154 2893 366 2946 possideat,
387 2895 563 2932 omnibus
592 2897 710 2945 aequis
739 2895 958 2947 pignoribus
977 2895 1160 2946 depositis
1178 2895 1232 2933 sic
1252 2895 1404 2934 demum
1430 2906 1593 2945 proeesse

857 2959 877 2992 3
901 2969 926 2994 ιῑ
