1870 3277
842 596 917 647 II2

636 742 1110 790 PHILIPPO.

214 947 246 983 1.
278 946 486 987 EQ-UIDEM
508 945 588 983 scio
604 945 726 984 solere
747 945 930 995 gratiores
951 958 1034 983 esse
1047 945 1222 983 omnibus
1241 944 1458 984 laudatores
1481 959 1594 996 quam

156 1007 372 1053 monitores,
390 1006 598 1057 praesertim
618 1007 649 1044 si
666 1006 751 1057 quis
776 1006 1022 1057 praecipiendi
1053 1019 1190 1043 munus
1220 1018 1296 1044 non
1325 1014 1483 1057 rogatus
1513 1008 1593 1058 ipse

156 1067 256 1105 ultro
282 1068 475 1119 suscipiat.
532 1068 616 1119 Ego
635 1080 736 1113 vero,
757 1068 828 1105 nisi
852 1068 954 1118 prius
985 1068 1130 1119 optimo
1161 1068 1288 1106 studio
1309 1075 1344 1105 te
1363 1068 1596 1106 monuissem

159 1129 203 1165 iis
224 1128 272 1166 de
291 1129 418 1172 rebus,
439 1142 525 1180 quae
544 1128 654 1167 officii
680 1130 735 1166 tui
765 1142 851 1167 esse
869 1128 1032 1166 maxime
1051 1128 1292 1174 videbantur,
1311 1129 1474 1166 fortasse
1495 1141 1597 1166 nunc

158 1190 206 1228 de
231 1191 275 1227 iis
301 1204 387 1241 quae
407 1190 475 1228 tibi
496 1190 722 1228 acciderunt
746 1190 992 1241 pronuntiare
1013 1202 1089 1227 non
1107 1189 1358 1228 instituerem.
1413 1188 1490 1228 Sed
1509 1189 1599 1239 quia

157 1251 246 1289 mihi
274 1252 512 1303 propositum
532 1259 592 1290 est
612 1265 734 1290 rerum
754 1259 902 1290 tuarum
923 1265 1053 1303 gerere
1073 1265 1203 1290 curam
1231 1259 1310 1290 tum
1340 1252 1471 1303 patriae
1501 1265 1595 1290 meae

156 1319 236 1349 tum
262 1319 487 1351 caeterorum
521 1312 745 1350 Graecorum
778 1326 909 1357 causa,
935 1321 1046 1363 turpe
1078 1312 1167 1349 mihi
1194 1312 1387 1358 ducerem,
1405 1326 1521 1363 quum
1551 1313 1598 1350 de

155 1373 268 1410 rebus
288 1386 364 1411 non
391 1373 547 1425 perinde
577 1373 804 1412 necessariis
824 1373 1026 1410 consilium
1048 1373 1113 1410 tibi
1133 1372 1341 1419 dedissem,
1361 1386 1464 1411 nunc
1483 1373 1599 1424 longe

155 1435 370 1485 graviorum
390 1435 534 1473 nullam
555 1435 680 1473 facere
707 1435 938 1472 mentionem
958 1435 1075 1485 idque
1095 1447 1182 1472 cum
1212 1434 1347 1472 scirem
1367 1434 1432 1471 illa
1450 1441 1600 1471 tantum

154 1497 203 1535 ad
225 1497 397 1548 gloriam,
418 1498 502 1535 haec
521 1510 609 1535 vero
641 1497 690 1535 ad
720 1497 883 1535 salutem
902 1505 1007 1535 tuam
1027 1496 1231 1547 pertinere,
1251 1509 1367 1546 quam
1387 1495 1599 1546 neglexisse

154 1560 256 1597 visus
276 1572 317 1597 es
334 1558 378 1596 iis
397 1559 573 1597 omnibus
594 1559 658 1609 qui
679 1558 845 1596 convitia
865 1558 902 1595 in
922 1565 960 1596 te
979 1558 1082 1595 dicta
1100 1557 1340 1595 audiverunt.

208 1623 245 1658 2.
268 1621 393 1659 Nemo
408 1622 507 1659 enim
523 1628 582 1659 est
599 1620 689 1670 quin
710 1627 856 1658 statuat
874 1627 911 1658 te
931 1620 967 1656 in
983 1619 1169 1657 adeundis
1182 1619 1358 1670 periculis
1374 1620 1495 1670 magis
1509 1631 1599 1657 esse

155 1683 392 1721 temerarium
413 1696 527 1733 quam
548 1682 653 1732 regia
672 1682 840 1732 dignitas
867 1681 1047 1732 patiatur,
1068 1687 1107 1718 et
1128 1680 1177 1717 de
1210 1681 1324 1718 laude
1352 1680 1597 1725 fortitudinis,

150 1757 264 1795 quam
280 1743 326 1782 de
344 1757 492 1782 summa
512 1756 648 1787 rerum,
661 1743 749 1794 plus
764 1743 970 1780 sollicitum
986 1755 1085 1780 esse.
1142 1742 1258 1792 Atqui
1279 1755 1389 1792 aeque
1409 1750 1520 1793 turpe
1540 1750 1598 1780 est

155 1811 193 1843 et
211 1805 385 1843 hostibus
413 1805 688 1843 circumdatum
720 1811 874 1841 strenue
904 1804 1117 1854 pugnando
1146 1803 1228 1841 aliis
1259 1817 1335 1841 non
1367 1804 1599 1853 superiorem

154 1878 252 1911 esse,
271 1874 322 1911 et,
341 1878 457 1916 quum
477 1865 582 1903 nulla
602 1865 688 1902 talis
716 1873 827 1915 urget
854 1864 1080 1908 necessitas,
1102 1864 1139 1900 in
1160 1877 1205 1902 ea
1224 1871 1262 1902 te
1282 1864 1486 1902 discrimini
1507 1877 1599 1903 con-

148 1926 266 1977 jicere
287 1927 421 1977 quibus
437 1927 625 1978 superatis
646 1925 740 1964 nihil
761 1926 1005 1963 memorabile
1025 1926 1201 1976 gesseris,
1220 1925 1446 1964 interfectus
1467 1939 1599 1964 omnes

154 1987 326 2025 fortunas
346 2000 423 2025 una
444 1994 606 2026 evertas.
665 1988 802 2037 Neque
821 2000 911 2024 vero
942 2000 1092 2038 semper
1123 1987 1348 2037 praeclarum
1378 1987 1599 2025 habendum

154 2055 214 2087 est
233 2050 269 2086 in
289 2049 397 2086 bellis
417 2050 657 2094 occumbere,
677 2049 745 2086 sed
767 2048 924 2099 quando
946 2049 982 2086 id
1006 2049 1048 2086 fit
1074 2061 1142 2099 pro
1163 2048 1387 2087 defensione
1404 2049 1536 2100 patriae
1562 2057 1600 2087 et

157 2117 357 2161 parentum
375 2110 612 2161 liberumque
633 2110 824 2147 laudabile
851 2116 929 2152 θεῖς
960 2122 1076 2160 quum
1095 2122 1187 2147 vero
1207 2109 1293 2147 talis
1319 2110 1446 2147 obitus
1473 2117 1512 2147 et
1540 2109 1599 2147 his

155 2173 330 2211 omnibus
350 2180 463 2210 nocet
482 2180 521 2210 et
541 2171 779 2223 superiorum
800 2179 1016 2222 temporum
1036 2171 1282 2209 successibus
1301 2171 1424 2209 labem
1446 2171 1600 2223 adsper-

155 2235 223 2285 git,
239 2234 360 2286 turpis
381 2233 594 2279 habendus,
613 2241 651 2272 et
669 2233 877 2284 fugiendus
898 2240 956 2270 est
983 2241 1022 2270 ut
1044 2233 1203 2284 insignis
1232 2233 1451 2283 ignominiae
1471 2233 1599 2272 conci-

155 2297 278 2336 liator.

212 2361 248 2396 3.
272 2359 366 2397 Eam
386 2360 512 2410 potius
532 2359 567 2396 in
589 2357 767 2409 gerendis
782 2357 893 2396 bellis
908 2359 1090 2396 rationem
1106 2358 1172 2395 tibi
1188 2357 1424 2409 sequendam
1445 2369 1599 2403 censeo,

155 2433 231 2471 qua
250 2420 362 2458 urbes
382 2428 554 2458 utuntur.
611 2419 710 2456 Nam
732 2419 793 2456 hae
814 2431 959 2466 omnes,
979 2432 1096 2470 quum
1116 2419 1245 2469 aliquo
1277 2419 1433 2456 mittunt
1458 2417 1600 2455 exerci-

155 2489 233 2526 tus,
249 2481 520 2532 rempublicam
549 2488 588 2518 et
617 2488 789 2518 senatum
815 2481 863 2518 de
893 2482 1005 2518 rebus
1025 2480 1299 2518 deliberantem
1319 2479 1357 2516 in
1378 2486 1460 2516 tuto
1481 2479 1599 2517 collo-

156 2559 244 2584 care
265 2546 405 2584 solent.
435 2545 548 2582 Unde
569 2543 607 2581 id
628 2543 742 2582 etiam
762 2544 902 2588 evenit,
922 2550 977 2589 ut,
998 2544 1029 2580 si
1054 2556 1130 2592 qua
1150 2542 1264 2592 plaga
1283 2540 1396 2577 fuerit
1424 2548 1598 2591 accepta,

155 2621 228 2646 non
246 2616 373 2647 tamen
392 2621 470 2646 una
489 2607 589 2646 vires
609 2620 742 2645 omnes
763 2606 952 2650 amittant,
975 2605 1045 2643 sed
1066 2613 1104 2642 et
1123 2603 1262 2641 multas
1282 2603 1413 2641 clades
1433 2603 1600 2654 perferre

154 2677 191 2707 et
225 2682 316 2719 opes
346 2683 436 2707 suas
464 2681 689 2719 recuperare
716 2667 879 2718 possint.
937 2666 1053 2708 Quod
1082 2672 1120 2703 et
1154 2664 1222 2702 tibi
1250 2663 1486 2715 propositum
1514 2676 1600 2702 esse

158 2730 288 2776 debet,
315 2743 441 2780 neque
473 2730 591 2768 ullum
622 2729 746 2766 salute
778 2729 902 2779 majus
932 2740 1017 2764 esse
1047 2727 1186 2763 bonum
1217 2724 1529 2770 existimandum,
1560 2733 1601 2762 ut

157 2790 269 2828 etiam
283 2791 446 2828 victoriis
462 2804 549 2841 quae
564 2791 792 2840 contigerint
812 2795 914 2827 recte
933 2788 986 2825 uti
1006 2800 1124 2837 queas
1141 2793 1180 2823 et
1198 2786 1329 2824 clades
1349 2799 1434 2836 quae
1454 2786 1599 2824 incide-

158 2853 231 2889 rint
251 2865 421 2903 reparare
448 2853 585 2902 possis.
644 2853 730 2890 Non
756 2851 862 2888 vides
890 2858 1034 2899 quanta
1064 2850 1112 2885 sit
1140 2847 1523 2885 Lacedaemoniorum
1553 2848 1600 2884 de

158 2925 291 2963 regum
310 2913 571 2951 incolumitate
585 2912 829 2952 sollicitudo?
860 2911 957 2949 adeo
974 2919 1013 2948 ut
1028 2910 1228 2948 clarissimi
1248 2911 1391 2960 quique
1412 2910 1515 2948 cives
1536 2922 1601 2946 eos

866 2975 888 3007 ‘2
913 2985 936 3009 ο
