1870 3277
265 184 340 219 464
866 182 1103 221 LYCURGI

319 285 378 322 16.
409 284 459 322 At
477 284 635 322 fortasse
656 290 901 335 patronorum
917 285 1053 335 aliquis
1074 286 1145 335 ipsi
1162 285 1317 323 audebit
1332 285 1470 333 dicere,
1488 301 1564 326 rem
1580 289 1699 341 ipsam

263 354 488 391 extenuans,
515 347 620 398 quod
645 347 736 384 nihil
763 347 897 386 horum
918 347 996 386 fieri
1016 348 1140 398 potuit
1159 361 1226 400 per
1246 361 1362 386 unum
1383 349 1595 396 hominem;
1627 367 1700 392 nec

260 408 379 459 pudet
404 408 489 447 illos
512 408 697 460 ejusmodi
726 409 986 447 defensionem
1010 411 1134 448 facere
1163 412 1266 461 apud
1295 425 1376 458 VOS,
1405 413 1452 451 ob
1481 427 1594 464 quam
1614 416 1699 467 jure

260 470 354 508 mori
373 470 565 509 deberent.
625 471 665 507 Si
686 472 782 508 enim
811 472 1063 522 confiteantur
1087 474 1247 524 patriam
1273 487 1358 511 eum
1380 474 1606 521 deseruisse,
1626 477 1699 515 hoc

258 531 442 582 permisso
462 545 529 570 vos
553 531 680 594 sinant
698 531 747 569 de
775 531 928 570 sceleris
957 534 1219 583 magnitudine
1245 535 1483 585 adjudicare:
1521 537 1578 573 sin
1606 537 1698 575 nihil

257 594 391 632 horum
412 594 512 640 fecit,
534 606 659 631 nonne
678 594 919 644 insaniajam
940 594 1013 632 hoc
1033 602 1103 641 est,
1125 596 1298 633 nimirum
1319 596 1458 643 dicere,
1480 598 1585 647 quod
1607 598 1697 636 nihil

257 655 340 692 urbi
361 654 553 698 acciderit,
579 654 726 692 etiamsi
754 654 814 692 hic
841 668 941 693 unus
962 655 1199 694 discesserit?
1242 657 1429 695 Existimo
1456 666 1581 697 autem
1611 672 1697 709 ego,

250 716 416 767 judices,
438 715 643 761 diversum,
663 715 891 754 dissentiens
915 730 937 755 a
962 719 1131 768 patronis
1158 719 1282 767 istius,
1309 732 1446 770 nempe
1467 722 1514 757 ab
1535 733 1610 758 uno
1629 721 1697 759 ho-

256 778 354 815 mine
381 776 542 815 salutem
571 777 737 828 pendere
762 778 878 816 urbis.
937 779 1134 829 Siquidem
1157 782 1246 818 urbs
1274 780 1465 818 habitatur
1489 782 1699 820 secundum

254 838 443 889 propriam
462 838 666 889 cujuslibet
685 839 915 889 provinciam
946 841 1161 878 custodita:
1193 854 1310 891 quum
1341 842 1454 892 igitur
1473 842 1573 880 hanc
1592 844 1696 894 quis-

251 902 351 952 piam
379 901 416 937 in
449 913 527 937 uno
556 900 777 950 neglexerit,
807 901 958 950 ignorat
990 914 1073 938 sese
1110 901 1148 938 in
1179 902 1354 940 omnibus
1387 903 1512 940 isthuc
1544 904 1691 943 fecisse.

252 962 430 1000 Profecto
453 961 564 999 facile
587 968 659 1007 est,
683 962 851 1012 judices,
880 962 929 999 ad
955 969 1127 999 veterum
1156 962 1417 1013 legislatorum
1449 964 1694 1014 respicientes

251 1024 473 1068 sententias,
491 1022 689 1060 veritatem
711 1023 893 1061 invenire.
937 1023 1026 1062 Non
1046 1024 1144 1062 enim
1165 1024 1218 1061 illi
1237 1031 1391 1062 centum
1411 1025 1554 1063 talenta
1575 1027 1693 1065 suffu-

249 1092 372 1123 ratum
393 1090 512 1122 morte
532 1084 776 1130 mulctarunt,
791 1084 921 1123 decem
937 1099 1027 1123 vero
1043 1085 1246 1124 drachmas
1265 1086 1529 1137 sublegentem
1552 1088 1694 1126 minore

248 1161 360 1199 poena
387 1147 610 1190 affectet-unm
644 1159 768 1197 neque
789 1160 875 1184 eum
900 1148 966 1198 qui
995 1147 1122 1198 ampla
1149 1147 1270 1198 spolia
1296 1161 1315 1185 e
1342 1148 1508 1186 delubris
1536 1148 1693 1187 deorum

248 1209 514 1248 immortalium
537 1209 748 1255 abstulerit,
764 1209 998 1254 occiderunt,
1016 1209 1080 1260 qui
1096 1222 1184 1247 vero
1201 1222 1324 1260 pauca
1344 1209 1528 1261 spoliarit,
1552 1210 1693 1249 minore

249 1271 435 1322 supplicio
465 1271 691 1322 puniebant;
729 1285 854 1322 neque
884 1285 985 1318 eurn,
1014 1270 1077 1321 qui
1107 1284 1258 1309 servum
1285 1271 1502 1317 occidisset,
1531 1273 1694 1322 pecunia

245 1334 497 1378 mulctabant,
518 1333 584 1383 qui
604 1347 693 1371 vero
712 1333 887 1378 liberum,
912 1332 1062 1384 legibus
1084 1332 1334 1370 cohibebant:
1364 1346 1493 1370 verum
1514 1333 1549 1370 in
1571 1334 1693 1371 omni-

244 1396 329 1441 bus,
358 1396 471 1433 etiam
503 1395 677 1440 minimis,
707 1394 869 1438 delictis,
901 1401 1060 1431 mortem
1093 1393 1345 1431 decreverunt
1377 1407 1463 1432 esse
1494 1394 1689 1433 mulctam.

245 1457 333 1494 Non
357 1456 457 1493 enim
483 1455 532 1493 ad
556 1454 746 1504 propriam
775 1461 948 1491 naturam
975 1454 1113 1504 patrati
1138 1454 1315 1491 facinoris
1343 1455 1603 1505 unusquisque
1631 1468 1688 1492 re-

243 1518 439 1569 spiciebat,
469 1529 593 1566 neque
622 1515 759 1553 exinde
789 1514 964 1565 capiebat
991 1515 1297 1564 magnitudinem
1327 1515 1528 1561 scelerum,
1559 1529 1687 1554 verum

240 1579 365 1617 isthuc
381 1578 690 1622 considerabant,
706 1576 735 1613 si
749 1583 884 1614 natura
895 1584 1159 1626 comparatum
1173 1582 1232 1614 est
1251 1575 1323 1613 hoc
1343 1576 1508 1622 facinus,
1522 1576 1550 1614 si
1565 1577 1686 1616 incre-

240 1649 411 1678 mentum
431 1645 598 1690 caperet,
624 1638 767 1675 laedere
786 1636 1000 1675 humanum
1028 1650 1166 1688 genus.
1224 1637 1376 1674 Etenim
1397 1637 1606 1675 absurdum
1627 1646 1687 1678 est

241 1702 322 1741 alio.
335 1700 621 1753 quodammodo
643 1700 690 1737 de
711 1700 786 1737 hoc
806 1712 967 1737 examen
988 1699 1129 1737 facere.
1179 1698 1294 1749 Agite
1314 1699 1427 1744 enim,
1445 1699 1528 1744 viri,
1550 1700 1582 1738 si
1600 1701 1689 1751 quis

240 1779 352 1804 unam
373 1766 499 1816 legem
515 1764 710 1802 Metroum
729 1763 925 1813 ingressus
946 1761 1143 1807 deleverit,
1160 1760 1299 1798 deinde
1313 1761 1565 1806 contenderit,
1581 1762 1684 1812 quod

238 1828 330 1866 nihil
350 1827 526 1879 perhanc
543 1832 772 1876 expunctam
788 1824 915 1875 legem
931 1824 1014 1862 urbi
1030 1823 1118 1860 mali
1133 1823 1296 1868 eveniat,
1314 1836 1441 1860 nonne
1459 1824 1684 1862 occideretis

237 1889 346 1928 eum?
376 1890 460 1939 Ego
476 1902 566 1927 sane
583 1889 674 1925 vosh
693 1900 740 1925 oc
754 1887 840 1939 jure
860 1887 986 1924 facere
1006 1881 1216 1930 censerem,
1232 1885 1262 1922 si
1282 1885 1398 1922 modo
1418 1891 1576 1922 caeteras
1596 1898 1686 1923 con-

236 1965 385 1990 servare
398 1951 535 1990 velitis.
579 1950 639 1988 Ad
655 1949 821 1988 eundem
839 1948 995 1986 modurn
1010 1947 1072 1985 hio
1089 1946 1305 1998 puniendus
1322 1954 1393 1991 est,
1415 1946 1446 1983 si
1466 1946 1560 1984 alios
1579 1947 1682 1985 cives

237 2015 411 2053 meliores
428 2013 612 2052 reddituri
632 2013 737 2051 estis.
777 2012 913 2062 Neque
931 2010 1005 2048 hoc
1021 2009 1250 2060 cogitabitiS,
1268 2008 1373 2059 quod
1393 2021 1491 2046 unus
1513 2015 1681 2046 tantum-

235 2076 350 2114 modo
371 2075 420 2113 sit
435 2075 565 2121 homo,
584 2087 715 2112 verum
738 2073 787 2111 ad
814 2086 893 2111 rem
919 2074 1043 2123 ipsam
1071 2063 1128 2109 est
1154 2070 1419 2122 spectandum.
1477 2070 1560 2121 Ego
1579 2071 1679 2109 enim

235 2137 408 2175 existimo
442 2136 630 2188 ejusmodi
660 2136 833 2174 homines
865 2147 941 2172 non
977 2133 1116 2171 multos
1148 2133 1230 2170 fieri
1264 2137 1430 2171 vestram
1460 2132 1678 2170 felicitatem

234 2212 332 2245 esse,
351 2206 463 2248 atque
481 2198 583 2235 hunc
601 2197 961 2249 propterea'majore
981 2194 1169 2247 supplicio
1185 2194 1357 2245 dignum,
1380 2193 1486 2245 quod
1507 2194 1613 2232 solus
1633 2207 1681 2232 ex

236 2259 319 2298 aliis
339 2260 484 2298 civibus
504 2272 581 2297 non
599 2258 791 2309 publicam
811 2257 877 2295 sed
897 2257 1084 2308 privatam
1106 2256 1268 2294 salutem
1289 2255 1520 2306 quaesiverit.

281 2321 353 2359 ’17.
384 2321 506 2372 Supra
529 2320 686 2358 modum
713 2326 842 2357 autem
869 2330 1125 2362 commoveor,
1151 2317 1231 2363 viri,
1255 2316 1286 2354 si
1312 2317 1464 2354 audiam
1484 2316 1676 2366 quendam
1726 2335 1728 2338 ·

234 2397 362 2423 eorum
379 2383 444 2433 qui
465 2383 512 2420 ab
531 2382 645 2434 hujus
661 2382 830 2433 partibus
847 2387 951 2418 stant
966 2380 1109 2424 dicere,
1126 2379 1231 2430 quod
1250 2378 1324 2416 h'oc
1340 2392 1417 2416 non
1438 2378 1487 2416 sit
1503 2378 1678 2429 prodere,

235 2446 266 2483 si
279 2445 362 2496 quis
377 2457 426 2482 ex
442 2445 536 2482 urbe
551 2444 662 2482 abiit:
691 2443 828 2481 etenim
848 2444 1010 2490 majores
1026 2441 1147 2479 nostri
1162 2440 1237 2478 hac
1252 2441 1345 2477 urbe
1361 2439 1504 2485 relicta,
1520 2438 1676 2489 quando

233 2508 416 2546 adversus
429 2506 595 2544 Xerxem
611 2503 793 2556 gerebant
806 2502 963 2548 bellum,
977 2502 1172 2540 Salamina
1186 2500 1517 2550 transmigrarunt.
1547 2498 1674 2538 Adeo-

231 2581 305 2620 que
330 2581 505 2606 vaesanus
535 2572 596 2605 est
625 2566 853 2615 omninoque
872 2563 987 2602 Vestri
1015 2569 1281 2608 contemnens,
1308 2569 1351 2598 ut
1377 2559 1672 2612 pulcherrimum

230 2630 374 2668 facturn
395 2629 519 2668 isthuc
547 2628 596 2667 ad
621 2627 880 2679 turpissimum
907 2624 1078 2663 conferre
1103 2636 1180 2661 non
1206 2624 1418 2661 erubescat.
1476 2621 1550 2658 Ubi
1571 2621 1672 2659 enim

232 2691 425 2730 celebrata
448 2691 596 2729 illorum
621 2690 786 2728 virorum
811 2688 930 2726 virtus
955 2698 1033 2723 non
1058 2684 1152 2722 fuit?
1189 2684 1286 2727 Quis
1311 2682 1407 2721 adeo
1431 2689 1497 2719 aut
1521 2681 1683 2720 invidus·

231 2760 291 2791 est
319 2759 385 2790 aut
418 2765 440 2790 a
472 2751 621 2790 virtutis
651 2758 690 2789 et
717 2750 872 2788 honoris
901 2747 1109 2799 cupiditate
1142 2746 1303 2790 alienus,
1334 2745 1399 2795 qui
1428 2744 1509 2781 non>
1534 2745 1677 2795 optarit

229 2827 354 2853 rerum
375 2815 421 2852 ab
448 2814 524 2852 illis
550 2813 642 2866 ipsis
662 2819 855 2865 gestarum
875 2822 1032 2850 consors
1051 2807 1159 2846 esse?
1198 2808 1286 2845 Non
1308 2807 1408 2844 enim
1428 2806 1476 2844 ab
1500 2806 1591 2843 urbe
1611 2818 1677 2842 ex-

230 2884 438 2922 cesserunt,
469 2876 538 2914 sed
567 2876 693 2914 locum
719 2873 994 2926 permutarunt,
1020 2871 1205 2910 adversus
1231 2869 1432 2907 imminens
1459 2866 1672 2918 perieulum

231 2938 394 2976 honesta
421 2937 692 2976 deliberatione
721 2935 863 2974 habita.
920 2933 1127 2972 Eteonicus
1158 2931 1257 2969 enim
1288 2926 1601 2969 Lacedaemonius
1632 2935 1678 2965 et>
