1870 3277
644 571 1266 626 ANTISTHENIS

838 710 1073 756 AJAX.

238 900 243 904 ’
296 903 328 939 1.
359 903 536 940 Vnum
562 901 737 951 equidem
760 901 868 939 nobis
890 902 1044 939 eosdem
1066 901 1146 939 dari
1161 900 1323 952 judices,
1340 902 1405 951 qui
1424 902 1537 940 rebus
1556 904 1672 954 gestis

237 964 350 1002 etiam
368 965 638 1008 interfuerunt;
661 971 739 1001 turn
757 964 855 1001 enim
871 963 1044 1014 profecto
1063 976 1135 1001 nec
1154 975 1214 1000 me
1234 962 1438 1014 quicquam
1459 972 1560 1002 esset
1579 978 1672 1016 opus

236 1024 353 1075 loqui,
374 1038 444 1063 nec
465 1026 552 1062 huic
572 1025 686 1063 verba
705 1024 954 1075 prodessent:
985 1037 1086 1061 nunc
1113 1031 1238 1062 autern
1267 1024 1331 1074 qui
1357 1025 1467 1062 rebus
1492 1025 1673 1064 interfue-

237 1093 326 1122 runt
351 1099 427 1123 non
456 1086 607 1131 adsunt,
627 1099 695 1124 vos
722 1092 862 1131 autem,
883 1085 947 1136 qui
973 1085 1147 1123 notitiam
1175 1084 1318 1123 nullam
1346 1085 1671 1137 habetis,judices

238 1146 343 1184 estis.
388 1147 512 1190 Quale
527 1160 614 1185 vero
636 1146 872 1197 sitjudicum
892 1147 1106 1196 ignatorum
1119 1145 1318 1194 judicium,
1339 1146 1532 1196 presertim
1548 1147 1671 1185 verbis

235 1209 511 1258 peragendum,
529 1222 646 1258 quum
666 1221 725 1245 res
743 1208 843 1246 facto
858 1206 1098 1245 constiterit?
1125 1207 1250 1257 Atque
1265 1219 1337 1257 ego
1348 1206 1500 1257 quidem
1514 1207 1672 1246 Achillis

235 1268 399 1306 cadaver
419 1269 570 1314 sustuli,
588 1269 648 1306 hic
670 1277 793 1307 autem
814 1282 930 1312 arma,
951 1282 1037 1305 cum
1065 1268 1248 1319 Trojanos
1276 1281 1350 1305 non
1380 1274 1455 1305 tam
1483 1282 1670 1307 armorum

235 1341 349 1378 quam
368 1330 536 1380 corporis
557 1330 732 1380 potiundi
752 1330 938 1367 desiderio
959 1329 1075 1366 teneri
1097 1328 1223 1367 sciret.
1273 1330 1359 1366 Hoc
1379 1329 1477 1366 enim
1498 1331 1528 1368 si
1548 1332 1671 1382 cepis-

235 1398 332 1436 sent,
353 1398 391 1428 et
410 1390 648 1428 contumeliis
676 1392 800 1442 ipsum
822 1390 1039 1428 affecissent
1063 1399 1100 1428 et
1129 1389 1304 1427 Hectoris
1324 1390 1485 1441 pretium
1513 1405 1671 1443 recupe-

235 1459 405 1489 rassent:
442 1465 545 1489 arma
573 1465 661 1490 vero
695 1465 770 1489 non
804 1452 874 1490 diis
900 1451 1143 1496 obtulissent,
1175 1451 1300 1502 potius
1331 1463 1444 1501 quam
1470 1451 1581 1503 hujus
1602 1454 1669 1491 viri

234 1513 341 1563 probi
362 1520 464 1552 metu
484 1513 790 1559 abscondissent,
815 1513 878 1563 qui
909 1513 1022 1550 etiam
1043 1525 1164 1562 nuper
1183 1512 1266 1549 deae
1287 1518 1452 1549 statuam
1473 1521 1583 1550 nocte
1602 1527 1669 1564 per

234 1574 475 1624 sacrilegium
504 1575 652 1612 furatus
687 1574 834 1611 Graecis
865 1573 975 1624 quasi
1008 1574 1233 1623 praeclarum
1265 1572 1448 1623 quiddam
1480 1574 1671 1613 effecisset

233 1637 464 1673 ostentabat.
522 1635 569 1672 Et
590 1649 662 1685 ego
683 1635 849 1686 quidem,
870 1642 912 1672 ut
938 1634 1067 1672 amicis
1096 1647 1201 1672 arma
1224 1634 1394 1679 reddam,
1416 1647 1461 1671 ea
1485 1636 1663 1685 postulo;

232 1695 449 1745 hicssautem
481 1705 523 1735 ut
542 1697 698 1742 vendat,
725 1696 1036 1747 quandoquidem
1062 1696 1114 1733 uti
1142 1708 1217 1732 non
1246 1695 1425 1733 auderet:
1456 1695 1539 1745 quis
1566 1698 1664 1736 enim

238 1758 409 1808 ignavior
435 1759 649 1808 insignibus
670 1765 799 1795 utatur
829 1757 955 1805 armis,
981 1770 1098 1808 quum
1129 1770 1195 1808 per
1226 1770 1271 1795 ea
1303 1770 1411 1794 suam
1437 1758 1546 1807 prodi
1573 1761 1668 1799 sciat

230 1819 432 1870 ignaviam.

285 1882 322 1918 2.
353 1882 481 1932 Atque
498 1881 624 1919 omnia
642 1881 719 1919 fere
740 1888 829 1918 sunt
847 1880 995 1918 similia.
1027 1880 1124 1918 Nam
1144 1887 1182 1918 et
1200 1880 1264 1931 qui
1285 1887 1475 1919 certamen
1491 1882 1666 1924 institue-

231 1950 319 1978 runt
351 1955 459 1992 reges
487 1956 562 1980 non
595 1942 698 1980 inviti
724 1942 868 1979 virtutis
894 1941 1081 1993 judicium
1115 1942 1197 1979 aliis
1231 1951 1514 1988 concesserunt,
1537 1953 1575 1983 et
1599 1959 1666 1985 vos

231 2002 398 2039 omnium
427 2004 559 2054 ignari,
580 2004 627 2041 de
648 2003 691 2041 iis
711 2016 777 2040 vos
797 2016 883 2054 quae
906 2015 982 2040 non
1005 2002 1214 2054 intelligitis
1227 2003 1468 2051 judicaturos
1490 2006 1668 2056 recipitis.

232 2065 318 2115 Ego
338 2080 425 2105 vero
445 2067 519 2105 hoc
539 2067 633 2113 scio,
650 2080 778 2117 regem
799 2066 961 2111 nullum,
981 2067 1045 2116 qui
1065 2066 1111 2104 de
1130 2066 1268 2104 virtute
1281 2067 1452 2118 judicare
1472 2069 1605 2119 possit,
1627 2070 1667 2108 id

230 2126 311 2164 aliis
327 2129 634 2174 commissurum,
652 2142 728 2166 non
745 2127 865 2179 magis
881 2141 993 2178 quam
1014 2128 1158 2178 peritus
1181 2128 1353 2166 medicus
1375 2128 1424 2166 ad
1439 2129 1553 2167 alium
1567 2125 1666 2169 nior'-

228 2188 361 2225 borum
376 2189 562 2239 judicium
584 2189 761 2227 deferret.

283 2252 318 2288 3.
349 2249 463 2293 Quod
490 2250 521 2286 si
547 2250 637 2286 mihi
663 2263 750 2288 cum
777 2250 887 2288 simili
907 2251 983 2289 viro
1009 2263 1070 2288 res
1100 2256 1214 2295 esset,
1235 2263 1282 2288 ne
1301 2250 1400 2288 vinci
1424 2251 1575 2302 quidem
1596 2267 1664 2304 pu-

229 2310 357 2348 deret:
387 2324 490 2348 nunc
509 2311 606 2348 inter
625 2323 685 2348 me
701 2318 740 2348 et
758 2311 860 2349 hunc
876 2311 1078 2349 discrimen
1099 2318 1157 2348 est
1176 2312 1394 2349 maximum.
1436 2313 1585 2351 Etenim
1601 2314 1664 2353 hic

227 2371 319 2408 nihil
340 2378 466 2423 aperte
487 2371 613 2417 faciet,
633 2384 706 2421 ego
730 2371 822 2409 nihil
852 2372 1017 2410 occulte.
1101 2372 1183 2423 Ego
1204 2372 1303 2410 male
1325 2373 1454 2411 audire
1474 2375 1602 2421 nolim,
1622 2382 1666 2413 ut

226 2448 298 2472 nec
324 2434 421 2472 male
442 2433 563 2477 affici;
594 2433 654 2471 hic
674 2433 734 2470 vel
765 2433 942 2484 suspendi
972 2446 1012 2470 se
1038 2432 1217 2483 patiatur,
1236 2433 1351 2471 modo
1379 2435 1428 2471 sit
1454 2434 1550 2472 lucri
1576 2448 1662 2486 spes

226 2495 373 2545 aliqua:
396 2494 461 2546 qui
479 2502 628 2545 tergum
643 2493 771 2545 flagris
792 2507 998 2540 servorum,
1014 2494 1169 2531 dorsum
1185 2494 1364 2540 fustibus,
1377 2495 1514 2546 pugnis
1528 2496 1660 2533 faciem

226 2556 415 2607 exposuit,
444 2564 558 2606 atque
591 2556 644 2593 ita
672 2555 806 2606 pannis
833 2555 1039 2600 involutus,
1059 2561 1171 2593 nocte
1199 2555 1236 2592 in
1263 2555 1427 2592 hostium
1454 2557 1585 2593 urbem
1611 2556 1660 2594 ad

224 2617 536 2656 committendum
558 2617 798 2667 sacrilegium
819 2617 976 2667 irrepsit.
1019 2617 1154 2666 Neque
1172 2616 1255 2653 haec
1275 2629 1317 2653 se
1337 2617 1494 2666 negabit
1511 2617 1661 2663 fecisse,

224 2691 355 2717 verum
377 2679 490 2716 etiam
517 2685 619 2716 recte
645 2678 762 2725 facta,
783 2678 912 2724 credo,
932 2677 1190 2729 persuadebit.
1249 2676 1350 2726 Ergo
1371 2676 1578 2728 sacrilegus
1599 2678 1660 2717 hic

225 2746 265 2777 et
283 2739 459 2790 mastigia
477 2739 547 2777 sibi
567 2738 727 2777 Achillis
747 2752 850 2777 arma
869 2737 1106 2790 postulabit?

276 2802 317 2838 4.
347 2800 534 2850 Equidem
555 2800 918 2852 vosjubeojudices
938 2799 1146 2850 imperitos,
1169 2810 1244 2835 non
1265 2799 1378 2836 verba
1400 2799 1524 2849 potius
1543 2814 1657 2851 quam

223 2861 326 2899 facta
359 2868 545 2911 spectare,
579 2867 781 2911 postquam
812 2861 859 2898 de
891 2861 1030 2898 virtute
1059 2858 1254 2910 judicatis.
1311 2859 1411 2896 Nam
1445 2867 1483 2897 et
1513 2861 1656 2900 bellum

222 2921 332 2960 factis
352 2935 426 2958 non
448 2922 572 2960 verbis
592 2921 755 2972 geritur;
788 2935 909 2972 neque
928 2934 1014 2960 cum
1041 2920 1212 2960 hostibus
1240 2920 1434 2971 disputare
1461 2920 1562 2968 licet,
1588 2923 1656 2961 sed
