1870 3277
717 172 791 209 DE
820 170 974 208 PACE.
1504 170 1577 207 107

113 286 288 337 profecto
307 284 448 323 efficiet
466 291 507 322 ut
528 297 615 322 vere
643 283 865 332 utiliterque
894 278 1128 331 respondere
1156 291 1360 330 nequeam,
1384 280 1453 318 sed
1482 279 1577 317 illud

112 359 243 384 vereor
262 353 305 383 ut
324 346 416 383 satis
437 346 545 384 vobis
572 345 725 396 placeat
744 342 849 393 quod
871 341 1018 379 dixero.
1077 340 1218 377 Verum
1246 341 1430 390 quoniam
1459 341 1578 380 semel

111 408 226 459 plane
246 415 455 460 aperteque
477 408 604 445 dicere
626 418 832 456 aggressus
854 417 952 448 sum,
974 403 1088 440 etiam
1112 401 1160 438 de
1180 401 1238 439 his
1261 415 1386 440 meam
1406 402 1576 454 interpo-

111 482 199 507 nere
219 470 451 507 sententiam
473 482 549 507 non
571 468 770 506 dubitabo.

163 532 227 567 20.
259 532 410 573 Quibus
443 531 557 580 igitur
589 529 704 567 rebus
733 529 943 566 instructos
973 539 1055 563 esse
1086 525 1224 563 deceat
1254 538 1319 563 eos
1346 525 1411 575 qui
1439 525 1574 564 felices

108 592 223 629 futuri
255 592 344 637 sint,
379 592 518 643 pietate
549 590 726 628 nimirum
757 597 796 627 et
825 587 1080 638 temperantia
1108 594 1145 624 et
1167 586 1318 638 justitia
1347 587 1575 637 caeterisque

107 653 309 691 virtutibus
339 653 455 703 paulo
482 659 572 690 aute
603 652 748 689 dictum
775 657 859 688 est:
892 663 980 700 quae
1008 656 1137 686 autem
1161 648 1457 699 expeditissima
1478 649 1574 686 ratio

107 716 155 755 sit
185 716 432 753 institutionis
459 716 542 767 ejus
570 729 656 767 quae
685 714 782 752 tales
812 712 964 758 efficiat,
983 725 1071 749 vere
1096 711 1252 761 quidem
1281 711 1437 748 omnino
1463 724 1484 748 a
1514 724 1575 749 me

107 778 268 823 dicetur,
283 777 352 814 scd
375 777 475 815 idem
497 779 662 815 fortasse
680 775 789 814 vobis
807 774 940 812 auditu
960 786 1076 824 grave
1096 772 1288 810 videbitur
1308 779 1347 810 et
1367 772 1573 823 plurimum

106 854 128 877 a
146 839 376 889 reliquorum
400 839 600 876 sententiis
621 839 841 876 abhorrere.

158 902 222 937 21.
254 900 342 950 Ego
367 900 466 938 enim
494 914 636 938 censeo
657 908 695 937 et
717 899 1020 949 tranquilliorem
1043 897 1233 948 rempubl.
1254 904 1422 935 nostram
1444 903 1482 934 et
1500 910 1572 935 nos

104 964 206 1014 ipsos
223 962 401 1000 meliores
423 962 503 999 fore
526 969 565 1000 et
583 963 821 999 incrementa
842 973 964 997 rerum
982 966 1199 996 nostrarum
1223 959 1394 996 omnium
1410 958 1572 1005 visuros,

104 1025 135 1062 si
156 1024 268 1061 maris
295 1024 494 1074 imperium
522 1023 800 1074 concupiscere
827 1021 1102 1059 destiterimus.
1162 1020 1250 1058 Hoc
1277 1021 1378 1058 enim
1400 1020 1493 1058 illud
1514 1027 1573 1058 est

102 1085 209 1136 quod
240 1092 279 1123 et
304 1085 341 1122 in
367 1085 439 1122 hos
469 1085 659 1122 tumultus
687 1098 757 1122 nos
784 1083 964 1133 conjecit,
986 1091 1024 1120 et
1045 1090 1213 1120 veterem
1242 1081 1347 1118 illam
1369 1081 1570 1120 democra-

100 1147 207 1192 tiam,
229 1147 264 1183 in
286 1160 363 1197 qua
389 1146 551 1198 majores
578 1145 698 1183 nostri
718 1145 902 1183 felicitate
924 1144 1073 1181 Graecis
1093 1143 1271 1181 omnibus
1293 1144 1569 1193 praestiterunt,

100 1209 248 1253 evertit,
268 1215 306 1245 et
324 1207 508 1245 malorum
530 1208 608 1244 fere
630 1207 818 1251 omnium,
839 1219 927 1256 quae
950 1212 986 1242 et
1006 1205 1079 1255 ipsi
1100 1205 1255 1241 ferimus
1277 1211 1315 1240 et
1337 1203 1418 1241 aliis
1440 1204 1570 1242 inferi-

99 1282 198 1314 mus,
218 1282 337 1306 causa
360 1269 443 1306 suit.
503 1268 692 1318 Equidem
714 1281 789 1304 non
818 1267 953 1317 ignoro
980 1280 1097 1316 quam
1125 1266 1281 1303 difficile
1302 1266 1350 1303 sit
1370 1267 1454 1316 ejus
1484 1280 1568 1305 ora-

96 1330 239 1367 tionem
269 1330 333 1380 qui
364 1330 577 1380 potentiam
615 1336 787 1372 accuset,
808 1340 920 1378 quam
950 1340 1082 1364 omnes
1115 1326 1346 1364 adamarunt
1375 1330 1569 1378 armisque

97 1390 368 1428 vindicandam
391 1397 564 1436 censent,
585 1389 704 1427 videri
726 1388 990 1425 tolerabilem:
1017 1395 1298 1432 verumtamen,
1314 1401 1432 1437 quum
1451 1402 1568 1439 supe-

97 1453 208 1497 riora,
227 1464 317 1489 vera
336 1451 400 1489 illa
420 1452 589 1501 quidem,
607 1451 675 1489 sed
696 1450 832 1488 odiosa
852 1458 993 1493 tamen,
1016 1448 1193 1493 tuleritis,
1209 1461 1304 1499 rogo
1328 1457 1369 1486 ut
1388 1462 1433 1487 ea
1452 1451 1568 1489 etiam

97 1527 185 1564 quae
214 1520 361 1551 restant
381 1526 456 1550 non
479 1513 610 1555 audire
631 1512 854 1563 gravemini,
874 1524 999 1561 neque
1021 1523 1081 1547 me
1102 1516 1212 1547 tanto
1233 1510 1358 1548 furore
1380 1512 1566 1561 percitum

96 1576 320 1614 existimetis
342 1583 384 1612 ut
401 1575 630 1613 instituerim
653 1575 701 1612 de
723 1575 836 1611 rebus
858 1581 935 1611 tam
957 1573 1253 1610 abhorrentibus
1271 1585 1292 1609 a
1308 1586 1421 1610 sensu
1441 1575 1569 1612 multi-

95 1638 241 1675 tudinis
261 1638 376 1675 verba
405 1637 545 1682 facere,
566 1637 639 1674 nisi
662 1637 698 1674 in
720 1636 878 1674 veritate
906 1633 1090 1672 orationis
1112 1633 1256 1684 aliquid
1280 1634 1371 1671 mihi
1400 1636 1567 1686 praesidii

95 1712 183 1737 esse
217 1699 451 1737 statuissem.
530 1698 762 1736 Persuasum
798 1697 899 1735 enim
929 1696 1053 1733 habeo
1085 1709 1145 1733 me
1177 1696 1336 1745 planum
1374 1698 1566 1735 facturum

96 1763 286 1807 omnibus,
308 1776 378 1799 nos
407 1762 444 1799 id
472 1761 675 1813 imperium
705 1759 897 1803 affectare,
918 1758 1024 1808 quod
1046 1757 1249 1809 imperium
1271 1759 1366 1796 citra
1386 1758 1564 1809 injuriam

95 1836 228 1874 parare
258 1837 335 1860 non
367 1823 495 1868 liceat,
519 1822 624 1875 quod
653 1821 876 1873 contingere
907 1820 1015 1858 nobis
1046 1833 1121 1857 non
1151 1819 1289 1872 possit,
1317 1821 1421 1871 quod
1452 1822 1564 1860 nobis

96 1897 171 1922 non
195 1884 242 1922 sit
262 1885 527 1935 profuturum.

148 1947 213 1982 22.
237 1947 294 1983 Ac
311 1946 471 1996 primum
489 1945 676 1996 injustum
694 1947 732 1982 id
750 1959 851 1990 esse,
867 1959 936 1982 vos
954 1945 998 1982 iis
1015 1946 1158 1982 docere
1174 1958 1333 1995 possum
1351 1945 1562 1984 rationibus

94 2020 189 2057 quas
221 2020 243 2044 a
271 2007 379 2045 vobis
414 2007 545 2045 didici.
604 2007 719 2051 Nam,
740 2019 859 2056 quum
891 2007 1002 2044 istam
1035 2006 1248 2056 potentiam
1281 2006 1565 2045 Lacedaemonii

93 2074 280 2113 tenerent,
302 2081 390 2118 quae
409 2069 526 2105 verba
547 2080 624 2104 non
650 2067 960 2117 consumpsimus
988 2074 1067 2104 tum
1094 2079 1226 2104 eorum
1257 2067 1473 2118 principatu
1495 2082 1563 2106 ac-

93 2129 277 2174 cusando,
298 2136 378 2166 turn
399 2143 554 2180 aequum
585 2142 670 2166 esse
692 2129 853 2166 Graecos
882 2128 1059 2166 libertate
1092 2128 1165 2165 frui
1194 2130 1563 2168 commemorando?

93 2203 188 2240 quas
208 2203 297 2228 vero
324 2190 496 2228 celebres
524 2191 637 2227 urbes
669 2203 744 2227 non
774 2190 1052 2227 concitavimus
1073 2189 1120 2227 ad
1146 2191 1372 2228 societatem
1402 2191 1491 2229 belli
1511 2193 1560 2230 ob

93 2251 175 2290 haec
195 2252 389 2303 suscepti?
419 2251 570 2302 quoties
591 2252 741 2301 legatos
763 2252 812 2289 ad
835 2265 1016 2301 magnum
1048 2265 1176 2302 regem
1199 2251 1384 2298 misimus,
1406 2254 1471 2304 qui
1492 2253 1562 2291 do-

93 2321 224 2351 cerent
257 2327 382 2364 neque
406 2314 556 2364 justum
593 2326 676 2351 esse
710 2326 837 2363 neque
872 2313 965 2351 utile
999 2314 1193 2351 civitatem
1225 2326 1342 2350 unam
1375 2315 1564 2352 dominari

94 2375 271 2413 Graecis?
318 2375 453 2426 Neque
481 2376 584 2426 prius
612 2376 874 2426 acquievimus
903 2384 969 2412 aut
997 2388 1226 2426 oppugnare
1247 2375 1562 2413 Lacedaemonios

93 2444 194 2474 terra
223 2437 390 2487 marique
422 2437 657 2482 destitimus,
678 2450 792 2488 quam
823 2436 1044 2474 consentire
1068 2437 1104 2473 in
1132 2437 1282 2474 foedera
1308 2436 1358 2473 de
1386 2437 1561 2475 libertate

94 2497 195 2536 facta
215 2498 440 2536 voluissent.
499 2500 557 2536 Ac
585 2511 663 2536 non
694 2511 777 2536 esse
800 2498 954 2549 justum
982 2505 1024 2535 ut
1051 2498 1287 2548 potentiores
1315 2497 1561 2536 dominentur

93 2559 419 2605 imbecillioribus,
433 2567 471 2598 et
492 2560 565 2597 illis
585 2560 822 2611 temporibus
844 2560 1101 2606 sensimus,et
1121 2572 1223 2597 nunc
1241 2559 1439 2610 republica
1458 2560 1560 2611 apud

95 2633 165 2658 nos
186 2627 342 2672 recepta
364 2621 620 2659 declaramus.

145 2684 210 2720 23.
240 2682 328 2720 Jam
350 2682 422 2720 hoc
443 2682 642 2733 imperium
666 2695 742 2719 non
770 2695 882 2733 posse
908 2695 975 2720 vos
1005 2682 1256 2725 constituere,
1277 2682 1558 2733 quamprimum

93 2743 226 2793 opinor
256 2744 473 2794 expediam.
534 2744 634 2781 Nam
668 2743 773 2793 quod
795 2757 913 2794 quum
945 2757 968 2780 x
998 2743 1115 2780 millia
1146 2742 1335 2780 talentum
1366 2745 1402 2781 in
1423 2746 1559 2783 aerario

96 2806 323 2844 haberemus
353 2807 448 2844 tueri
481 2820 558 2845 non
585 2807 798 2857 potuimus,
824 2807 980 2857 quinam
1016 2806 1118 2842 idem
1139 2806 1176 2842 in
1206 2812 1313 2844 tanta
1345 2808 1504 2857 penuria
1523 2815 1562 2845 et

94 2868 224 2918 inopia
242 2867 484 2918 recipiemus,
501 2882 617 2919 quum
639 2868 852 2919 praesertim
873 2868 917 2905 iis
938 2866 1120 2905 institutis
1141 2875 1308 2913 utamur,
1323 2881 1399 2906 non
1420 2869 1558 2919 quibus

94 2928 132 2966 id
151 2928 382 2979 paravimus,
400 2929 465 2967 sed
486 2930 626 2980 quibus
647 2928 872 2968 amisimus?
