1870 3277
293 160 367 196 360
954 159 1069 197 ISAEI

290 270 437 295 monem
463 257 499 294 in
515 257 714 308 phratoras
736 259 863 297 induci
883 259 1167 298 conditionibus
1186 258 1230 296 iis
1251 271 1337 309 quae
1358 258 1581 297 Euctemoni
1597 259 1724 310 place-

289 324 383 362 rent,
405 318 474 355 hoc
494 326 565 362 est,
581 332 665 357 cum
688 333 761 357 uno
782 320 912 358 addito
932 321 1071 371 agello.
1130 320 1394 357 Philoctemon
1414 321 1555 371 itaque,
1577 320 1725 358 tametsi

288 392 372 416 eum
393 380 510 429 patris
531 380 692 430 puderet
715 382 934 432 pigeretque
956 383 1140 427 stultitiae,
1161 381 1305 419 nullam
1337 389 1463 419 tamen
1489 394 1645 420 cernens
1666 395 1724 419 ra-

289 441 428 479 tionem
449 455 495 479 ex
518 442 590 480 hac
610 443 832 481 difficultate
849 457 931 482 sese
950 443 1192 494 expediendi,
1207 443 1241 479 in
1262 444 1487 481 auctoritate
1507 444 1576 480 fuit
1595 456 1726 481 neces-

287 503 470 540 sariorum
487 504 703 554 cedensque
720 505 933 542 necessitati
948 506 998 542 nil
1012 506 1246 556 repugnavit.
1280 504 1406 542 Paetis
1423 505 1534 555 igitur
1551 504 1726 554 utrinque

285 565 495 610 conventis,
512 579 707 616 pueroque
726 566 762 603 in
784 566 978 616 phratoras
997 567 1165 611 inducto,
1181 567 1228 603 ab
1242 566 1370 604 uxoris
1391 565 1577 604 ducendae
1598 565 1726 604 consi-

286 626 336 663 lio
360 626 440 677 jam
462 627 607 664 destitit
628 627 863 671 Euctemon;
896 641 971 678 quo
1004 627 1106 666 facto
1137 628 1287 679 planum
1320 627 1498 675 faciebat,
1529 627 1576 665 de
1609 640 1725 665 uxore

287 689 465 727 ducenda
496 703 570 727 non
602 704 716 728 eo.se
748 691 919 740 cogitare
948 691 1108 742 coepisse
1128 705 1204 742 quo
1231 692 1368 729 liberos
1397 705 1443 729 ex
1462 704 1508 728 ea
1526 698 1726 741 quaereret,

287 751 355 787 sed
382 764 456 801 quo
487 752 534 788 ab
563 752 678 789 invito
706 752 784 790 filio
810 753 1096 791 concessionem
1126 761 1368 803 extorqueret
1388 754 1488 791 hunc
1509 766 1668 803 puerum
1689 753 1727 790 in

286 812 482 863 phratoras
512 813 715 852 inducendi
732 828 740 856 ;
779 815 845 852 sed
881 815 978 852 idern
1012 814 1122 853 simul
1152 815 1226 853 hoe
1256 828 1406 866 quoque
1438 815 1624 866 prodebat
1656 814 1725 853 hos

286 888 428 926 pueros
450 889 470 913 e
486 883 603 913 matre
621 889 694 914 non
716 876 883 926 ingenua
912 884 1020 914 natos
1041 877 1169 914 fuisse.
1231 876 1381 926 Ecquid
1408 877 1508 914 enirn
1529 875 1728 927 oportebat

284 949 371 973 eum
391 949 544 974 uxorem
565 937 720 983 ducere,
742 938 948 983 Androcle,
968 938 998 975 si
1023 938 1061 974 hi
1089 938 1194 988 pueri
1224 950 1270 975 ex
1297 951 1350 983 se,
1371 938 1451 975 cive
1477 939 1620 984 Attico,
1640 945 1678 976 et
1702 951 1723 976 e

285 997 440 1034 muliere
459 1010 546 1046 quae
567 998 703 1047 pariter
722 998 814 1036 civis
836 998 964 1036 Attica
981 1005 1097 1043 esset,
1118 998 1197 1035 nati
1216 997 1346 1035 erant?
1375 998 1506 1048 ecquis
1526 999 1627 1036 enim
1656 999 1724 1036 irn-

282 1057 410 1108 pedire
430 1058 630 1107 potuisset,
651 1072 728 1108 quo
748 1059 873 1096 minus
893 1071 973 1105 eos,
989 1058 1020 1096 si
1041 1072 1127 1096 vere
1147 1058 1302 1109 ingenui
1324 1058 1497 1104 fuissent,
1514 1058 1552 1096 in
1572 1059 1726 1109 phrato-

281 1131 342 1155 ras
364 1117 584 1156 induceret?
627 1127 694 1157 aut
721 1132 787 1157 cur
815 1121 886 1158 sub
915 1120 1028 1158 certis
1052 1120 1240 1158 condictis
1268 1126 1307 1158 et
1326 1120 1517 1171 stipulatis
1538 1121 1724 1159 conditio-

282 1179 391 1216 nibus
410 1179 512 1217 hune
534 1180 811 1219 Euctemonem
832 1182 1024 1233 juniorem
1042 1195 1108 1233 pro
1129 1181 1204 1218 filio
1225 1182 1261 1218 in
1282 1181 1480 1232 phratoras
1500 1182 1726 1227 induxisset,

284 1240 315 1278 si
336 1248 456 1279 mater
474 1241 555 1293 ejus
581 1243 748 1294 ingenua
774 1250 812 1282 et
830 1244 923 1282 civis
949 1244 1097 1289 fuisset,
1114 1244 1199 1294 lege
1219 1244 1394 1282 edicente
1414 1250 1456 1281 ut
1473 1244 1578 1282 liberi
1595 1257 1725 1282 omnes

282 1303 353 1342 rite
372 1304 449 1342 nati
470 1305 546 1355 pari
566 1312 603 1343 et
623 1306 762 1357 aequali
785 1306 874 1357 jure
903 1307 940 1344 in
966 1306 1221 1354 herciscundo
1251 1307 1478 1356 patrimonio
1505 1307 1726 1358 gaudeant?

284 1371 351 1403 aut
370 1378 437 1403 cur
451 1366 636 1405 seniorem
650 1368 804 1418 quidem
822 1368 955 1405 horum
969 1368 1086 1406 duum
1107 1381 1310 1419 puerorum
1323 1369 1394 1406 sub
1409 1374 1522 1420 pacto
1537 1376 1726 1407 certarum

283 1427 543 1465 conditionum
563 1429 600 1466 in
623 1430 822 1480 phratoras
842 1430 1066 1476 induxisset,
1087 1430 1241 1469 minoris
1260 1439 1388 1469 autem
1407 1431 1551 1469 nullam
1573 1445 1725 1482 prorsus

282 1488 480 1527 habuisset
498 1491 679 1529 rationem
700 1480 920 1543 nuliamque
941 1492 1093 1531 fecisset
1120 1493 1202 1544 ejus
1227 1493 1474 1538 mentionem,
1496 1493 1618 1531 donec
1637 1494 1726 1531 Phi-

282 1550 472 1588 loctemon
495 1552 695 1602 superfuit,
715 1565 838 1602 neque
861 1553 909 1590 ad
930 1554 1056 1603 ipsum
1078 1553 1407 1591 Philoctemonem
1427 1567 1552 1604 neque
1572 1553 1619 1592 ad
1642 1555 1726 1592 reli-

282 1624 377 1662 quos
397 1612 656 1650 necessarios?
685 1626 772 1651 curn
787 1623 828 1651 tu
849 1620 991 1660 tamen,
1009 1613 1216 1660 Androcle,
1233 1615 1306 1652 hos
1325 1614 1458 1652 ambos
1480 1615 1726 1654 Euctemonis

284 1673 422 1710 liberos
448 1673 680 1723 perhibueris
708 1688 808 1720 esse,
831 1674 980 1713 disertis
1003 1676 1122 1714 verbis
1143 1676 1180 1713 in
1202 1676 1421 1714 testimonio
1442 1676 1561 1722 aiens,
1574 1677 1643 1716 hos
1660 1690 1726 1728 ge-

283 1733 419 1772 nuinos
437 1733 683 1772 Euctemonis
703 1735 841 1773 liberos
861 1743 976 1786 atque
994 1736 1155 1775 heredes
1175 1736 1284 1775 esse?
1314 1737 1414 1775 Vera
1433 1737 1517 1776 haec
1533 1751 1556 1776 a
1575 1751 1633 1776 me
1654 1738 1727 1776 dici

282 1808 358 1846 quo
377 1802 542 1843 constet,
561 1797 679 1834 recita
698 1803 739 1834 tu
757 1796 842 1834 haec
861 1796 1092 1836 testimonia.

825 1901 1181 1939 TESTIMONIA.

336 1977 372 2014 6.
414 1977 637 2015 Secundum
667 1978 749 2016 haec
778 1986 888 2030 gesta
916 1979 1180 2018 Philoctemon
1211 1982 1457 2020 trierarchatu
1489 1982 1653 2034 fungens
1688 1984 1724 2021 in

283 2051 412 2089 pugna
438 2039 563 2077 navali
589 2039 689 2091 apud
711 2040 879 2079 Cnidum
897 2041 1037 2080 cecidit
1062 2043 1110 2080 ab
1130 2042 1305 2081 hostibus
1325 2044 1586 2096 interemptus.
1642 2045 1723 2083 Ali·

281 2107 426 2150 quanto
445 2109 533 2151 post
553 2103 767 2141 Euctemon
787 2104 837 2142 ad
868 2117 1028 2154 generos
1055 2105 1251 2155 professus
1271 2113 1341 2153 est,
1365 2120 1404 2145 se
1423 2108 1520 2146 velle
1545 2115 1659 2159 pacta
1686 2109 1724 2146 in

282 2174 370 2212 quae
392 2162 463 2199 sibi
490 2176 575 2200 cum
603 2163 683 2201 filio
712 2165 955 2203 convenisset
981 2166 1194 2203 tabularum
1224 2168 1478 2207 monumentis
1497 2170 1725 2220 consignata

283 2223 487 2275 deponere.
544 2225 593 2262 Et
612 2225 704 2263 alter
723 2227 878 2276 qui-dem
909 2240 1148 2277 generorum,
1165 2229 1230 2279 qui
1258 2230 1292 2267 ei
1323 2230 1400 2268 duo
1428 2239 1548 2276 erant,
1571 2231 1722 2271 Phano-

283 2291 424 2323 stratus
444 2284 480 2322 in
500 2286 697 2337 procinctu
716 2288 844 2325 stabat
864 2302 908 2331 ea
927 2302 1016 2327 cum
1035 2289 1157 2327 classe
1182 2290 1243 2327 cui
1274 2291 1497 2330 Timotheus
1524 2293 1737 2344 imperator*

281 2353 445 2397 praeerat
470 2360 491 2385 e
518 2355 629 2398 portu
662 2348 847 2394 solvendi,
866 2357 904 2387 et
929 2351 1010 2401 jam
1046 2353 1165 2396 navis,
1185 2365 1299 2402 quam
1331 2353 1611 2393 Phanostratus
1637 2369 1725 2394 cum

281 2408 437 2460 imperio
470 2409 663 2447 trierarchi
695 2411 887 2455 tuebatur,
919 2412 968 2449 ad
997 2425 1174 2451 ancoram
1208 2414 1335 2452 stabat
1369 2415 1418 2453 ad
1452 2416 1724 2468 Munychiam;

283 2470 378 2509 alter
410 2477 537 2509 autem
566 2471 814 2510 Euctemonis
846 2485 963 2523 gener
994 2474 1175 2513 Chaereas
1206 2489 1466 2526 congerierum
1491 2477 1723 2516 Phanostra-

282 2538 363 2569 tum
393 2532 443 2570 ad
475 2539 626 2583 portum
660 2533 886 2579 deduxerat,
916 2535 986 2573 iter
1015 2536 1243 2574 maritimum
1275 2538 1534 2588 ingressurum
1569 2539 1724 2578 honoris

281 2607 400 2632 causa
419 2602 660 2646 prosecutus.
715 2595 815 2633 Illuc
835 2609 925 2647 ergo
940 2597 1006 2634 ubi
1025 2597 1132 2635 navis
1153 2600 1279 2636 stabat
1304 2599 1515 2637 Euctemon
1533 2600 1724 2647 veniebat,

280 2667 410 2694 secum
429 2657 575 2695 habens
596 2658 738 2695 amicos
758 2657 947 2708 quosdam
967 2658 1154 2703 adscit0s;
1182 2666 1221 2696 et
1237 2673 1325 2697 cum
1349 2662 1566 2699 testamenti
1585 2663 1724 2702 tabulis

279 2717 559 2768 consignasset,
578 2718 716 2770 quibus
737 2720 1017 2758 conditionibus
1032 2733 1191 2771 puerum
1208 2721 1500 2771 [Euctemonem
1514 2724 1723 2774 juniorem]

280 2778 319 2815 in
338 2778 535 2830 phratoras
556 2780 785 2826 induxisset,
803 2794 879 2819 una
897 2794 983 2820 cum
1003 2781 1061 2820 his
1088 2781 1363 2832 [Phanostrato
1383 2791 1420 2822 et
1447 2784 1625 2833 Chaerea]
1654 2785 1722 2824 de-

279 2839 385 2890 ponit
399 2840 500 2891 [illas
516 2842 685 2892 tabulas]
700 2842 803 2894 apud
817 2843 1081 2895 Pythodorum
1095 2843 1384 2895 Cephisiensem
1400 2853 1580 2897 agnatum
1597 2859 1722 2885 suum.

282 2900 391 2949 Haec,
409 2915 495 2953 quae
510 2903 589 2954 egit
609 2903 836 2951 Euctemon,
856 2918 944 2943 eum
962 2919 1039 2944 non
1058 2906 1185 2956 egisse
1199 2913 1385 2956 tanquam
1403 2919 1471 2957 pro
1485 2907 1571 2945 filiis
1593 2908 1721 2960 genui-
