1870 3277
270 207 320 242 74
867 203 1151 242 ISOCRATIS

267 306 475 360 provinciae
501 305 715 352 dominum,
749 312 787 343 et
815 319 863 343 ex
892 306 1075 345 Herculis
1110 307 1336 358 posteritate
1367 313 1507 351 ortum,
1536 314 1575 343 et
1604 305 1744 344 ducem

269 382 395 415 suum,
428 381 496 419 per
528 367 686 405 insidias
721 367 950 406 occiderint.
1009 369 1133 421 Cujus
1168 369 1275 407 liberi
1307 369 1428 406 vitato
1453 368 1622 420 periculo
1655 381 1746 417 sup·

267 430 392 481 plices
423 429 514 468 huic
532 429 618 467 urbi
650 429 742 467 facti
763 436 865 475 sunt,
901 430 1120 481 traditaque
1153 431 1309 482 regione
1337 430 1529 481 petierunt
1557 438 1600 467 ut
1628 429 1746 480 patris

265 506 402 532 necem
435 491 734 531 ulcisceremini.
794 491 873 529 Vos
907 492 1022 543 igitur
1043 494 1223 532 consulto
1257 493 1430 537 oraculo,
1449 492 1548 543 jussi
1578 500 1616 529 et
1644 491 1746 529 acci-

269 568 364 606 pere
380 568 468 606 quae
489 554 716 593 offerrentur
736 561 775 591 et
792 566 904 604 opem
927 556 1023 593 ferre
1045 554 1192 594 affectis
1213 555 1365 606 injuria,
1383 554 1495 593 victis
1515 554 1618 591 bello
1640 554 1748 591 Mes-

270 618 388 656 seniis
410 618 466 657 sic
487 630 619 656 eorum
634 629 770 667 agrum
789 623 828 654 et
848 617 981 655 urbem
1003 618 1040 655 in
1062 626 1228 656 vestram
1250 618 1436 656 ditionem
1453 624 1492 655 et
1513 622 1746 666 potestatem

274 681 493 733 redegistis.

328 745 365 780 8.
397 744 454 780 Ac
475 742 523 781 de
543 742 667 793 primo
687 740 843 792 quidem
859 747 988 779 vestro
1002 741 1090 792 jure
1118 742 1191 780 etsi
1213 754 1289 779 non
1310 746 1492 779 accurate
1514 737 1678 777 disserui
1696 758 1748 764 --

272 816 345 842 nec
379 804 479 842 enim
514 803 590 842 hoc
623 810 776 854 tempus
807 803 952 854 patitur
977 803 1195 841 consectari
1226 802 1366 847 onmia,
1399 802 1467 840 sed
1500 813 1660 839 necesse
1692 804 1750 836 est

269 867 469 904 brevitatis
504 866 632 917 potius
667 879 783 916 quam
823 865 1107 916 perspicuitatis
1137 866 1322 904 rationem
1355 864 1497 903 habere
1512 886 1576 910 -—,
1608 876 1655 901 ex
1687 861 1747 899 his

273 928 368 979 ipsis
400 935 529 966 tamen
564 928 743 966 omnibus
778 927 1028 978 perspicuum
1056 941 1140 966 esse
1173 927 1335 966 arbitror
1372 939 1447 964 non
1480 925 1591 964 aliam
1625 924 1749 961 fuisse

271 990 461 1029 rationem
483 993 565 1039 ejus
597 989 764 1041 regionis
794 989 1041 1040 acquirendae
1061 1003 1176 1040 quam
1207 997 1377 1028 nostram
1405 1002 1492 1027 esse
1517 988 1751 1026 confitentur

273 1065 409 1090 omnes
432 1066 547 1103 quam
569 1059 843 1090 controversae.
901 1052 998 1089 Tum
1020 1052 1121 1090 enim
1141 1052 1242 1090 hanc
1259 1051 1437 1096 colimus,
1453 1057 1490 1088 et
1505 1050 1552 1087 ab
1567 1047 1750 1087 Herculis

273 1114 501 1165 posteritate
540 1114 684 1158 datam,
719 1120 758 1151 et
788 1113 980 1164 Delphico
1020 1113 1181 1151 oraculo
1218 1113 1501 1157 confirmatam,
1535 1118 1576 1148 et
1614 1111 1749 1149 incolis

271 1174 355 1226 ejus
387 1174 490 1212 bello
524 1174 742 1226 superatis:
774 1181 854 1211 tum
886 1174 987 1212 illam
1011 1176 1059 1212 ab
1089 1175 1225 1212 iisdem
1253 1175 1468 1224 eodemque
1499 1173 1616 1211 modo
1643 1185 1753 1211 acce·

271 1237 400 1288 pimus
428 1244 468 1275 et
501 1237 637 1275 iisdem
668 1236 726 1274 usi
757 1235 1108 1274 vaticinationibus.
1167 1235 1282 1279 Quod
1306 1235 1336 1273 si
1363 1235 1436 1273 hoc
1470 1234 1596 1272 animo
1617 1246 1751 1271 sumus

272 1305 316 1336 ut
355 1298 464 1336 nulla
501 1298 538 1336 in
575 1312 614 1336 re
653 1299 707 1336 eis
746 1311 1021 1349 repugnemus,
1061 1297 1212 1335 etiamsi
1246 1298 1426 1348 Spartam
1466 1296 1644 1333 deserere
1681 1307 1751 1334 nos

267 1361 470 1412 jusserint,
510 1373 842 1412 supervacaneum
882 1367 942 1397 est
974 1360 1022 1397 de
1058 1360 1244 1397 Messena
1282 1371 1518 1410 magnopere
1550 1358 1749 1395 laborare:

271 1422 332 1461 sin
365 1435 477 1460 nemo
508 1431 679 1460 vestrum
712 1429 773 1459 est
802 1422 867 1472 qui
902 1422 1025 1472 patria
1058 1421 1245 1472 spoliatus
1276 1421 1401 1458 vivere
1433 1420 1638 1463 sustineat,
1673 1431 1752 1457 non

272 1483 385 1521 aliter
406 1484 523 1521 etiam
546 1484 593 1521 de
616 1483 682 1521 illa
703 1483 855 1521 debetis
878 1496 963 1521 esse
985 1482 1157 1521 animati.
1215 1482 1323 1521 Idem
1345 1482 1446 1520 enim
1468 1482 1645 1532 utrinque
1665 1480 1749 1533 jus,

273 1544 410 1583 eadem
431 1545 603 1583 defensio
623 1545 735 1582 nobis
758 1551 831 1582 est.

327 1608 366 1645 9.
399 1606 592 1644 Praeterea
622 1619 692 1644 nec
723 1605 819 1643 illud
847 1619 915 1643 vos
946 1604 1131 1656 praeterit,
1161 1605 1434 1656 possessiones
1467 1604 1547 1642 sive
1580 1603 1751 1654 privatas

270 1668 350 1707 sive
381 1668 557 1720 publicas
588 1667 881 1718 praescriptione
910 1667 1018 1718 longi
1046 1668 1227 1718 temporis
1258 1674 1296 1705 et
1323 1666 1543 1706 confirmari
1573 1673 1612 1703 et
1640 1665 1754 1715 patri-

272 1729 389 1768 monii
410 1729 497 1768 loco
518 1728 734 1774 habendas,
767 1740 995 1779 persuasum
1016 1741 1102 1766 esse
1129 1728 1322 1765 omnibus.
1381 1728 1463 1765 Nos
1484 1734 1611 1764 autem
1642 1726 1752 1765 Mes-

273 1804 409 1830 senam
454 1790 629 1841 cepimus
675 1790 902 1841 priusquam
948 1789 1080 1828 Persae
1117 1803 1238 1840 regno
1284 1790 1499 1841 potirentur
1535 1789 1753 1840 Asiamque

273 1854 516 1904 subigerent,
534 1860 576 1890 et
597 1852 822 1903 priusquam
844 1852 1038 1903 pleraeque
1060 1852 1214 1890 Graecae
1236 1853 1349 1890 urbes
1371 1851 1644 1889 conderentur.
1703 1851 1754 1889 Et

272 1928 392 1966 quum
429 1922 539 1953 tanta
571 1921 717 1953 nostrae
748 1927 879 1953 causae
914 1914 963 1952 sit
996 1915 1175 1966 aequitas,
1212 1914 1387 1953 Thebani
1416 1915 1581 1952 barbaro
1614 1914 1752 1952 Asiam

273 1985 461 2028 tanquam
499 1977 773 2028 patrimonium
808 1976 1047 2027 adjudicant,
1087 1976 1153 2027 qui
1184 1977 1358 2014 nondum
1398 1976 1589 2014 ducentos
1627 1987 1750 2013 annos

276 2052 403 2078 rerum
425 2039 570 2090 potitus
593 2045 667 2084 est,
692 2038 805 2077 nobis
826 2046 954 2076 autem
978 2038 1217 2084 Messenam,
1239 2051 1354 2089 quarn
1378 2037 1498 2088 duplo
1518 2037 1672 2086 longius
1693 2042 1753 2074 te-

275 2102 445 2146 nuimus,
485 2108 659 2152 ereptum
695 2108 810 2139 eunt:
861 2114 905 2139 ac
934 2100 1103 2138 Plataeas
1138 2100 1296 2151 quidem
1337 2107 1376 2138 et
1410 2099 1603 2150 Thespias
1632 2111 1756 2149 nuper

275 2163 487 2202 admodum
518 2169 753 2208 everterunt,
775 2162 877 2200 hanc
908 2169 1035 2200 autem
1064 2169 1155 2212 post
1184 2161 1495 2212 quadringentos
1521 2174 1645 2198 annos
1666 2165 1757 2198 sunt

276 2224 543 2270 instauraturi,
561 2223 698 2261 horum
716 2223 1160 2275 utroquejusjurandum
1174 2230 1213 2260 et
1231 2222 1378 2260 foedera
1392 2222 1595 2260 violantes.
1635 2221 1753 2266 Quod

273 2289 304 2327 si
336 2301 542 2339 germanos
572 2287 795 2324 Messenios
828 2286 1089 2331 restituerent,
1115 2285 1255 2336 injuste
1276 2284 1433 2334 quidem
1467 2285 1653 2329 facerent,
1684 2283 1754 2321 sed

274 2351 403 2389 minus
426 2350 531 2401 queri
563 2356 693 2387 tamen
723 2348 769 2386 de
789 2361 921 2386 eorum
952 2347 1093 2399 injuria
1123 2359 1352 2398 possemus:
1384 2359 1487 2383 nunc
1521 2345 1686 2383 Helotas
1717 2345 1755 2382 in

275 2413 416 2452 vicinia
436 2419 569 2450 nostra
595 2410 806 2455 collocant,
831 2423 951 2461 quare
972 2423 1047 2447 non
1074 2409 1148 2447 hoc
1168 2409 1438 2459 gravissimum
1461 2415 1533 2452 est,
1565 2409 1594 2445 si
1615 2414 1756 2458 praeter

269 2475 334 2526 jus
350 2483 389 2512 et
409 2486 564 2524 aequum
586 2478 716 2510 nostra
736 2471 930 2522 possessio
952 2471 1063 2510 nobis
1085 2471 1288 2516 adimetur,
1305 2469 1375 2507 sed
1395 2470 1426 2507 si
1444 2469 1624 2507 dominos
1650 2469 1753 2506 illius

275 2551 360 2576 esse
380 2537 596 2576 videbimus
618 2542 775 2573 nostros
799 2547 944 2572 servos.

338 2600 398 2637 10.
429 2599 519 2637 Jam
536 2612 583 2636 ex
609 2597 669 2634 his
691 2610 778 2648 quae
798 2602 1013 2646 sequuntur
1039 2594 1161 2645 magis
1184 2594 1298 2632 etIam
1318 2594 1574 2645 perspicietis,
1593 2601 1631 2632 et
1650 2607 1755 2632 nunc

278 2662 409 2712 inique
444 2660 599 2698 tractari
633 2672 704 2697 nos
734 2665 774 2696 et
804 2667 898 2697 tunc
927 2658 1150 2696 Messenam
1174 2656 1262 2708 jure
1297 2656 1479 2694 tenuisse.
1538 2656 1639 2693 Nam
1666 2662 1757 2706 post

280 2723 404 2761 multa
423 2722 556 2773 praelia
582 2721 792 2760 commissa
818 2719 976 2758 tandem
997 2732 1135 2770 pacem
1154 2718 1285 2756 facere
1316 2717 1440 2756 coacti
1461 2730 1611 2762 sumus,
1634 2730 1755 2768 quum

281 2785 436 2838 quidem
458 2783 579 2821 multo
594 2783 705 2834 pejus
723 2781 924 2821 nobiscum
942 2794 1057 2832 quam
1079 2794 1169 2820 cum
1189 2779 1364 2818 hostibus
1379 2786 1572 2830 ageretur.
1630 2779 1755 2830 Atqui

280 2860 398 2899 quum
427 2845 472 2883 iis
492 2845 729 2896 temporibus
751 2843 994 2882 conditiones
1015 2843 1221 2886 ferrentur,
1242 2841 1385 2892 quibus
1406 2841 1485 2879 fleri
1506 2853 1581 2878 non
1607 2848 1758 2892 poterat

282 2915 325 2947 nt
354 2921 426 2947 nos
447 2906 606 2945 meliore
627 2905 849 2943 conditione
879 2918 1067 2951 essemus,
1087 2904 1135 2942 de
1163 2903 1245 2942 aliis
1265 2902 1494 2954 quibusdam
1515 2903 1632 2943 rebus
1663 2916 1756 2942 con-

280 2970 477 3010 tentiones
505 2966 735 3014 inciderunt‚
757 2967 826 3006 sed
856 2966 1079 3006 Messanam
1100 2965 1244 3016 injuste
1271 2978 1342 3004 nos
1361 2971 1508 3011 tenere,
1534 2977 1661 3015 neque
1688 2977 1756 3002 rex
