1870 3277
616 208 834 246 CONTRA
862 204 1212 244 LEOCRATEM.
1529 196 1606 232 473

240 329 242 331 ’
258 330 417 361 HoSPES
436 331 600 360 NUNCIA
619 329 951 360 LACEDAEMONIIS
971 327 1084 362 QUOD
1107 327 1179 355 HIC

295 379 518 409 JACEAMUS
538 379 687 407 EORUM
707 376 927 407 PARENTES
950 374 1197 407 INSTITUTIS,

180 457 229 495 de
248 458 381 495 vestris
401 465 527 496 autem
545 458 747 509 majoribus

256 535 338 563 PRO
358 534 523 563 GRAECIS
544 518 799 562 PUGNANTES
819 531 1114 560 ATHENIENSES
1135 528 1403 558 MARATHONE

295 581 509 609 MEDORUM
529 580 645 608 AURO
665 577 932 607 ORNATORUM
952 576 1283 606 PROFLIGARUNT
1301 573 1557 602 POTENTIAM.

232 669 297 706 29.
337 669 431 707 Haec
462 668 511 707 ad
537 666 752 705 memoriam
786 679 976 710 revocare,
1011 665 1276 709 Athenienses,
1297 663 1512 715 jucundum
1540 669 1611 706 est,

180 730 386 780 quinetiam
407 731 519 768 rebus
540 730 656 780 gestis
677 727 826 765 laudern
850 729 1021 767 tribuunt
1043 736 1157 777 atque
1184 728 1265 764 urbi
1289 726 1447 777 gloriam
1474 724 1611 775 sempi-

181 798 327 828 ternam
346 792 532 841 praebent.
588 789 731 827 Verum
752 789 952 827 Leocrates
973 790 1182 827 secundum
1202 789 1286 825 haec
1306 800 1392 825 sese
1411 786 1611 835 haudqua-

180 865 292 901 quam
319 852 448 901 gessit,
466 851 534 889 sed
554 857 689 901 sponte
714 863 784 888 sua
811 864 857 888 ex
882 850 982 889 omni
1009 863 1090 888 aevo
1115 849 1316 888 collectam
1343 849 1427 886 urbi
1454 848 1612 898 gloriam

181 910 437 951 dedecoravit.
478 910 519 948 Si
537 911 662 961 ipsum
682 910 811 961 itaque
828 911 1051 956 occideritis,
1065 910 1281 948 videbimini
1300 909 1448 947 cunctis
1469 907 1616 945 Graeeis

183 971 298 1010 etiam
326 985 394 1010 vos
426 972 615 1022 ejusmodi
642 984 758 1023 opera
787 972 936 1010 odisse:
966 972 1022 1009 sin
1055 973 1191 1017 minus,
1211 972 1323 1010 etiam
1354 968 1616 1020 progenitores

181 1039 307 1070 vetere
323 1032 442 1082 gloria
457 1033 638 1071 orbabitis
654 1033 822 1084 aliosque
842 1034 944 1071 cives
963 1033 1160 1084 plurimum
1181 1031 1394 1071 offendetis.
1425 1031 1500 1074 Qui
1515 1029 1615 1067 enim

183 1093 270 1131 illos
296 1107 370 1131 non
389 1093 635 1137 demirantur,
654 1094 755 1132 hunc
775 1095 976 1132 tentabunt
994 1094 1143 1138 imitari,
1165 1093 1422 1131 existimantes
1442 1092 1507 1128 illa
1532 1091 1616 1141 qui-

185 1154 272 1192 dem
293 1154 396 1206 apud
410 1155 538 1193 hostes
559 1155 723 1206 probari,
743 1156 841 1206 apud
859 1169 925 1194 vos
943 1162 1069 1194 autem
1090 1155 1363 1206 impudentiam
1382 1160 1421 1190 et
1439 1152 1619 1204 proditio-

186 1230 273 1255 nem
290 1223 328 1254 et
341 1216 531 1267 ignaviam
544 1217 707 1267 judicari
722 1218 1014 1269 pulcherrimum
1034 1217 1214 1268 quiddam
1233 1229 1331 1254 esse.

242 1279 308 1315 30.
339 1278 455 1320 Quod
475 1278 507 1315 si
526 1290 550 1315 a
564 1291 622 1315 me
644 1278 770 1316 doceri
791 1291 866 1317 non
884 1279 1036 1330 possitis
1056 1278 1248 1330 quomodo
1265 1277 1434 1315 debeatis
1448 1289 1516 1313 vos
1531 1287 1621 1325 erga

190 1337 284 1376 adeo
302 1338 508 1377 sceleratos
530 1351 673 1388 gerere,
693 1339 930 1377 considerate
956 1340 1042 1378 illos
1072 1340 1233 1390 majores
1261 1345 1409 1376 nostros
1430 1336 1622 1387 quomodo

186 1400 414 1450 sumpserint
432 1400 480 1437 de
494 1400 712 1438 facinorosis
729 1401 978 1451 supplicium:
1009 1408 1053 1438 ut
1071 1401 1170 1438 enim
1191 1401 1349 1438 honesta
1370 1411 1486 1450 opera
1505 1411 1619 1435 nove·

186 1467 275 1498 runt
299 1461 520 1512 provehere,
541 1463 596 1499 sic
624 1469 664 1499 et
692 1474 808 1512 prava
836 1464 1056 1500 statuebant
1081 1463 1227 1513 punire.
1285 1461 1343 1498 Illi
1362 1461 1461 1499 enim
1481 1459 1621 1506 videte,

181 1521 344 1571 judices,
360 1535 474 1572 quarn
493 1522 631 1571 fuerint
659 1523 845 1573 indignati
864 1524 1116 1574 proditoribus
1144 1530 1182 1561 et
1208 1523 1381 1574 publicos
1407 1517 1623 1574 putaverint

189 1597 274 1622 esse
293 1584 424 1624 hostes
444 1585 619 1623 civitatis.
664 1584 882 1635 Phrynicho
901 1586 1000 1623 enim
1021 1593 1132 1623 noctu
1158 1585 1339 1636 jugulato
1359 1585 1461 1635 apud
1479 1583 1623 1622 fontem

188 1646 226 1682 in
247 1646 403 1684 saliceto
417 1647 463 1684 ab
478 1645 713 1696 Apollodoro
728 1654 766 1684 et
778 1647 1031 1698 Thrasybulo,
1045 1647 1177 1697 hisque
1192 1646 1311 1696 captis
1326 1653 1363 1683 et
1380 1646 1417 1683 in
1432 1657 1622 1683 carcerem

191 1706 366 1758 repositis
387 1719 409 1743 a
427 1706 632 1756 Phrynichi
654 1708 798 1751 amicis,
819 1709 986 1746 sentiens
1007 1708 1165 1760 populus
1185 1708 1222 1744 id
1242 1707 1342 1757 quod
1364 1707 1504 1744 factum
1524 1713 1626 1744 esset

191 1774 230 1805 et
254 1766 493 1817 mancipatos
515 1767 732 1804 carceribus
753 1769 884 1805 eduxit
907 1769 1215 1817 examinatosque
1237 1780 1302 1817 per
1321 1774 1507 1805 tormenta
1527 1768 1624 1818 diju-

190 1828 342 1873 dicavit,
359 1839 610 1877 quaerensque
628 1839 705 1864 rem
722 1828 935 1865 accuratius
955 1827 1097 1866 invenit
1115 1826 1372 1876 Phrynichum
1391 1829 1543 1877 quidem
1558 1841 1624 1879 pa-

194 1890 275 1928 triae
303 1902 389 1927 esse
416 1887 661 1939 proditorem,
689 1900 754 1926 eos
783 1896 908 1927 autem
934 1889 998 1939 qui
1025 1890 1147 1939 ipsum
1182 1887 1460 1927 interfecissent
1487 1889 1625 1940 injuste

194 1950 379 1989 custodiae
396 1950 581 1993 intrusos;
613 1949 777 2000 fecitque
805 1950 1000 1988 decretum
1034 1949 1197 2000 populus
1224 1949 1343 1986 Critia
1371 1949 1533 1995 dicente,
1550 1963 1625 2001 quo

195 2011 328 2049 statuit
345 2018 534 2048 mortuum
555 2011 816 2049 accusandum
837 2010 1075 2062 proditionis,
1098 2023 1142 2048 ac
1168 2011 1198 2048 si
1217 2016 1412 2060 appareat,
1433 2024 1518 2048 curn
1540 2025 1624 2062 pro-

195 2073 294 2112 ditor
312 2078 430 2118 esset,
450 2084 536 2109 eum
556 2072 593 2110 in
619 2073 746 2110 Attica
771 2084 855 2110 esse
885 2071 1091 2123 sepultum,
1112 2084 1276 2121 ossaque
1300 2071 1380 2122 ejus
1410 2072 1627 2111 effodienda

195 2132 562 2183 exterminandaque
589 2140 696 2171 extra
725 2140 860 2171 terram
881 2134 1060 2179 Atticam,
1080 2140 1123 2170 ut
1151 2146 1200 2170 ne
1221 2133 1258 2169 in
1278 2145 1323 2170 ea
1341 2134 1496 2183 regione
1518 2147 1626 2172 recu·

194 2197 287 2234 bent
305 2195 365 2233 vel
384 2208 471 2233 ossa
488 2196 570 2244 ejus
589 2196 654 2245 qui
674 2195 864 2245 regionem
883 2205 924 2233 et
941 2197 1072 2233 urbem
1088 2194 1309 2245 prodiderit.
1365 2195 1627 2234 Decreverunt

196 2263 324 2295 autem
346 2255 534 2307 [quidam]
553 2256 656 2306 quod
678 2256 705 2293 si
727 2257 791 2306 qui
811 2269 955 2295 caesum
985 2256 1091 2293 illum
1121 2255 1373 2301 defenderint,
1396 2257 1426 2293 si
1456 2263 1626 2294 mortuus

197 2317 312 2356 fuerit
339 2317 552 2362 convictus,
581 2317 721 2355 eisdem
750 2330 815 2355 eos
845 2317 964 2368 poenis
994 2316 1182 2355 obnoxios
1217 2329 1302 2354 esse
1335 2316 1491 2354 debere:
1530 2318 1627 2355 adeo

199 2391 321 2428 neque
341 2377 515 2428 opitulari
533 2378 587 2415 eis
615 2378 679 2428 qui
707 2378 800 2416 alios
821 2378 1039 2416 desererent
1069 2378 1344 2416 arbitrabantur
1365 2379 1510 2426 justum
1531 2391 1628 2423 esse,

200 2439 269 2477 sed
289 2452 401 2489 aequa
418 2439 563 2476 ratione
587 2439 745 2490 prodere
772 2441 902 2478 urbem
922 2452 1007 2478 eum
1029 2440 1091 2490 qui
1118 2439 1347 2490 proditorem
1375 2447 1629 2477 conservaret.

201 2501 440 2552 Quapropter
457 2501 559 2538 hunc
577 2501 615 2537 in
636 2501 788 2539 modum
808 2502 895 2540 odio
921 2508 1196 2553 prosequentes
1222 2500 1429 2551 flagitiosos
1458 2501 1629 2551 talesque

202 2561 406 2600 adversum
426 2573 492 2600 eos
507 2575 639 2613 poenas
655 2562 904 2602 decernentes
923 2571 1002 2600 tuto
1022 2575 1041 2600 e
1060 2562 1236 2613 periculis
1256 2562 1525 2600 liberabantur.
1555 2563 1629 2599 Ac-

202 2622 286 2673 cipe
305 2631 430 2661 autem
447 2623 535 2673 ipsis
556 2625 769 2668 decretum,
789 2625 924 2669 scriba,
941 2631 978 2661 et
998 2624 1124 2662 recita.

760 2765 1072 2802 DECRETUM.

204 2854 369 2904 Auditis,
383 2854 547 2906 judices,
568 2855 640 2894 hoo
657 2856 866 2902 decretum.
922 2858 1072 2896 Deinde
1092 2858 1143 2895 illi
1163 2858 1315 2907 quidem
1335 2857 1534 2909 proditoris
1548 2871 1633 2896 ossa

208 2914 428 2954 effodientes
447 2929 496 2955 ex
517 2917 649 2955 Attica
673 2921 876 2966 ejecerunt,
891 2925 1005 2969 atque
1035 2932 1100 2957 eos
1129 2919 1191 2969 qui
1220 2919 1339 2970 ipsum
1372 2919 1634 2962 defenderant,

893 2981 914 3016 3
936 2993 958 3016 Ρ
