1870 3277
220 189 291 225 172
399 228 402 232 ⁴
831 187 1123 226 lSOCRATls

228 288 309 326 fieti
323 288 384 327 vel
398 289 524 327 verius
545 290 603 327 vel
624 290 775 340 aequius
797 290 861 328 illo
878 304 964 342 quae
987 304 1008 329 a
1031 298 1111 329 tota
1132 298 1249 342 gente
1269 292 1556 342 pronuntiatum
1580 300 1698 330 esset.

232 351 311 388 Eos
332 356 460 389 autem
481 350 534 389 ita
551 352 716 389 sensisse
733 364 820 390 cum
843 365 888 390 ex
911 353 992 391 aliis
1014 366 1145 391 eorum
1165 353 1260 391 actis
1280 353 1317 390 in
1338 353 1534 403 republica
1555 355 1700 405 perspi-

231 412 343 458 citur,
364 419 444 450 tum
465 426 486 451 e
505 413 619 451 rebus
642 414 796 450 maximi
818 415 1017 452 momenti.
1076 416 1177 452 Nam
1205 427 1321 464 quum
1344 413 1470 452 Graeci
1499 416 1570 452 tria
1597 415 1702 453 bella

229 481 370 526 praeter
397 475 605 526 Trojanum
640 487 727 512 cum
767 476 939 513 barbaris
973 477 1176 526 gesserint,
1209 477 1245 513 in
1280 475 1340 513 his
1378 476 1555 513 omnibus
1590 489 1698 513 suam

227 537 360 574 urbem
380 537 589 588 principem
608 536 874 574 exhibuerunt.
933 538 1108 580 Quorum
1128 551 1243 575 unum
1261 538 1331 575 fuit
1345 537 1552 582 Xerxeum‚
1568 538 1603 574 in
1622 550 1699 587 quo

227 597 410 648 quicquid
432 597 588 648 periculi
611 597 835 634 adeundum
857 598 927 636 fuit
948 606 1057 638 tanto
1079 599 1370 650 praestantiores
1390 598 1496 636 fuere
1518 599 1700 636 Lacedae-

228 659 366 697 moniis
379 665 524 709 quanto
539 658 592 695 illi
607 658 712 698 aliis:
735 659 896 697 alterurn
915 673 960 698 eo
975 667 1145 712 tempore
1166 674 1242 712 quo
1260 660 1421 698 coloniae
1436 660 1705 697 condebantur

227 727 368 765 ortum,
388 719 438 757 ad
459 719 569 770 cujus
592 719 815 758 societatem
836 721 1080 759 Doriensium
1096 735 1209 759 nemo
1223 723 1339 768 venit,
1356 729 1488 759 nostra
1504 734 1593 759 vero
1608 722 1698 758 urbs

229 795 272 821 se
291 782 432 820 ducem
460 781 637 832 professa
665 781 880 820 tenuiorum
907 791 946 821 et
966 785 1186 834 quorumvis
1216 784 1376 822 aliorum
1408 796 1485 820 rem
1507 783 1560 820 ita
1589 783 1701 820 vertit

230 850 268 882 et
296 843 461 880 mutavit
493 855 619 893 eoque
646 843 797 894 redegit
819 851 872 890 ut,
899 857 1015 894 quum
1049 845 1199 883 barbari
1228 845 1331 883 soliti
1361 846 1525 882 fuissent
1553 845 1699 894 reliquo

226 911 402 955 tempore
428 904 617 942 maximas
646 917 819 955 quasque
846 905 1075 944 Graecarum
1104 908 1254 944 urbium
1279 919 1485 957 occupare,
1507 906 1633 944 Graeci
1653 919 1699 943 ea

224 979 313 1018 quae
333 966 438 1017 prius
459 966 636 1004 ferebant
658 966 785 1004 facere
808 975 981 1017 possent.

280 1029 345 1066 77.
376 1028 433 1065 Ac
464 1027 512 1066 de
541 1027 696 1066 duobus
722 1029 878 1077 quidem
908 1029 1021 1067 bellis
1048 1031 1141 1067 satis
1171 1036 1284 1068 antea
1314 1030 1493 1075 diximus,
1515 1043 1619 1067 nunc
1649 1030 1697 1068 de

227 1089 340 1127 tertio
360 1089 475 1126 verba
495 1088 649 1134 faciam,
661 1089 764 1140 quod
781 1090 993 1128 conflatum
1011 1097 1071 1128 est
1087 1103 1206 1141 quum
1223 1098 1262 1128 et
1279 1090 1431 1129 Graecae
1447 1093 1560 1129 urbes
1577 1103 1696 1140 nuper

227 1150 396 1189 conditae
411 1157 545 1188 essent
558 1157 596 1188 et
615 1158 746 1189 nostra
766 1151 904 1190 civitas
925 1152 1052 1190 adhuc
1072 1152 1227 1203 regibus
1247 1160 1412 1203 pareret.
1470 1153 1513 1189 In
1533 1165 1696 1202 quorum

227 1219 403 1264 tempora
423 1218 460 1250 et
481 1212 583 1250 bella
597 1212 762 1263 plurima
783 1220 822 1251 et
841 1214 1007 1252 maxima
1028 1214 1201 1265 pericula
1221 1214 1553 1264 inciderunt‚quae
1569 1213 1697 1251 omnia

227 1287 354 1325 neque
392 1274 630 1325 cogitatione
671 1275 880 1326 complecti
914 1289 1042 1327 neque
1087 1277 1261 1314 oratione
1302 1276 1495 1327 explicare
1531 1288 1668 1326 queam
1687 1289 1696 1318 ;

227 1336 381 1374 omissis
401 1335 517 1386 igitur
538 1348 668 1374 eorum
692 1336 865 1387 plurimis
891 1349 978 1386 quae
999 1343 1078 1374 tum
1108 1336 1213 1373 facta
1242 1343 1333 1374 sunt
1351 1336 1566 1386 eademque
1590 1336 1693 1373 dictu

226 1397 375 1435 nonita
394 1397 630 1442 necessaria,
652 1410 767 1447 quam
788 1398 1011 1435 brevissime
1032 1406 1167 1448 potero
1187 1398 1328 1436 referre
1347 1399 1518 1436 conabor
1533 1405 1612 1434 tum
1627 1410 1695 1435 eos

225 1458 291 1510 qui
315 1466 487 1496 nostram
515 1459 647 1496 urbem
671 1467 949 1510 oppugnarunt
977 1466 1056 1497 tum
1078 1471 1230 1509 pugnas
1249 1459 1517 1496 memorabiles
1538 1457 1694 1495 harum-

226 1533 302 1572 que
320 1521 453 1567 duces,
468 1527 547 1558 tum
569 1533 710 1559 causas
737 1533 833 1570 quas
853 1521 987 1559 hostes
1007 1522 1272 1572 praetexebant
1288 1521 1579 1571 potentiamque
1600 1533 1694 1571 gen-

224 1581 320 1620 tium
341 1595 430 1632 quae
449 1571 542 1619 'illos
569 1589 717 1620 secutae
744 1582 926 1620 fuerunt:
957 1581 1042 1620 haec
1069 1582 1169 1619 enim
1202 1583 1297 1620 satis
1323 1581 1446 1619 multa
1466 1589 1581 1619 erunt
1607 1595 1695 1632 quae

224 1656 311 1682 cum
328 1643 635 1682 adversariorum
655 1644 767 1681 factis
788 1650 1072 1694 comparentur.

280 1706 346 1742 78.
375 1704 481 1742 Nam
509 1704 678 1742 Thraces
704 1718 790 1743 cum
814 1705 1007 1755 Eumolpo
1035 1705 1207 1755 Neptuni
1235 1704 1313 1742 filio
1333 1704 1372 1742 in
1401 1718 1515 1755 agros
1545 1712 1697 1742 nostros

223 1766 533 1817 irruperunt,qui
555 1778 642 1804 cum
658 1766 879 1805 Erechtheo
899 1766 947 1805 de
967 1767 1062 1804 urbe
1077 1766 1320 1804 contendens
1343 1766 1571 1817 Neptunum
1589 1766 1693 1817 prius

224 1840 310 1866 eam
329 1840 543 1879 occupasse
564 1841 682 1878 quam
704 1828 920 1866 Minervam
943 1828 1163 1866 asserebat:
1201 1827 1358 1878 Scythae
1378 1841 1466 1866 cum
1488 1829 1692 1866 Amazoni-

222 1890 311 1937 bus,
330 1902 419 1941 quae
447 1889 586 1927 Martis
614 1889 702 1926 filiae
728 1890 971 1936 dicebantur,
993 1897 1152 1940 propter
1183 1889 1434 1940 Hippolytam
1465 1889 1607 1927 bellum
1637 1889 1692 1927 fa-

222 1952 392 1997 ciebant,
413 1964 515 2002 quae,
535 1951 667 2002 patriis
693 1951 846 2002 legibus
871 1951 1036 1996 violatis,
1070 1951 1209 1988 Thesei
1240 1964 1370 1989 amore
1397 1959 1513 2002 capta
1542 1958 1581 1989 et
1604 1952 1694 1990 inde

222 2026 311 2051 eum
328 2021 462 2051 secuta
477 2025 524 2050 ac
545 2019 667 2063 nupta
682 2013 733 2050 illi
746 2013 896 2051 fuerat:
927 2013 1246 2064 Peloponnenses
1266 2025 1354 2050 cum
1376 2012 1609 2064 Eurystheo,
1626 2014 1691 2064 qui
1741 2041 1744 2043 -

222 2087 341 2125 quum
364 2073 523 2113 Herculi
545 2086 678 2124 poenas
700 2074 925 2124 injuriarum
942 2087 1020 2112 non
1040 2074 1229 2119 dedisset,
1251 2073 1354 2111 bello
1375 2081 1511 2111 contra
1528 2075 1692 2125 majores

221 2141 376 2173 nostros
406 2141 591 2185 suscepto
620 2142 661 2172 ut
686 2134 768 2186 ejus
788 2134 928 2173 liberos
950 2135 986 2171 vi
1015 2134 1104 2172 hinc
1128 2135 1463 2173 abduceret—ad
1491 2148 1560 2173 nos
1591 2135 1692 2173 enim

221 2196 479 2246 confugerant
491 2218 555 2242 —,
576 2209 623 2234 ea
642 2196 802 2247 pertulit
821 2209 908 2247 quae
929 2197 1174 2240 merebatur3
1206 2203 1358 2234 tantum
1384 2197 1485 2234 enim
1506 2198 1629 2235 abfuit
1650 2205 1692 2236 ut

221 2257 417 2309 supplices
432 2257 470 2295 in
483 2264 717 2308 potestatem
732 2270 842 2295 suam
855 2257 1058 2308 redegerit,
1076 2264 1119 2295 ut
1133 2257 1267 2309 praelio
1284 2264 1485 2308 superatus
1499 2265 1536 2295 et
1552 2254 1693 2309 captus

223 2332 246 2357 a
275 2318 431 2364 nostris,
462 2319 544 2370 ipse
574 2319 739 2370 supplex
765 2318 838 2356 illis
867 2319 993 2357 factus
1020 2332 1117 2369 quos
1147 2319 1219 2357 sibi
1248 2318 1450 2357 dedendos
1477 2319 1693 2370 postularat

221 2381 471 2420 occubuerit:
503 2388 591 2432 post
611 2381 677 2432 qui
693 2380 795 2418 missi
815 2393 837 2419 a
855 2381 975 2419 Dario
996 2381 1151 2419 fuerant
1169 2381 1219 2419 ad
1236 2380 1464 2419 vastandam
1482 2380 1691 2428 Graeciam,

221 2455 415 2481 exscensu
435 2443 484 2480 ad
507 2442 780 2480 Marathonem
806 2442 923 2488 facto,
946 2443 1120 2494 pluribus
1140 2450 1180 2481 et
1199 2443 1406 2494 majoribus
1427 2443 1603 2481 cladibus
1624 2456 1688 2482 ac-

220 2503 345 2556 ceptis
379 2516 496 2555 quam
525 2503 598 2555 ipsi
624 2510 764 2542 nostrae
790 2504 875 2541 urbi
904 2517 944 2542 se
977 2504 1162 2543 allaturos
1192 2511 1407 2556 sperarant,
1442 2505 1536 2556 fuga
1567 2518 1609 2544 se
1640 2519 1688 2544 ex

222 2567 402 2605 universa
422 2565 578 2604 Graecia
597 2566 883 2617 proripuerunt.

276 2630 342 2666 79.
372 2629 446 2666 His
463 2629 644 2667 omnibus
664 2628 782 2680 igitur
799 2641 897 2679 quos
918 2628 1107 2673 recensui,
1124 2629 1190 2678 qui
1209 2640 1289 2665 non
1305 2641 1382 2665 una
1396 2628 1688 2678 impressionem

220 2692 401 2730 fecerunt
420 2704 494 2730 nec
514 2691 649 2730 iisdem
670 2691 922 2742 temporibus,
938 2689 1006 2728 sed
1027 2696 1070 2727 ut
1088 2698 1128 2728 et
1144 2690 1370 2728 occasiones
1391 2697 1430 2728 et
1444 2689 1687 2740 singulorum

219 2753 404 2792 utilitates
426 2760 465 2792 et
486 2753 667 2792 voluntas
696 2752 880 2800 tulerant,
905 2751 1038 2803 praelio
1066 2751 1254 2802 superatis
1282 2751 1511 2800 illorumque
1539 2750 1685 2802 injuriis

218 2815 467 2868 propulsatis,
482 2828 558 2852 non
581 2828 603 2853 a
619 2821 724 2853 statu
737 2827 807 2851 suo
820 2819 908 2864 post
922 2819 1049 2851 tantas
1065 2825 1124 2850 res
1142 2819 1272 2863 gestas
1288 2812 1543 2856 declinarunt,
1559 2824 1686 2862 neque

219 2878 260 2917 id
292 2878 346 2916 eis
373 2877 517 2916 accidit
545 2878 652 2928 quod
682 2877 727 2915 iis
754 2877 833 2926 qui,
860 2888 977 2927 quum
1007 2875 1218 2926 prudenter
1248 2874 1491 2912 consulendo
1520 2881 1558 2912 et
1583 2881 1686 2912 recte

220 2941 374 2993 agendo
394 2953 556 2992 magnas
576 2953 669 2991 opes
691 2938 960 2989 insignemque
979 2937 1137 2987 gloriam
1159 2937 1236 2974 sint
1255 2936 1397 2987 adepti,
1417 2943 1507 2987 post
1527 2936 1576 2974 ob
1596 2948 1687 2973 suc-
