1870 3277
726 152 799 189 DE
829 152 984 190 PACE.
1511 155 1588 192 109

127 254 252 294 socios
273 253 421 305 pridem
443 262 611 294 nostros.
671 256 782 299 Quos
805 257 892 305 jure
922 267 1107 294 accusare
1135 270 1213 294 non
1241 270 1464 308 possumus,
1484 257 1591 308 quod

128 315 268 354 infensi
286 316 399 354 nobis
422 316 601 356 fuerunt:
632 330 757 364 neque
778 317 878 354 enim
901 317 975 354 vim
995 317 1216 363 inferentes,
1233 318 1301 356 sed
1316 319 1590 370 propulsantes

127 384 165 415 et
183 377 306 415 multa
327 378 537 430 graviaque
558 378 661 416 mala
679 379 849 429 perpessi
870 379 967 416 tales
988 379 1026 416 in
1046 392 1118 417 nos
1139 380 1288 417 animos
1309 379 1540 418 habuerunt.

179 440 244 476 28.
275 440 372 482 Quis
393 441 493 477 enim
513 447 663 490 patrum
681 447 898 477 nostrorum
915 441 1405 491 petulantiamtolerasset,
1421 442 1486 491 qui
1504 455 1595 479 con-

127 509 307 551 gregatos
328 515 375 540 ex
395 502 572 539 universa
591 500 746 538 Graecia
771 501 1045 552 ignavissimos
1065 515 1242 553 quosque
1264 514 1310 539 ac
1331 503 1433 539 omni
1453 516 1595 552 genere

126 561 356 612 flagitiorum
387 563 608 613 inquinatos
629 562 845 601 triremibus
865 563 1129 614 imponebant,
1148 570 1192 600 ut
1214 563 1443 600 Graecorum
1464 564 1596 602 odium

128 623 176 661 de
203 624 392 662 industria
413 624 599 674 quaesisse
620 624 840 669 videantur,
862 632 900 662 et
921 625 1075 675 optimis
1096 626 1243 663 civibus
1265 625 1425 662 aliarum
1447 625 1598 662 urbium

127 685 260 736 ejectis
275 686 426 723 illorum
440 699 534 736 opes
548 686 840 736 improbissimis
852 686 1077 724 Graecorum
1094 686 1424 736 dilargiebantur?
1453 686 1597 724 Verum

128 746 159 784 si
181 747 361 786 auderem
383 761 429 785 ea
448 761 535 797 quae
561 747 635 785 illis
663 748 900 799 temporibus
929 756 1017 786 acta
1037 759 1128 786 sunt
1148 755 1325 786 accurate
1354 761 1597 799 percensere,

129 807 303 846 fortassis
338 810 528 847 efficerem
560 816 602 846 ut
618 822 686 847 vos
719 811 977 860 praesentibus
1009 812 1124 849 rebus
1155 812 1297 848 rectius
1329 810 1596 857 consuleretis,

129 870 197 907 sed
224 870 306 921 ipse
334 872 372 908 in
400 872 542 909 crimen
566 871 755 909 venirem:
797 884 873 909 non
903 872 1005 909 enim
1039 878 1283 922 peccatorum
1313 878 1491 909 auctores
1518 878 1597 910 tam

129 931 257 968 odisse
284 931 415 969 soletis
447 945 562 982 quam
590 931 801 969 eorundem
833 932 1143 983 reprehensores.
1205 932 1296 975 Quo
1324 932 1452 969 animo
1477 946 1596 983 quum

130 993 224 1036 sitis,
242 993 452 1030 verendum
473 993 562 1030 mihi
584 999 644 1031 est
665 1006 726 1039 ne,
742 993 832 1030 dum
850 994 958 1032 vobis
977 995 1074 1032 bene
1096 995 1221 1032 facere
1243 1007 1372 1039 conor,
1389 995 1436 1032 de
1454 995 1598 1046 meipso

130 1053 230 1091 male
251 1067 411 1092 merear.
470 1054 560 1092 Non
581 1062 710 1092 tamen
730 1055 888 1093 omnino
908 1055 1094 1093 desistam
1117 1056 1164 1093 ab
1184 1056 1227 1093 iis
1250 1069 1337 1106 quae
1358 1056 1515 1103 institui,
1530 1057 1598 1094 sed

130 1115 386 1153 acerbissimis
419 1115 638 1167 quibusque
671 1129 838 1166 quaeque
875 1117 1147 1155 molestissima
1186 1118 1294 1155 vobis
1335 1131 1419 1156 esse
1453 1125 1599 1169 queant

129 1179 293 1225 omissis,
312 1193 358 1217 ea
379 1180 505 1217 solum
520 1182 832 1218 commemorabo
850 1181 951 1218 unde
974 1182 1181 1219 amentiam
1203 1182 1307 1220 illius
1328 1183 1452 1220 eet-atis
1476 1182 1598 1234 magi-

131 1248 320 1278 stratuum
337 1241 577 1292 intelligatis.

183 1304 249 1340 29.
281 1303 382 1340 Nam
404 1310 510 1341 tanto
531 1303 660 1341 studio
682 1304 972 1354 exquisiverunt
991 1318 1037 1341 ea
1057 1313 1213 1355 propter
1233 1319 1320 1356 quae
1341 1305 1508 1343 maxima
1528 1306 1599 1344 ho-

131 1364 274 1402 minum
296 1365 385 1402 odia
406 1366 679 1416 suscipiuntur,
704 1373 743 1402 ut
763 1365 1016 1403 decernerent
1034 1367 1238 1417 pecuniam
1260 1381 1346 1417 quee
1368 1368 1598 1405 tributorum

132 1426 284 1464 nomine
306 1433 444 1464 coacta
462 1427 638 1476 essen-in
666 1427 819 1477 singula
841 1427 986 1465 talenta
1007 1428 1264 1472 distributam,
1289 1429 1599 1467 Bacchanalibus

130 1488 169 1524 in
189 1487 429 1526 orchestram
457 1489 711 1531 inferendam,
731 1489 881 1527 theatro
907 1496 1032 1527 autem
1055 1489 1138 1540 jam
1166 1491 1306 1542 plen03
1340 1498 1379 1529 et
1399 1491 1473 1529 hoc
1493 1491 1600 1542 quod

132 1549 209 1586 dixi
238 1550 446 1595 faciebant,
468 1557 507 1587 et
526 1550 667 1588 liberos
693 1564 826 1588 eorum
846 1550 911 1601 qui
931 1551 969 1587 in
989 1551 1100 1589 bellis
1128 1552 1350 1591 ceciderant
1377 1553 1601 1591 introduce-

129 1612 236 1657 bant,
259 1612 429 1661 utrisque
458 1612 786 1657 demonstrantes,
808 1619 846 1649 et
866 1612 979 1649 sociis
1001 1613 1293 1651 aestimationem
1311 1627 1431 1665 opum
1446 1628 1601 1652 suarum

132 1686 219 1723 quae
239 1685 261 1710 a
280 1672 525 1710 mercenariis
546 1672 794 1717 inferebatur,
815 1679 856 1710 et
876 1673 1026 1711 Graecis
1051 1674 1200 1712 caeteris
1222 1675 1509 1713 multitudinem
1532 1690 1603 1728 pu-

133 1736 310 1786 pillorum
331 1743 370 1774 et
389 1735 520 1774 clades
537 1737 585 1773 ob
602 1736 707 1773 illam
724 1735 920 1773 avaritiam
938 1744 1134 1787 acceptas.
1193 1738 1292 1781 Quae
1309 1739 1399 1776 dum
1416 1740 1603 1787 facerent,

133 1811 220 1836 cum
246 1798 318 1849 ipsi
337 1804 417 1836 tum
441 1798 502 1835 alii
525 1811 637 1848 aeque
669 1805 843 1836 amentes
874 1798 977 1836 urbis
1002 1799 1225 1836 felicitatem
1252 1801 1531 1852 praedicabant,
1553 1814 1604 1839 ex

133 1859 207 1897 illis
227 1861 342 1898 rebus
362 1860 456 1910 quid
472 1860 643 1897 futurum
664 1867 767 1898 esset
788 1860 941 1898 minime
958 1861 1250 1911 prospicientes,
1267 1862 1336 1899 sed
1352 1862 1604 1902 admiratione

135 1934 253 1972 opum
274 1921 438 1967 attoniti,
453 1934 541 1971 quae
562 1922 694 1959 urbem
715 1921 857 1971 injuste
879 1921 1065 1971 ingressae
1086 1922 1199 1960 etiam
1219 1936 1283 1960 eas
1300 1923 1484 1975 quaejure
1500 1931 1607 1963 tene-

134 1985 274 2022 bantur
303 1997 418 2034 parvo
449 1984 632 2034 temporis
662 1985 785 2035 spatio
813 1997 943 2021 secum
965 1997 1042 2021 una
1071 1997 1263 2023 eversurae
1283 1993 1405 2024 erant.
1464 1988 1604 2038 Usque

136 2047 233 2084 adeo
254 2046 352 2084 enim
374 2053 413 2083 et
432 2059 503 2084 sua
522 2045 776 2096 neglexerunt
800 2053 838 2084 et
858 2045 984 2083 aliena
1003 2047 1289 2097 appetiverunt,
1309 2055 1364 2094 ut,
1388 2062 1509 2099 quum
1529 2050 1603 2089 La-

135 2108 458 2146 cedaemoniorum
495 2107 688 2145 exercitus
718 2107 756 2144 in
777 2107 909 2145 Attica
928 2115 1162 2154 versaretur,
1186 2116 1225 2147 et
1246 2109 1452 2148 Decelicus
1473 2124 1605 2151 murus

130 2169 209 2221 jam
228 2176 360 2215 staret,
373 2169 498 2207 classe
516 2168 683 2206 Siciliam
702 2176 889 2220 peterent,
905 2182 1031 2219 neque
1051 2171 1325 2210 erubescerent
1339 2171 1378 2209 in
1390 2180 1604 2224 conspectu

137 2244 206 2270 suo
226 2233 387 2283 patriam
410 2231 610 2269 dilacerari
630 2238 669 2269 et
690 2231 843 2278 vastari,
864 2238 902 2269 et
920 2239 1056 2270 contra
1082 2233 1168 2272 illos
1199 2235 1392 2273 exercitus
1412 2236 1560 2274 mittere
1583 2249 1606 2275 a

137 2294 276 2344 quibus
306 2293 413 2330 nulla
440 2304 610 2343 unquam
640 2293 793 2330 fuerant
818 2292 957 2341 injuria
985 2293 1170 2340 lacessiti,
1200 2295 1293 2346 quin
1322 2309 1368 2334 eo
1397 2296 1605 2335 dementiae

137 2361 408 2407 processerant
427 2361 483 2399 ut,
504 2354 680 2404 quamvis
711 2354 897 2392 suburbia
923 2367 995 2392 sua
1019 2368 1096 2393 non
1124 2363 1310 2403 tenerent,
1334 2365 1465 2395 tamen
1485 2358 1605 2409 impe-

138 2417 235 2455 rium
258 2416 378 2454 ltaliae
398 2422 437 2453 et
457 2415 598 2453 Siciliae
616 2423 654 2454 et
674 2416 922 2467 Carthaginis
953 2416 1185 2467 cogitarent.
1243 2418 1409 2457 Tantum
1439 2419 1605 2470 denique

139 2479 320 2517 mortales
341 2491 474 2517 omnes
495 2478 663 2516 amentia
684 2485 914 2529 superarunt
933 2484 987 2524 ut,
1004 2492 1124 2529 quum
1145 2479 1239 2517 alios
1260 2479 1498 2518 calamitates
1518 2493 1605 2518 eru-

141 2540 248 2579 diant
282 2547 321 2578 et
355 2540 605 2578 modestiores
643 2540 823 2586 reddant,
854 2552 919 2578 eos
953 2553 1002 2578 ne
1039 2540 1125 2578 haec
1162 2541 1319 2592 quidem
1353 2542 1606 2580 correxerint.

140 2602 328 2646 Quamvis
349 2603 397 2640 ab
419 2603 509 2640 urbe
531 2601 688 2640 condita
716 2601 827 2652 plura
847 2608 886 2639 et
906 2603 1080 2652 graviora
1098 2602 1199 2639 mala
1219 2602 1441 2653 reipublicae
1461 2612 1604 2642 nostrae

140 2677 216 2701 non
236 2663 485 2702 accidissent.
542 2664 644 2701 Nam
666 2663 846 2701 ducentae
873 2664 1048 2700 triremes
1077 2663 1114 2700 in
1135 2663 1349 2715 AEgyptum
1379 2664 1507 2703 missae
1531 2679 1608 2705 una

140 2739 228 2764 cum
249 2726 467 2764 vectoribus
489 2726 728 2771 interierunt,
747 2725 850 2763 circa
870 2724 1040 2775 Cyprum
1067 2730 1222 2762 centum
1242 2733 1279 2764 et
1301 2725 1607 2777 quinquaginta;

142 2788 180 2824 in
200 2788 326 2826 Ponto
353 2795 588 2827 armatorum
616 2787 750 2825 decem
779 2786 897 2823 millia
927 2785 1064 2835 partim
1093 2785 1230 2823 civium
1253 2787 1391 2837 partim
1413 2789 1603 2826 sociorum

142 2848 366 2896 amiserunt,
385 2856 424 2887 at
452 2850 489 2887 in
509 2849 638 2888 Sicilia
658 2849 823 2886 virorum
845 2847 1105 2898 quadraginta
1131 2848 1250 2886 millia
1269 2857 1308 2887 et
1335 2850 1509 2889 triremes
1535 2851 1604 2888 du-

143 2917 277 2949 centas
296 2918 333 2949 et
353 2911 624 2963 quadraginta,
646 2919 844 2962 postremo
865 2910 902 2947 in
926 2909 1182 2962 Hellesponto
1210 2911 1413 2950 ducentas.
1473 2914 1606 2951 Denas
