1870 3277
227 149 301 186 192
818 141 1110 181 ISOCRATIS

226 255 370 295 terunt,
387 246 455 286 sed
473 246 575 285 idem
594 245 669 285 hoc
691 245 763 284 illis
784 246 899 284 etiam
919 246 1084 297 objicere
1114 250 1311 296 poterunt.
1369 245 1499 289 Quare
1518 245 1695 295 cogitan-

225 311 317 349 dum
337 315 411 355 est,
433 314 471 346 et
490 306 771 359 providendum
787 320 835 345 ne
850 307 1011 346 istorum
1027 306 1235 345 insolentia
1247 305 1390 344 multos
1405 306 1558 358 quijam
1575 306 1696 344 Lace-

226 371 508 411 daemoniorum
527 369 731 421 imperium
761 369 927 408 oderunt
946 369 1181 414 reconciliet,
1210 375 1327 419 atque
1353 367 1492 406 efficiat
1520 374 1561 406 ut
1586 380 1695 406 suam

228 433 393 472 salutem
410 432 448 470 in
468 432 619 470 illorum
635 431 822 470 societate
837 430 1004 482 positam
1024 431 1266 469 arbitrentur.

281 496 320 534 9.
351 492 625 533 Recordamini
644 505 757 544 porro
771 504 841 531 vos
860 492 1075 543 proximum
1104 493 1321 543 suscepisse
1342 489 1488 528 bellum
1514 501 1589 527 non
1610 502 1698 541 pro-

228 563 315 608 pter
332 562 500 594 vestram
516 561 583 592 aut
601 553 794 592 sociorum
813 553 1033 602 libertatem
1045 575 1097 580 —
1111 565 1246 590 ornnes
1268 553 1370 589 enirn
1387 564 1471 588 eam
1495 550 1699 589 habebatis

228 641 296 664 ——,
315 617 383 656 sed
410 629 544 655 eorum
565 628 685 654 causa
712 615 853 665 quibus
875 621 1011 653 contra
1025 614 1301 666 jusjurandum
1329 621 1368 652 et
1389 612 1513 650 foedus
1544 613 1700 651 libertas

229 685 362 731 erepta
390 685 485 717 erat.
544 676 850 715 Acerbissimum
872 675 988 726 igitur
1008 676 1134 722 fuerit,
1164 676 1195 714 si
1216 688 1282 714 eas
1302 675 1433 720 urbes,
1452 687 1550 724 quas
1582 674 1700 713 Lace-

173 752 177 753 ’
229 741 431 780 daemoniis
460 739 598 777 servire
632 738 804 789 iniquum
836 737 1016 788 putastis,
1037 751 1140 776 nunc
1166 750 1188 775 a
1209 737 1408 776 Thebanis
1438 736 1556 774 everti
1576 735 1701 787 patie-

230 803 338 846 mini,
358 801 424 852 qui
443 807 609 839 vestram
632 798 879 837 clementiam
900 798 999 837 adeo
1014 811 1090 838 non
1109 799 1319 845 imitantur,
1336 806 1390 845 ut,
1407 797 1511 849 quod
1531 797 1701 835 omnium

233 864 488 902 miserrimum
509 862 689 908 habetur,
708 861 811 900 bello
826 861 927 913 capi,
954 861 1050 900 illud
1072 863 1197 914 ipsum
1227 863 1274 900 ab
1302 862 1375 900 hac
1405 861 1499 899 urbe
1525 873 1596 898 nos
1616 874 1703 912 per-

231 939 368 978 pessos
396 938 479 964 esse
497 924 740 975 praestitisset
767 937 884 974 quam
912 924 1005 961 istos
1027 924 1174 962 vicinos
1194 923 1400 962 habuisse:
1432 935 1518 960 nam
1540 936 1702 973 quorum

231 1001 301 1026 vos
327 988 441 1025 urbes
457 986 494 1024 vi
515 985 783 1037 expugnastis,
803 985 856 1031 hi,
877 998 967 1023 mox
986 985 1172 1036 praefecto
1195 986 1388 1023 Laconico
1414 992 1453 1023 et
1472 985 1655 1023 servitute
1683 997 1705 1022 a

231 1062 273 1087 se
294 1048 461 1100 repulsa,
476 1060 577 1085 nunc
592 1046 743 1085 concilii
756 1059 825 1098 par
838 1046 903 1097 jus
918 1054 956 1084 et
975 1046 1188 1085 libertatem
1206 1053 1460 1098 receperunt3
1490 1047 1555 1097 qui
1576 1053 1704 1084 autem

232 1123 352 1162 prope
368 1109 464 1148 istos
481 1109 672 1155 habitant,
689 1108 727 1145 hi
748 1109 886 1159 partim
905 1108 1026 1146 nihilo
1056 1108 1181 1146 minus
1202 1121 1317 1159 quam
1340 1121 1415 1146 aerc
1446 1114 1578 1159 empta
1598 1121 1704 1146 man-

232 1171 333 1223 cipia
353 1170 535 1216 serviunt,
558 1170 696 1221 partim
726 1169 790 1207 isti
823 1169 928 1221 prius
961 1181 1028 1207 eos
1061 1169 1260 1220 exagitare
1292 1182 1368 1208 non
1391 1169 1570 1208 desinent
1590 1181 1705 1220 quam

232 1232 372 1272 eodem
389 1231 506 1270 modo
525 1244 602 1282 quo
623 1244 693 1270 nos
712 1231 925 1270 tractarint.
973 1231 1033 1270 Ac
1054 1231 1371 1270 Lacedaemonios
1401 1232 1557 1283 quidem
1590 1245 1706 1270 accu-

235 1301 322 1333 sant
351 1294 400 1332 ob
428 1293 642 1331 Cadmeam
666 1300 899 1345 occupatam
933 1300 972 1331 et
1002 1293 1184 1344 praesidia
1214 1293 1374 1331 urbibus
1406 1293 1601 1345 imposita,
1635 1293 1706 1344 ipsi

235 1362 365 1394 autem
392 1367 436 1393 se
464 1354 559 1392 nihil
588 1367 704 1406 grave
732 1355 975 1393 committere
1002 1361 1154 1406 putant,
1175 1355 1239 1405 qui
1268 1367 1346 1392 non
1374 1355 1554 1406 praesidia
1584 1355 1706 1406 impo-

235 1424 348 1463 nunt,
370 1416 439 1455 sed
454 1415 614 1454 aliorum
633 1416 775 1454 moenia
790 1418 995 1462 subruunt,
1017 1415 1112 1454 alios
1132 1416 1309 1454 funditus
1325 1417 1505 1468 perdunt,
1523 1422 1709 1467 tantaque

237 1485 325 1517 sunt
353 1477 595 1529 impudentia
625 1478 684 1528 [et
710 1477 987 1528 improbitate],
1006 1485 1048 1514 ut
1069 1490 1150 1515 suae
1177 1478 1315 1516 salutis
1336 1490 1468 1516 curam
1495 1477 1627 1516 haberi
1659 1479 1708 1516 ab

238 1539 417 1579 omuibus
443 1539 557 1577 sociis
588 1538 802 1589 postulent,
835 1551 954 1589 quum
985 1537 1083 1576 alios
1116 1539 1298 1577 servitute
1328 1539 1570 1591 opprimendi
1600 1546 1709 1590 pote-

238 1609 379 1642 statem
401 1601 472 1639 sibi
487 1607 680 1652 arrogent.
738 1601 835 1644 Quis
861 1600 977 1651 igitur
1003 1613 1081 1639 non
1103 1601 1228 1640 oderit
1253 1602 1505 1654 cupiditatem
1532 1602 1709 1648 istorum,

238 1664 304 1715 qui
323 1670 359 1702 et
378 1662 565 1701 dominari
578 1662 740 1701 student
759 1662 1087 1710 imbecillioribus,
1105 1670 1243 1702 etcum
1259 1663 1538 1715 potentioribus
1554 1677 1708 1715 aequum

233 1726 299 1777 jus
320 1723 530 1763 affectant?
560 1730 600 1762 et
623 1730 763 1762 vestrae
782 1723 939 1775 quidem
961 1724 1045 1761 urbi
1064 1736 1198 1775 agrum
1223 1725 1271 1763 ab
1288 1724 1444 1776 Oropiis
1465 1723 1599 1763 datum
1618 1725 1713 1762 invi-

240 1787 350 1833 dent,
371 1786 442 1839 ipsi
463 1793 592 1825 autem
612 1785 778 1825 alienum
795 1786 832 1824 vi
847 1786 1092 1838 partiuntur?

297 1850 359 1887 10.
390 1848 532 1898 Neque
546 1847 618 1886 hac
634 1847 877 1899 improbitate
889 1847 1062 1886 contenti
1082 1858 1123 1885 se
1144 1853 1298 1899 propter
1316 1860 1561 1886 communem
1582 1848 1710 1887 socio-

240 1924 326 1949 rum
346 1909 551 1948 utilitatem
572 1909 659 1947 haec
674 1909 802 1961 egisse
818 1909 1010 1948 dictitant.
1055 1909 1184 1953 Quum
1206 1915 1335 1947 autem
1356 1909 1418 1947 hic
1434 1910 1643 1948 concilium
1662 1910 1712 1948 sit

241 1980 281 2012 et
298 1978 427 2011 vestra
444 1972 536 2009 urbs
561 1971 787 2023 prudentius
806 1984 923 2022 quarn
945 1970 1135 2009 Thebana
1155 1970 1367 2009 deliberare
1387 1971 1524 2023 possit,
1544 1984 1611 2010 eos
1633 1985 1710 2009 non

240 2034 319 2072 huc
337 2032 467 2071 venire
489 2032 539 2070 ad
557 2032 763 2084 purganda
780 2046 851 2071 sua
870 2033 986 2080 facta,
1007 2032 1091 2079 sed,
1109 2033 1337 2084 priusquam
1362 2032 1582 2081 hujusmodi
1601 2033 1710 2085 quic-

242 2107 360 2146 quam
393 2100 570 2144 agerent,
597 2093 647 2131 ad
681 2106 749 2131 vos
780 2094 932 2130 consilii
959 2093 1136 2142 capiendi
1167 2104 1287 2129 causa
1311 2094 1505 2143 profectos
1532 2107 1621 2132 esse
1647 2094 1713 2133 de-

242 2156 399 2194 cuisset.
456 2154 574 2192 Nunc
605 2154 672 2192 ubi
698 2160 852 2192 nostras
878 2165 971 2204 opes
1004 2153 1076 2203 ipsi
1107 2153 1284 2203 privatim
1315 2154 1568 2205 diripuerunt,
1599 2156 1711 2194 adve-

242 2218 356 2256 niunt
381 2215 527 2256 crimen
558 2227 648 2253 cum
676 2215 856 2253 omnibus
886 2214 1000 2252 sociis
1034 2214 1368 2252 communicaturi.
1425 2215 1543 2259 Quod
1563 2229 1644 2264 vos,
1679 2218 1723 2263 si-

243 2278 392 2330 sapitis,
419 2289 497 2314 non
525 2275 760 2314 admittetis:
791 2276 908 2327 longe
934 2275 1037 2314 enim
1057 2275 1259 2313 honestius
1295 2284 1356 2313 est
1383 2290 1450 2314 eos
1471 2277 1519 2315 ad
1542 2285 1710 2317 vestram

241 2341 489 2381 sanctitatem
513 2337 741 2376 imitandam
767 2338 869 2388 cogi,
895 2350 1014 2393 quam
1039 2337 1263 2389 persuaderi
1287 2338 1395 2377 vobis
1429 2346 1473 2377 ut
1503 2341 1711 2392 participes

243 2403 325 2442 sitis
344 2400 568 2453 injuriarum
588 2412 684 2450 quas
704 2399 757 2437 illi
777 2399 938 2446 faciunt,
953 2399 1018 2449 qui
1035 2398 1126 2436 nihil
1148 2400 1364 2437 decernunt
1383 2401 1486 2451 quod
1503 2415 1588 2439 cum
1605 2402 1710 2453 judi-

243 2465 312 2503 ciis
333 2463 495 2502 aliorum
516 2461 746 2500 consentiat.
803 2461 908 2499 Inter
936 2474 1074 2499 omnes
1103 2460 1204 2498 enim
1229 2470 1408 2500 constare
1439 2463 1601 2501 arbitror
1621 2477 1711 2515 pru-

243 2526 416 2565 dentium
428 2524 627 2563 hominum
640 2536 724 2561 esse
739 2535 879 2560 munus
893 2521 983 2560 dare
999 2534 1154 2573 operam
1170 2529 1212 2559 ut
1226 2522 1312 2560 etin
1331 2523 1434 2561 bello
1447 2524 1581 2572 quovis
1595 2524 1712 2563 modo

243 2589 320 2627 sint
333 2586 508 2626 hostibus
524 2585 757 2637 superiores,
773 2590 812 2623 et
831 2597 928 2636 pace
943 2584 1157 2622 constituta
1176 2583 1268 2621 nihil
1289 2583 1406 2635 pluris
1425 2584 1571 2623 faciant
1591 2585 1712 2623 foede-

242 2650 347 2689 ribus
367 2647 686 2700 etjurejurando.
744 2646 811 2686 Isti
830 2652 958 2685 autem
976 2653 1060 2684 tum
1087 2645 1126 2683 in
1143 2645 1322 2683 omnibus
1341 2645 1598 2697 legationibus
1619 2647 1714 2686 nihil

243 2711 317 2750 nisi
332 2711 561 2760 libertatem,
575 2709 650 2748 nisi
669 2709 775 2761 leges
795 2708 958 2759 singulis
978 2708 1140 2746 usitatas
1154 2706 1376 2758 jactabant:
1399 2715 1607 2759 postquam
1625 2722 1714 2749 vero

244 2773 509 2825 impunitatem
530 2772 602 2810 sibi
621 2771 793 2810 faciendi
823 2769 1008 2823 quicquid
1030 2769 1151 2808 libeat
1175 2768 1306 2807 datam
1327 2782 1415 2808 esse
1441 2777 1619 2818 censent,
1645 2784 1714 2809 ne-

245 2835 381 2888 glectis
399 2834 548 2873 caeteris
570 2834 752 2873 omnibus
776 2833 928 2886 privata
953 2830 1184 2884 compendia
1208 2837 1248 2868 et
1267 2830 1499 2889 violentiam'
1514 2845 1624 2871 suam
1644 2833 1713 2870 de-

246 2897 406 2936 fendere
439 2895 599 2943 audent,
628 2909 674 2936 ac
706 2896 834 2935 dicere
859 2895 964 2947 quod
1000 2892 1173 2933 Thebani
1203 2899 1357 2933 nostras
1387 2893 1563 2933 fortunas
1592 2907 1710 2934 occu-
