1870 3277
367 145 375 165 Ι

268 168 341 203 312
937 170 1044 206 lsAEl

256 279 378 316 »quam
408 268 444 304 in
479 268 690 306 tabularum
723 271 805 320 jure
833 272 1041 308 nitentibus
1077 286 1142 309 vos
1170 273 1348 322 suffragia
1379 274 1552 310 tribucre.
1614 274 1710 310 Num

266 329 415 378 generis
442 330 593 385 quidem
626 333 868 370 necessitudo
897 335 1073 371 oumibus
1103 334 1304 384 explorata
1336 342 1405 376 cst,
1428 348 1548 385 neque
1578 336 1710 372 <aulem

264 391 365 441 apud
395 404 461 428 vos
489 394 654 442 contingi
686 402 836 443 potest:
870 396 1019 432 tabulas
1044 404 1175 432 contra
1197 395 1302 432 multi
1326 395 1440 432 falsas
1463 397 1713 445 protulerunt.

265 459 303 489 ct
327 453 481 502 quidem
511 454 700 492 interdum
729 457 883 494 omnino
913 458 1049 500 nullas,
1073 457 1258 494 interdum
1281 470 1368 494 vero
1389 458 1626 506 quorundam
1647 459 1710 507 qui

266 526 340 550 uon
373 515 468 552 bene
501 528 570 553 sua
603 517 764 553 consilia
793 519 1044 567 agitaverunt.
1103 520 1218 568 Atqui
1250 518 1468 556 affinitatem
1495 519 1647 568 quidem
1676 529 1712 555 ct

267 583 434 613 nostram
455 577 790 622 necessitudinem,
813 592 878 628 pro
897 594 974 629 qua
1002 594 1070 618 uos
1095 581 1241 631 judicio
1266 590 1471 621 certamus,
1494 593 1559 616 vos
1582 593 1712 616 omnis

265 639 393 677 scitis:
427 640 576 678 tabulas
605 649 744 682 nutem,
765 643 903 691 quibus
927 643 987 679 isti
1009 645 1138 679 conlisi
1162 643 1354 692 negotium
1378 643 1484 678 nobis
1507 642 1714 682 facessunt,

267 714 377 738 uerno
399 708 559 738 vestrum
591 712 691 739 ratus
720 715 803 740 esse
833 705 948 741 novit.
1009 705 1169 755 iusuper
1194 712 1358 742 nostram
1379 704 1531 753 quidem
1554 703 1713 739 affinita-

267 771 340 800 tem
370 763 481 799 etiam
511 763 611 813 apud
641 763 878 802 adversarios
905 766 940 802 in
961 766 1139 803 coi‘ifesso
1160 780 1242 803 esse
1264 765 1577 816 deprehendetis,
1598 772 1714 801 testa-

267 831 438 861 mentum
472 832 596 862 autem
630 825 741 874 plane
773 839 794 862 a
825 827 931 864 nobis
961 828 995 863 in
1026 828 1321 864 controversiam
1353 827 1503 863 vocari:
1533 825 1712 875 quoniam

267 886 329 924 isti
360 885 612 937 Cleonymum
641 887 791 925 abolore
821 888 913 925 illud
946 889 1133 926 volentem
1168 889 1456 938 impediverunt:
1518 888 1571 925 Ut
1604 888 1714 937 plane

269 948 390 992 vobis,
405 961 426 985 o
447 949 526 993 viri,
544 948 662 986 multo
683 949 882 987 honestius
901 950 949 986 sit
968 949 1187 999 suffragium
1210 950 1304 986 ferre
1326 963 1394 999 pro
1415 962 1552 999 genere
1574 949 1620 985 de
1639 961 1715 998 quo

268 1017 400 1047 neutra
417 1023 502 1059 pars
517 1011 675 1059 ambigit
689 1024 800 1060 quam
819 1023 885 1061 pro
901 1018 1130 1048 testamento
1145 1024 1220 1047 nou
1237 1011 1343 1061 juste
1359 1012 1548 1048 confecto.
1595 1010 1716 1047 Deni-

266 1084 341 1120 que
360 1071 526 1119 cogitate
549 1071 802 1122 Cleonymum
823 1085 940 1122 quum
962 1071 1135 1122 placidus
1157 1080 1260 1109 esset
1279 1072 1371 1108 illud
1392 1073 1610 1119 abrogasse,
1629 1083 1718 1108 con-

268 1133 404 1171 fecisse
424 1147 543 1183 quum
563 1134 617 1171 ira
639 1135 919 1184 perturbaretur
945 1148 1017 1172 nec
1041 1136 1232 1186 sapienter
1261 1135 1421 1172 consilio
1450 1143 1643 1172 uteretur:
1675 1142 1717 1171 ut

269 1194 380 1245 plane
403 1196 586 1232 nefarium
609 1197 778 1233 futurum
805 1197 868 1240 sit,
895 1198 924 1234 si
956 1198 1075 1246 inagis
1107 1205 1223 1234 ratam
1252 1198 1452 1247 Cleonymi
1481 1197 1571 1234 iram
1601 1209 1713 1246 quam

268 1271 400 1296 sanam
421 1258 592 1309 ejusdem
614 1266 777 1296 mentem
799 1260 983 1297 habeatis.

327 1322 387 1357 12.
420 1320 520 1357 Puto
548 1320 704 1371 insuper
732 1321 847 1358 videri
874 1323 980 1360 vobis
1007 1336 1159 1373 aequum
1190 1324 1378 1373 accipere,
1402 1323 1490 1360 item
1519 1334 1586 1359 vos
1614 1334 1716 1371 aegre

269 1382 366 1419 ferre
398 1381 428 1417 si
463 1395 536 1418 non
569 1381 779 1431 accipiatis,
805 1383 852 1420 ab
878 1382 935 1427 iis,
962 1384 1100 1433 quibus
1127 1384 1280 1434 quidem
1307 1385 1466 1421 invicem
1493 1382 1716 1432 contingere

271 1451 403 1493 posset
428 1451 469 1480 ut
495 1443 640 1493 aliquid
667 1456 688 1480 a
713 1444 817 1481 vobis
844 1453 1181 1495 consequerentur.
1239 1446 1280 1482 Si
1305 1445 1420 1495 igitur
1446 1445 1650 1482 accidisset
1677 1452 1718 1480 ut

268 1505 504 1555 Cleonymus
521 1504 674 1549 viveret,
689 1512 819 1542 nostra
837 1514 963 1544 autem
986 1515 1052 1543 aut
1072 1507 1374 1544 adversariorum
1397 1507 1532 1543 domus
1553 1506 1717 1544 dominis

266 1567 478 1610 orbaretur,
508 1565 750 1604 considerate
781 1574 948 1604 utrorum
980 1567 1215 1618 Cleonymus
1251 1568 1361 1606 heres
1398 1569 1527 1605 fieret:
1562 1581 1717 1618 aequum

270 1628 372 1665 enim
398 1637 458 1665 est
483 1628 583 1664 bona
602 1627 701 1665 illius
722 1628 768 1665 ad
795 1641 862 1666 eos
891 1628 1081 1675 devenire,
1104 1643 1126 1668 a
1142 1631 1281 1680 quibus
1306 1630 1394 1666 item
1418 1630 1517 1666 bona
1537 1629 1600 1666 ille
1619 1636 1723 1667 esset

266 1696 562 1727 consecuturus.
622 1689 755 1740 Itaque
783 1691 813 1727 si
842 1690 1075 1729 Pherenicus
1104 1700 1171 1729 aut
1198 1691 1333 1742 aliquis
1359 1692 1440 1742 ejus
1467 1692 1623 1728 fratrum
1654 1705 1719 1728 ex-

268 1750 434 1788 stinctus
455 1759 569 1795 esset,
589 1751 653 1789 filii
673 1752 804 1802 utique
826 1765 970 1798 eorum,
993 1766 1067 1790 non
1090 1753 1337 1804 Cleonymus,
1356 1753 1497 1790 relictae
1520 1753 1572 1790 rei
1599 1753 1718 1790 domi-

266 1813 372 1849 nium
402 1812 647 1850 invasissent:
684 1822 818 1851 contra
847 1814 878 1851 si
907 1827 976 1852 nos
1004 1828 1049 1852 ea
1081 1814 1159 1852 fata
1190 1814 1456 1858 obivissemus,
1483 1814 1719 1864 Cleonymus

269 1888 316 1912 ex
347 1887 433 1911 asse
460 1874 568 1912 heres
600 1875 747 1913 fuisset.
806 1876 943 1926 Neque
969 1876 1068 1913 enim
1097 1877 1203 1913 nobis
1233 1882 1296 1913 aut
1325 1876 1430 1913 liberi
1454 1884 1540 1913 sunt
1564 1884 1629 1912 aut
1658 1875 1718 1913 alii

268 1936 486 1987 propinqui,
506 1936 568 1974 ille
588 1944 712 1983 autem
736 1951 872 1987 genere
894 1938 1086 1988 proximus
1107 1945 1145 1975 et
1164 1951 1232 1975 usu
1255 1951 1333 1988 prae
1359 1937 1534 1974 omnibus
1561 1936 1719 1974 familia-

270 1999 343 2036 ris:
374 2011 491 2049 quare
525 2007 563 2037 et
597 1999 702 2050 leges
733 1999 985 2037 hereditatem
1019 2000 1142 2038 eidem
1174 2000 1474 2051 adjudicassent,
1502 1999 1618 2036 immo
1650 2013 1719 2037 nos

271 2059 343 2110 ipsi
373 2060 560 2097 neminem
590 2061 705 2098 alium
734 2062 918 2113 ejusmodi
949 2062 1123 2111 largitate
1161 2062 1382 2099 donandum
1420 2062 1720 2099 censuissemus.

275 2120 408 2170 Neque
429 2121 529 2157 enim
548 2121 717 2159 viventes
738 2123 891 2173 quidem
915 2123 967 2160 ita
989 2123 1202 2174 Cleonymo
1223 2123 1273 2161 rei
1295 2131 1435 2160 nostrae
1456 2123 1621 2159 rationes
1643 2129 1719 2159 tra-

271 2181 514 2227 didissemus,
531 2190 572 2220 ut
591 2184 628 2221 in
648 2185 809 2235 negotiis
831 2185 994 2235 agundis
1013 2186 1154 2223 firmior
1175 2187 1257 2234 ejus
1274 2193 1378 2223 esset
1396 2184 1586 2222 sententia
1605 2197 1718 2234 quarn

272 2251 416 2290 nostra,
438 2244 640 2283 morientes
666 2256 791 2284 autem
818 2247 910 2285 alios
939 2247 1097 2286 heredes
1123 2247 1285 2296 scribere
1313 2246 1581 2284 maluissemus
1606 2258 1718 2296 quam

273 2306 444 2344 omnium
476 2306 643 2344 maxime
676 2309 950 2346 necessarium.
1007 2310 1135 2352 Quare
1159 2322 1242 2355 nos,
1267 2322 1290 2346 o
1316 2308 1585 2353 Athenienses,
1612 2315 1652 2346 et
1683 2306 1734 2346 in¹

272 2367 402 2406 dando
431 2376 471 2406 et
499 2368 535 2406 in
565 2369 790 2420 accipiendo
820 2371 1116 2422 propinquitatis
1146 2372 1331 2408 rationem
1365 2370 1472 2420 sequi
1507 2369 1723 2421 deprehen·

273 2430 395 2468 detis:
425 2430 663 2469 adversarios
683 2439 810 2469 autern
836 2445 936 2470 nunc
962 2433 1204 2484 impudenter
1224 2435 1371 2483 jactare
1397 2431 1721 2470 necessitudinem

273 2501 312 2530 et
333 2492 571 2538 affinitatem,
591 2492 680 2543 quia
699 2493 842 2544 aliquid
866 2494 1038 2545 accipere
1063 2502 1315 2546 exspectant;
1347 2507 1479 2544 quum,
1501 2493 1531 2529 si
1552 2491 1721 2530 dandum

275 2555 385 2601 foret,
410 2555 550 2593 multos
579 2556 734 2594 omnino
758 2563 798 2594 et
822 2556 956 2594 affines
984 2563 1023 2594 et
1052 2557 1194 2595 amicos
1215 2557 1428 2606 Cleonymo
1456 2562 1723 2605 praeponerent

274 2617 328 2654 uti
350 2616 651 2667 propinquiores.

334 2681 393 2717 13.
425 2679 607 2717 Omnium
627 2692 715 2730 quae
746 2680 909 2718 diximus
935 2687 1051 2731 caput
1076 2687 1146 2724 est,
1167 2679 1227 2716 cui
1254 2685 1292 2715 et
1311 2691 1378 2716 vos
1403 2690 1535 2714 omues
1556 2684 1721 2714 mentem

274 2740 472 2779 advertere
492 2754 651 2779 necesse
672 2748 756 2779 est:
788 2742 933 2780 scilicet
958 2749 1101 2793 quanto
1124 2740 1246 2791 magis
1271 2738 1477 2777 adversarii
1503 2745 1726 2776 asseverant

279 2801 461 2852 vobisque
491 2803 654 2840 suadere
679 2812 867 2841 conantur
888 2804 1142 2855 Cleonymum
1167 2809 1206 2840 et
1223 2801 1292 2839 has
1312 2813 1446 2851 reapse
1465 2800 1615 2837 tabulas
1635 2813 1725 2838 con-

278 2864 436 2909 didisse,
460 2877 586 2914 neque
614 2865 796 2916 deinceps
823 2866 1045 2917 poenitentia
1071 2864 1149 2903 ulla
1173 2864 1291 2901 fuisse
1315 2871 1482 2913 captum,
1504 2861 1726 2911 nullamque

279 2935 423 2978 partem
443 2927 626 2964 bonorum
649 2941 800 2965 suorum
824 2941 926 2965 nunc
945 2928 1113 2966 voluisse
1132 2939 1201 2964 nos
1219 2925 1386 2975 assequi,
1401 2923 1466 2962 sed
1483 2923 1725 2961 donationem
