1870 3277
700 219 1109 260 PANEGYRICUS.
1586 227 1637 262 27

167 334 264 373 pora
289 328 329 360 et
353 321 576 374 reipublicae
604 328 744 360 nostrae
772 323 876 361 facta
903 323 1038 361 ordine
1065 325 1390 370 recensuerim-33
1421 338 1506 364 eam
1537 326 1639 364 enim

167 397 243 421 non
257 390 409 422 tantum
427 385 539 423 rebus
554 384 654 422 bello
669 385 785 435 gestis
799 384 1044 431 excelluisse,
1056 385 1123 423 sed
1139 393 1178 423 et
1192 393 1416 425 caeterarum
1426 389 1638 439 copiarum,

165 447 306 496 quibus
319 446 480 484 fruimur
494 448 609 497 inque
622 447 819 497 republica
836 449 979 485 utimur
999 455 1038 485 et
1055 448 1173 485 vitam
1189 454 1355 494 tuemur,
1372 450 1452 487 fere
1468 451 1639 489 omnium

165 507 282 545 fuisse
304 521 463 546 causam
490 508 736 559 reperiemus.
796 510 855 547 Ea
874 522 963 547 vero
982 510 1172 547 beneficia
1192 510 1438 561 potissimum
1470 513 1640 561 proferre

164 581 329 607 11000550
343 576 414 615 051,
434 583 510 607 11011
532 582 619 620 quae
640 571 689 607 ob
710 570 937 608 tenuitatem
952 570 1128 621 ignorata
1142 571 1371 623 silentioque
1387 579 1487 610 tecta
1501 574 1640 624 jacue-

166 638 268 676 runt,
288 632 356 669 sed
377 644 465 681 quae
484 637 641 682 propter
661 632 967 682 magnitudinem
982 640 1020 670 et
1039 633 1128 670 olim
1151 640 1189 670 et
1211 647 1313 672 nunc
1336 640 1374 671 et
1391 635 1535 685 ubique
1555 648 1637 673 om-

164 691 269 729 nium
290 693 507 730 mortalium
525 699 563 730 et
578 693 819 731 sermonibus
841 700 880 731 et
898 694 1166 732 recordatione
1187 695 1448 734 celebrantur.

217 755 255 790 6.
285 753 342 790 Αο
363 754 527 804 primum
544 754 581 791 id
593 767 669 805 quo
691 761 827 792 natura
845 761 977 793 nostra
997 756 1161 806 primum
1183 755 1359 806 indiguit,
1374 769 1442 807 per
1465 764 1636 795 nostram

162 814 295 851 urbem
328 821 388 852 est
425 823 715 865 comparatum:
757 815 830 853 etsi
863 816 962 853 enim
1000 816 1312 855 commemoratio
1338 817 1424 854 haec
1457 817 1641 856 fabulosa

161 874 281 913 videri
306 876 436 927 coepit,
456 876 530 914 1100
558 884 687 915 tamen
714 884 884 928 tempore
906 890 986 915 non
1013 884 1073 916 est
1092 878 1321 917 omittenda.
1381 878 1496 924 Nam,
1519 893 1639 930 quum

163 937 285 975 Ceres
314 945 403 988 post
429 946 578 990 raptam
608 938 878 989 Proserpinam
906 940 1098 977 erroribus
1119 947 1207 978 acta
1226 940 1263 978 in
1286 940 1481 991 regionem
1504 955 1638 992 perve-

162 999 295 1045 nisset,
318 1002 532 1052 nostrisque
553 1001 760 1052 majoribus
782 1002 831 1039 ob
858 1008 1022 1052 accepta
1040 1002 1232 1040 beneficia
1257 1016 1346 1053 quae
1368 1016 1445 1040 non
1471 1003 1545 1040 nisi
1566 1003 1637 1040 ini-

161 1062 263 1100 tiatis
284 1063 415 1102 audire
437 1065 494 1102 fas
515 1071 574 1101 est
595 1064 692 1101 bene
712 1063 887 1114 cupiens,
908 1063 1146 1114 amplissima
1174 1077 1334 1101 munera
1354 1064 1496 1115 largita
1518 1072 1637 1110 esset,

162 1124 293 1175 fruges
318 1138 406 1175 quae
423 1125 458 1162 in
480 1138 597 1162 causa
612 1125 769 1162 fuerunt
783 1138 830 1162 ne
844 1137 948 1162 more
961 1125 1177 1163 belluarum
1193 1125 1422 1171 viveremus,
1440 1133 1479 1163 et
1495 1140 1638 1165 arcana

160 1185 228 1223 illa
248 1199 357 1224 sacra
373 1186 510 1237 quibus
540 1186 674 1223 initiati
695 1186 760 1236 qui
792 1193 883 1224 sunt
902 1192 940 1223 et
970 1185 1017 1223 de
1040 1187 1129 1223 vitae
1159 1186 1266 1223 exitu
1287 1193 1326 1224 et
1353 1187 1532 1225 universo
1553 1201 1637 1226 aevo

161 1259 269 1297 spem
290 1248 434 1284 habent
453 1247 664 1292 meliorem,
684 1248 781 1284 adeo
802 1261 878 1284 non
900 1254 1050 1284 tantum
1071 1255 1234 1297 accepta
1255 1247 1327 1285 diis
1350 1248 1417 1285 sed
1439 1255 1477 1286 et
1507 1249 1544 1285 in
1565 1249 1636 1287 110-

159 1308 282 1345 mines
304 1309 472 1358 benigna
491 1308 561 1345 fuit
581 1314 711 1346 nostra
731 1309 835 1352 urbs,
859 1314 902 1345 nt
922 1308 1065 1345 nemini
1087 1314 1197 1345 tanta
1219 1309 1324 1346 bona
1344 1307 1545 1356 invideret,
1566 1310 1634 1348 sed

157 1383 245 1420 quae
269 1377 471 1421 acceperat
499 1370 676 1408 omnibus
697 1370 920 1421 impertiret.
980 1370 1033 1407 Et
1061 1369 1145 1408 11000
1179 1370 1335 1420 quidem
1379 1370 1493 1408 etiam
1530 1385 1636 1411 nunc

155 1433 364 1482 quotannis
385 1433 638 1477 ostendimus,
662 1432 812 1469 illarum
835 1438 962 1469 autem
983 1432 1175 1470 culturam
1196 1432 1413 1483 utendique
1445 1433 1636 1472 rationem

159 1501 199 1532 et
220 1494 405 1532 utilitates
425 1495 513 1532 inde
534 1494 744 1545 capiendas
765 1506 811 1531 ea
831 1493 949 1531 semel
968 1494 1007 1531 in
1029 1500 1255 1545 perpetuum
1280 1494 1450 1532 edocuit.
1483 1495 1635 1538 Quibus

156 1557 270 1596 fidem
292 1559 477 1608 abrogare
497 1557 560 1608 qui
581 1557 687 1602 velit,
712 1557 741 1594 si
762 1570 888 1607 pauca
912 1557 1028 1595 modo
1049 1557 1327 1603 addiderimus,
1344 1557 1415 1596 erit
1437 1571 1562 1596 nemo.

214 1621 250 1656 7.
282 1618 449 1656 Primum
472 1619 587 1663 enim,
609 1618 638 1656 si
665 1619 751 1668 quis
772 1631 819 1655 ea
839 1632 925 1669 qnae
947 1618 1111 1656 diximus
1132 1626 1338 1670 propterea
1357 1621 1638 1672 contempserit

158 1681 264 1731 quod
285 1680 444 1730 antiqua
461 1680 549 1725 sint,
567 1681 616 1717 ob
634 1680 797 1731 idipsum
814 1693 860 1718 ea
876 1680 980 1718 facta
993 1694 1078 1718 esse
1095 1681 1181 1732 jure
1200 1681 1497 1720 existimaverit:
1530 1696 1636 1730 nam,

157 1742 261 1792 quod
282 1755 329 1779 ea
354 1741 520 1779 etmulti
548 1742 729 1779 dixerunt
751 1749 789 1779 et
809 1755 944 1780 omnes
974 1743 1219 1788 audiverunt,
1247 1756 1325 1780 non
1359 1744 1515 1793 quidem
1536 1758 1639 1783 nova

159 1804 226 1842 sed
248 1803 324 1841 fide
345 1803 466 1854 digna
487 1810 576 1841 sunt
596 1803 790 1841 habenda.
850 1804 1001 1841 Deinde
1031 1818 1108 1842 non
1136 1804 1214 1842 huc
1236 1810 1387 1842 tantum
1420 1805 1634 1856 confugere

156 1866 267 1904 nobis
288 1866 390 1908 licet,
412 1865 516 1916 quod
539 1877 753 1903 sermonem
784 1872 823 1902 et
844 1865 983 1902 famam
1013 1865 1113 1903 hanc
1128 1866 1208 1916 jam
1232 1866 1323 1903 olim
1353 1867 1637 1917 acceperimus,

158 1928 224 1966 sed
241 1928 448 1978 majoribus
469 1927 582 1964 etiam
601 1940 716 1977 quam
730 1926 814 1964 haec
836 1934 926 1964 sunt
948 1927 1001 1964 uti
1022 1940 1228 1977 possumus
1247 1929 1512 1978 argumentis:
1544 1942 1633 1968 nam

158 1991 352 2041 pleraeque
384 1989 497 2026 urbes
527 1988 564 2025 in
590 1989 730 2025 veteris
759 1989 935 2025 beneficii
973 1989 1192 2026 memoriam
1222 1989 1403 2026 frumenti
1448 1990 1634 2039 primitias

157 2051 363 2102 quotannis
381 2050 429 2087 ad
452 2062 521 2086 nos
542 2049 711 2093 mittunt,
732 2050 763 2086 si
789 2062 874 2099 quae
897 2058 1024 2086 autem
1044 2049 1081 2087 id
1100 2050 1401 2096 intermiserunt,
1424 2051 1468 2088 iis
1490 2052 1633 2103 Pythia

157 2126 261 2164 saepe
283 2111 483 2163 imperavit
511 2117 556 2148 ut
585 2117 623 2148 et
653 2117 782 2161 partes
810 2111 963 2160 frugum
993 2111 1173 2149 offerrent
1193 2121 1232 2150 et
1260 2119 1401 2150 nostrae
1428 2114 1512 2150 urbi
1533 2127 1635 2164 prae-

155 2182 304 2213 starent
328 2186 374 2211 ea
400 2186 487 2223 qnae
509 2185 530 2209 a
550 2172 722 2223 patribus
752 2173 1008 2223 accepissent.
1066 2173 1165 2216 Quae
1189 2187 1275 2211 vero
1296 2174 1419 2225 magis
1435 2176 1635 2215 credenda

155 2244 261 2282 sunt,
283 2249 397 2286 quam
418 2248 463 2272 ea
477 2248 563 2285 quae
583 2241 621 2272 et
640 2235 806 2272 oraculis
821 2237 1004 2283 jubentur
1026 2244 1064 2273 et
1085 2249 1106 2273 a
1128 2236 1258 2274 multis
1281 2237 1509 2275 Graecorum
1527 2252 1632 2276 com-

153 2300 378 2350 probantur,
409 2311 526 2348 quum
561 2303 600 2335 et
631 2304 780 2334 veteres
810 2310 1009 2334 sermones
1044 2298 1088 2335 iis
1122 2299 1237 2336 rebus
1271 2313 1359 2350 quae
1394 2313 1498 2338 nunc
1532 2302 1632 2340 fiunt

154 2360 414 2401 testimonium
442 2359 685 2410 perhibeant,
700 2367 738 2397 et
757 2372 801 2397 ea
821 2372 906 2409 quae
936 2372 1037 2397 nunc
1068 2360 1165 2397 fiunt
1182 2374 1269 2398 eum
1286 2369 1459 2401 veterum
1482 2375 1628 2401 sermo-

152 2423 264 2461 nibus
281 2420 554 2460 consentiant?

208 2487 245 2522 8.
276 2484 483 2527 Praeterea,
506 2482 535 2519 si
562 2481 712 2519 omissis
735 2480 794 2518 1115
825 2482 1001 2520 omnibus
1034 2483 1158 2533 prima
1183 2484 1291 2534 origo
1320 2490 1533 2535 spectetur,
1560 2498 1628 2524 eos

154 2547 218 2598 qui
240 2545 348 2597 primi
364 2546 401 2582 in
423 2544 532 2582 terris
555 2544 786 2581 exstiterunt
805 2544 922 2581 vitam
943 2557 1017 2581 non
1040 2544 1094 2582 sic
1112 2545 1339 2582 instructam
1361 2546 1548 2596 reperisse
1569 2547 1627 2586 in-

153 2609 363 2658 telligetur,
395 2607 464 2644 sed
496 2606 598 2657 ipsos
630 2605 815 2656 paulatim
850 2606 1068 2643 necessaria
1102 2620 1364 2657 comparasse.
1423 2608 1624 2652 Quosnam

152 2671 269 2722 igitur
287 2682 333 2707 ea
353 2668 511 2705 similius
529 2674 589 2705 est
608 2667 669 2705 vel
698 2667 800 2704 dono
823 2680 845 2704 a
864 2667 936 2704 diis
958 2668 1235 2706 immortalibus
1255 2669 1453 2720 accepisse
1474 2671 1535 2708 vel
1557 2685 1627 2710 suo

155 2732 282 2770 studio
302 2728 585 2780 investigasse?
643 2731 788 2766 Annon
810 2741 875 2766 eos
897 2729 963 2779 qui
984 2730 1066 2767 sinc
1094 2732 1359 2769 controversia
1381 2739 1419 2769 et
1441 2734 1628 2784 antiquis·

154 2793 237 2832 simi
255 2799 347 2830 sunt
372 2799 411 2829 et
430 2791 479 2828 ad
500 2798 601 2828 artes
631 2790 853 2828 tractandas
880 2791 1181 2840 ingeniosissimi
1203 2799 1241 2829 et
1269 2793 1437 2832 cultores
1464 2795 1624 2833 deorum

154 2851 453 2905 religiosissimi?
510 2852 676 2896 Quantis
695 2860 822 2890 autem
840 2852 1051 2890 honoribus
1073 2851 1178 2903 digni
1200 2853 1276 2892 sint
1296 2856 1360 2905 qui
1383 2863 1493 2893 tanta
1514 2857 1627 2895 bene-

153 2916 241 2955 ficia
258 2914 461 2959 dederunt,
484 2926 813 2964 supervacaneum
833 2920 893 2951 cst
913 2914 1052 2951 docere
1070 2926 1078 2951 ε
1110 2926 1224 2951 nemo
1243 2915 1344 2954 enim
1377 2917 1497 2955 ullum
1524 2931 1623 2969 prze-

155 2978 273 3015 mium
293 2974 454 3025 reperiet
472 2980 621 3012 tantum
642 2975 745 3024 quod
768 2975 881 3013 rebus
899 2974 1019 3025 gestis
1042 2976 1291 3026 respondeat.
