1870 3277
212 148 288 184 490
752 146 1120 183 LESBONACTIS

211 247 472 285 crudelissime
493 249 777 286 commiserunt.
811 249 979 298 Dignum
1000 247 1114 297 igitur
1135 245 1258 284 sentio
1275 246 1431 296 eos,qui
1447 258 1514 282 vos
1528 257 1549 282 a
1569 257 1654 281 sen-

214 309 334 345 tentia
353 321 437 345 mea
454 308 716 354 dehortantur,
734 309 959 346 sententiam
980 320 1086 346 suam
1110 306 1196 344 mihi
1217 319 1420 357 exponere,
1441 314 1479 343 et
1498 305 1656 343 suadere

215 382 300 406 cum
335 368 526 407 Thebanis
556 370 593 406 in
624 370 725 407 bello
757 369 974 406 societatem
1002 381 1076 405 non
1106 380 1191 405 esse
1222 367 1452 404 ineundam:
1490 366 1592 415 quod
1628 365 1657 401 si

214 431 289 468 fleri
311 444 385 469 non
408 432 542 482 possit,
565 433 790 470 sententiam
813 432 987 469 dicentes
1011 430 1100 467 uiliil
1119 431 1154 466 in
1177 443 1244 467 vos
1266 429 1521 479 deliquerunt.

544 665 981 714 HORTATORIA
1021 663 1342 712 EJUSDEM.

282 799 313 834 l.
345 798 441 834 Cum
474 799 604 836 hostes
632 798 785 841 adsunt,
809 797 960 841 milites,
986 810 1145 846 quorum
1178 810 1296 834 eausa
1323 795 1444 833 factus
1465 802 1523 832 est
1541 793 1663 831 omnis

224 867 447 910 apparatum
470 866 550 896 tum
566 873 625 896 res
646 859 798 902 divinae,
815 858 988 908 aquibus
1007 864 1067 894 est
1086 857 1357 907 incipiendum,
1371 863 1534 906 utroque
1552 855 1664 892 modo

225 927 326 958 recte
347 934 386 957 se
406 921 566 957 habent:
599 933 685 957 nam
715 928 751 955 ct
782 927 869 956 exta
898 919 1093 968 contigere
1118 919 1245 955 fausta
1266 924 1303 953 ot
1322 917 1386 966 jus
1413 931 1435 953 a
1460 917 1565 953 nobis
1594 922 1665 952 est.

228 982 392 1031 Reliqua
412 981 526 1031 igitur
547 994 634 1030 spes
655 981 691 1017 in
714 980 819 1016 vobis
841 987 910 1023 est,
933 980 961 1016 si
987 979 1103 1016 fortes
1126 992 1190 1016 vos
1218 978 1468 1029 praebueritis.
1525 978 1580 1013 Ac
1608 988 1667 1012 me

224 1042 378 1091 quidem
398 1055 444 1079 ea
463 1055 549 1092 quae
570 1041 648 1079 scio
670 1054 735 1078 vos
756 1041 868 1078 decet
884 1053 1051 1084 monere,
1067 1053 1131 1077 vos
1151 1048 1275 1076 autem
1296 1052 1383 1088 quae
1403 1039 1522 1075 dicam
1545 1044 1668 1074 atten-

227 1104 329 1148 dere,
351 1110 388 1140 et
405 1102 727 1153 quemadmodum
749 1101 888 1139 auditis
907 1103 1036 1145 verba,
1053 1100 1106 1138 sic
1128 1114 1185 1138 res
1206 1101 1324 1151 ipsaS‚
1340 1100 1386 1137 de
1401 1099 1537 1150 quibus
1556 1098 1670 1135 verba

227 1164 336 1208 fiunt,
356 1165 482 1201 videre
503 1178 568 1201 vos
590 1171 798 1214 praesentes
814 1163 987 1201 credere:
1013 1162 1042 1199 si
1065 1161 1219 1212 quidem
1242 1161 1311 1198 hac
1332 1161 1476 1198 ratione
1497 1159 1587 1209 quid
1604 1171 1669 1196 ex-

229 1227 359 1276 pediat
377 1226 635 1277 cognoveritis
657 1226 846 1263 facillime.

283 1290 320 1324 2.
353 1288 484 1337 Atque
504 1287 576 1325 hoc
596 1288 702 1324 vobis
729 1294 788 1323 est
811 1286 1147 1330 considerandum,
1168 1293 1352 1335 quantum
1373 1286 1408 1322 in
1431 1298 1476 1322 eo
1497 1284 1546 1320 sit
1565 1295 1670 1320 com-

231 1350 345 1395 modi,
365 1350 394 1387 si
415 1350 545 1387 hostes
567 1349 698 1400 praelio
723 1349 894 1387 vincatis.
936 1349 1082 1386 Etenim
1106 1348 1267 1398 primum
1290 1347 1421 1384 urbem
1441 1344 1674 1384 conservatis

231 1419 269 1448 et
299 1412 492 1462 regionem
514 1412 552 1448 in
572 1425 648 1461 qua
675 1411 766 1448 estis
795 1410 963 1454 educati,
983 1422 1173 1459 quamque
1193 1410 1298 1445 vobis
1318 1422 1340 1444 a
1358 1420 1399 1445 se
1426 1407 1609 1444 munitam
1636 1412 1675 1442 et

232 1472 352 1509 multo
373 1473 513 1509 sudore
534 1472 729 1508 defensam
749 1471 910 1521 majores
932 1483 1006 1507 non
1028 1469 1262 1521 perdendam
1283 1469 1351 1506 sed
1372 1467 1597 1506 servandam
1617 1479 1673 1503 re-

231 1533 443 1583 liquerunt;
474 1546 587 1582 quam
609 1533 678 1569 nisi
699 1532 869 1577 liberam,
891 1539 933 1567 ut
956 1531 1168 1581 accepistis,
1188 1540 1318 1567 tenere
1339 1530 1520 1580 pergatis,
1540 1528 1672 1565 admo-

236 1594 325 1631 dum
345 1601 454 1644 turpe
476 1595 535 1630 sit.
568 1593 705 1643 Neque
721 1605 824 1637 vero,
837 1592 926 1641 quia
942 1591 1154 1641 periculum
1174 1591 1338 1629 timeatis
1357 1604 1402 1628 ae
1421 1591 1542 1641 majus
1559 1601 1674 1639 quam

232 1656 279 1692 sit
294 1655 532 1698 existimetis,
545 1662 583 1691 et
597 1662 760 1692 vestram
774 1653 925 1701 abjicite
945 1653 1207 1690 fortitudinem
1222 1661 1261 1690 et
1280 1653 1440 1691 alienam
1456 1658 1674 1702 comparate

233 1716 339 1754 vobis
367 1716 570 1765 ignaviam.
627 1715 788 1766 Templa
816 1721 1000 1765 praeterea
1020 1714 1127 1752 vobis
1148 1728 1168 1752 a
1189 1727 1230 1752 se
1257 1721 1487 1760 constructa,
1507 1713 1674 1756 sacellis,

235 1777 323 1822 aris,
344 1777 494 1822 statuis,
514 1790 559 1814 ac
578 1777 705 1814 multis
726 1776 919 1827 praeclaris
940 1783 1074 1813 ornata
1094 1775 1274 1819 donariis,
1288 1776 1449 1827 majores
1470 1776 1676 1825 reliquere;

236 1852 323 1888 quae
352 1838 470 1875 nolite
504 1838 706 1888 spolianda
734 1845 772 1875 et
802 1836 990 1874 diruenda
1019 1836 1196 1887 prodere,
1228 1849 1356 1874 verum
1385 1837 1457 1873 diis
1486 1848 1555 1886 pro
1583 1835 1679 1873 virili

238 1901 400 1950 quisque
429 1912 540 1950 opem
570 1900 679 1944 ferte,
710 1911 795 1936 eum
827 1899 1037 1949 praesertim
1069 1905 1207 1948 praeter
1238 1904 1403 1934 vestrum
1435 1896 1679 1934 commodum

239 1975 346 1999 suam
367 1974 519 2012 quoque
539 1960 646 1998 vobis
668 1960 972 1997 benevolentiam
992 1959 1043 1996 dii
1059 1959 1098 1996 in
1117 1960 1232 1997 saeris
1253 1959 1504 2004 ostenderint,
1521 1970 1681 2009 pompa-

239 2037 321 2060 rum
351 2030 388 2060 et
415 2023 653 2073 publicorum
681 2028 936 2060 conventuum
968 2028 1083 2071 atque
1112 2021 1363 2059 certaminum
1393 2034 1593 2066 memores,
1617 2034 1682 2071 per

241 2098 328 2134 quie
347 2093 425 2121 tum
446 2091 654 2134 praesentes
676 2083 995 2121 obliviscebamur
1014 2095 1217 2128 aerumnas,
1232 2089 1312 2119 tum
1340 2090 1428 2133 post
1452 2083 1553 2120 hanc
1580 2082 1683 2119 dele-

242 2146 449 2183 ctationem
478 2145 569 2183 alias
597 2146 694 2182 inter
723 2158 792 2183 nos
822 2158 886 2195 per
915 2144 1101 2182 amicitias
1121 2143 1475 2194 congnationesque
1494 2153 1532 2181 et
1549 2150 1683 2181 aetates

243 2206 395 2244 collecti
413 2207 738 2256 excogitabamus,
756 2219 842 2256 quae
868 2214 906 2243 et
932 2206 1041 2243 nobis
1068 2205 1158 2256 ipsis
1181 2205 1331 2242 minime
1357 2205 1526 2242 molestae
1546 2211 1585 2242 et
1603 2205 1685 2242 aliis

245 2274 374 2306 essent
393 2268 554 2305 maxime
568 2267 766 2317 jucundae.
824 2267 875 2304 At
894 2267 931 2303 in
952 2267 1025 2304 hoc
1045 2266 1250 2304 certamine
1272 2266 1386 2303 situm
1404 2273 1480 2308 est;
1514 2274 1555 2302 ut
1574 2265 1633 2303 vel
1649 2272 1687 2303 et

245 2330 329 2366 haec
352 2341 545 2366 servemus
563 2336 601 2366 et
622 2328 696 2365 alia
717 2328 826 2378 plura
844 2327 1036 2378 pulcriora
1054 2327 1270 2378 majoraque
1285 2327 1394 2364 nobis
1410 2328 1686 2377 comparemus,
1732 2322 1736 2327 ζ

247 2390 307 2427 vel
328 2397 367 2427 et
391 2390 475 2428 haec
505 2390 707 2440 perdamus
738 2395 777 2426 et
803 2389 874 2438 ipsi
903 2388 1073 2426 miserias
1104 2388 1242 2426 multas
1271 2397 1352 2424 tum
1381 2389 1584 2425 subeamus
1605 2394 1686 2425 tum

247 2450 368 2489 oculis
390 2462 629 2500 usurpemus.
672 2449 750 2486 Sed
770 2448 818 2485 ad
833 2461 878 2485 ea
893 2455 1061 2485 vestrum
1082 2448 1386 2499 uniuscujusque
1416 2448 1686 2498 cogitationem

249 2512 334 2549 volo
354 2524 545 2556 revocare,
566 2524 653 2561 quae
682 2509 790 2547 nobis
819 2509 1015 2547 carissima
1043 2509 1275 2559 reliquimus,
1291 2517 1418 2560 patres
1439 2509 1614 2547 videlicet
1643 2522 1688 2546 ac

248 2580 388 2609 matres
410 2572 474 2621 qui
494 2585 563 2609 nos
578 2577 803 2621 genuerunt,
819 2570 955 2607 liberos
976 2582 1071 2619 quos
1091 2570 1386 2620 procreavimus,
1406 2571 1541 2607 fratres
1562 2582 1606 2607 ac
1627 2582 1688 2607 so-

249 2643 351 2670 rores
369 2633 567 2670 nobiseum
585 2639 711 2677 natos,
728 2632 776 2669 de
796 2631 934 2681 quibus
954 2630 1015 2668 alii
1037 2643 1101 2680 per
1123 2637 1374 2674 senectutem,
1393 2630 1455 2667 alii
1475 2630 1690 2681 perjuven-

250 2700 369 2730 tutem
388 2692 558 2738 nimiam,
572 2699 615 2729 ut
630 2705 790 2742 corpora
809 2704 884 2729 non
903 2698 1063 2742 possunt
1083 2691 1258 2729 hostibus
1277 2691 1454 2742 objicere,
1473 2692 1525 2729 ita
1546 2692 1691 2742 pericu-

250 2753 373 2790 lorum
392 2759 537 2803 partem
558 2753 783 2804 participant
807 2753 1045 2792 maximam..
1085 2752 1143 2788 Ex
1161 2751 1220 2789 his
1242 2765 1367 2802 porro,
1387 2752 1418 2789 si
1445 2765 1514 2790 nos
1535 2759 1690 2790 strenue

251 2814 583 2861 decertaverimus,
613 2815 743 2852 felices
774 2821 886 2852 erunt
913 2820 1055 2864 patres,
1085 2814 1262 2851 honorati
1294 2813 1415 2858 liberi,
1447 2813 1620 2851 celebres
1653 2821 1693 2851 et

249 2888 384 2913 uxores
404 2881 441 2913 et
460 2875 547 2913 filiae
568 2882 605 2914 et
625 2889 774 2914 sorores
795 2883 874 2913 tum
902 2875 1142 2925 singulorum
1163 2882 1242 2911 tum
1260 2874 1451 2912 omnium:
1482 2875 1538 2912 sin
1562 2872 1699 2925 ignavi
