1870 3277
281 155 357 192 326
939 153 1053 192 lsAEl

271 255 479 293 affirmaret
498 266 540 291 se
559 252 692 290 dotem
710 265 775 303 pro
792 252 946 291 muliere
965 256 1161 306 accepisse
1180 254 1322 305 illaque
1342 256 1396 294 de
1411 257 1499 295 dote
1517 258 1714 296 reddenda

271 321 440 361 caveret,
458 327 535 366 quo
556 314 664 352 facile
684 326 816 352 rursus
838 314 872 352 ei
900 328 947 353 ne
968 323 1071 354 esset
1091 316 1303 361 mulierem,
1324 318 1355 354 si
1375 318 1528 367 quando
1555 319 1716 363 luberet,

269 390 292 415 a
323 389 366 415 se
394 377 598 427 ablegare;
631 376 751 414 multo
779 375 892 414 etiam
925 376 1052 427 plures
1076 385 1156 415 tum
1186 378 1357 428 profecto
1386 386 1502 417 testes
1531 380 1584 427 (id
1609 382 1713 431 quod

267 446 567 477 consentaneum
594 441 668 486 est)
691 437 938 488 despondens
967 439 1177 479 advocatos
1197 440 1436 478 adhibuisset
1459 454 1575 491 quam
1591 443 1622 480 is
1649 444 1714 492 qui

267 502 336 539 sibi
369 501 486 539 talem
525 500 719 538 mulierem
754 500 984 551 desponderi
1016 510 1177 540 curaret.
1254 503 1378 540 Nemo
1412 503 1509 540 enim
1544 511 1713 542 vestrum

267 564 430 614 ignorat,
460 562 646 612 ejusmodi
677 561 877 600 mulierum
903 563 1105 602 caritatem
1131 577 1248 615 penes
1276 571 1448 602 amantes
1479 565 1600 602 levem
1628 578 1713 604 esse

266 633 306 665 et
330 625 549 669 evanidam,
573 631 614 662 et
640 624 792 662 illusam
811 624 961 662 illorum
987 625 1200 674 opinionem
1221 625 1334 676 paulo
1360 632 1448 676 post
1480 626 1712 676 resipiscere,

265 700 430 726 errorem
452 686 657 732 noscitare,
676 692 727 730 et,
754 698 834 736 quo
853 685 938 724 loco
965 686 1154 737 habendae
1176 687 1252 725 sint
1277 687 1497 725 meretrices
1517 695 1555 724 et
1579 687 1712 738 quanti

263 748 466 795 faciendae,
486 748 640 786 tandem
661 748 868 799 aliquando
887 761 1054 787 cernere.
1112 749 1161 786 Et
1180 749 1425 787 nihilominus
1445 757 1569 787 tamen
1597 749 1713 787 Nico-

265 811 416 857 demus‚
437 811 542 849 aiens
563 823 729 849 sororem
749 823 772 848 a
791 823 832 848 se
848 810 1092 861 desponsam,
1112 810 1170 848 his
1191 810 1370 855 moribus,
1388 811 1613 855 indotatam,
1634 811 1714 849 viro

262 873 515 911 substantiam
535 872 690 909 habenti
710 871 830 910 tribus
850 872 1001 910 talentis
1021 871 1349 922 aequiparabilem,
1370 873 1422 910 ait
1437 885 1521 910 cam
1543 872 1710 922 despon-

263 934 368 972 disse
398 947 476 972 uno
507 940 656 971 tantum
682 946 770 970 cum
803 939 901 970 teste
929 941 967 970 et
1001 933 1083 970 sine
1104 932 1281 983 pactione
1315 933 1441 977 dotis;
1472 941 1510 971 et
1535 933 1714 971 avunculi

264 995 398 1047 Pyrrhi
427 996 532 1032 aiunt
558 1007 599 1032 se
627 993 844 1031 interfuisse
878 993 1122 1044 sponsalibus
1150 993 1194 1030 iis
1225 994 1363 1043 quibus
1388 1007 1481 1031 suus
1506 1007 1554 1031 ex
1586 1007 1713 1032 sorore

263 1069 384 1107 nepos
411 1056 605 1094 mulierem
636 1055 752 1093 talem
779 1055 849 1092 sibi
870 1062 1044 1093 curasset
1071 1054 1281 1092 indotatam
1311 1055 1554 1106 desponderi.
1609 1054 1712 1092 Proh

262 1118 564 1171 impudentiam!
592 1118 686 1168 proh
706 1117 887 1155 effrenem
909 1116 1114 1155 mentiendi
1136 1116 1353 1154 licentiam!

314 1183 353 1219 5.
382 1182 526 1220 Verum
542 1193 617 1218 non
634 1181 774 1218 insistit
791 1180 852 1218 hic
868 1193 996 1218 eorum
1017 1179 1195 1218 audacia.
1250 1179 1398 1217 Testati·
1416 1185 1601 1230 praeterea
1617 1192 1709 1230 qno-

260 1257 335 1295 que
351 1251 440 1282 sunt
458 1243 495 1280 hi
515 1243 628 1280 iidem
652 1242 786 1293 Pyrrhi
800 1242 979 1279 avunculi
1002 1255 1042 1279 se
1057 1241 1264 1279 advocatos
1284 1255 1304 1279 a
1325 1248 1463 1292 nepote
1480 1241 1710 1286 interfuisse,

261 1318 348 1344 cum
365 1306 428 1343 ille
442 1305 542 1342 diem
563 1318 585 1341 a
605 1311 695 1342 nata
711 1304 785 1342 filia
798 1303 989 1342 decimum
1005 1303 1146 1340 festum
1160 1310 1293 1354 ageret
1308 1303 1415 1353 eique
1436 1315 1571 1339 nomen
1589 1302 1710 1353 impo-

261 1373 382 1405 neret,
437 1367 515 1404 Hic
532 1366 610 1403 loci
628 1366 822 1403 continere
850 1378 908 1402 me
930 1378 1005 1402 non
1026 1377 1193 1415 possum,
1208 1365 1375 1416 judices,
1399 1364 1602 1413 quominus
1623 1377 1709 1414 pro-

261 1429 349 1466 dam
370 1441 430 1466 me
450 1428 676 1478 gravissime
690 1426 890 1477 indignari,
906 1426 1008 1476 quod
1031 1426 1186 1464 maritus
1202 1426 1359 1476 quidem
1373 1424 1486 1476 hujus
1507 1433 1707 1475 praetensae

262 1489 396 1542 Pyrrhi
415 1489 504 1528 ffliae
524 1487 771 1540 [Xenocles],
786 1488 912 1526 uxoris
936 1488 1021 1525 loco
1041 1495 1156 1538 atque
1178 1488 1331 1525 nomine
1358 1487 1462 1524 litem
1485 1487 1581 1524 hanc
1601 1487 1707 1525 insti·

261 1560 373 1590 tuens
405 1552 455 1590 de
485 1551 697 1589 hereditate
729 1549 867 1601 Pyrrhi
899 1549 1015 1587 veluti
1049 1549 1096 1586 de
1124 1549 1353 1599 patrimonio
1387 1548 1517 1584 uxoris
1548 1547 1706 1598 (Pyrrhi

259 1616 360 1653 enim
387 1615 504 1652 filiam
522 1614 588 1651 illa
608 1626 662 1657 se,
682 1612 785 1663 quod
806 1611 921 1649 toties
942 1611 1041 1655 dico,
1057 1611 1209 1661 jactat),
1237 1611 1273 1647 in
1294 1609 1437 1655 libello,
1465 1623 1577 1660 quem
1603 1609 1709 1646 exhi-

260 1677 341 1714 buit
370 1676 587 1727 petitorium
621 1674 784 1712 eundem
818 1680 933 1724 atque
970 1672 1266 1717 accusatorium,
1301 1672 1428 1709 uxoris
1468 1685 1547 1709 suae
1586 1671 1707 1708 Philae

258 1750 399 1776 nomen
419 1737 582 1776 ediderit
602 1736 827 1786 Philamque
843 1735 983 1772 curarit
1001 1734 1039 1771 in
1060 1733 1209 1771 tabulas
1225 1732 1399 1784 publicas
1419 1733 1555 1776 inseri;
1588 1745 1706 1771 avun-

258 1799 336 1839 culi
355 1807 481 1838 autem
503 1798 651 1851 Pyrrhi,
668 1797 732 1848 qui
746 1796 895 1834 decimo
914 1797 961 1833 ab
978 1795 1079 1833 illius
1104 1794 1270 1832 mulieris
1287 1794 1485 1832 nativitate
1505 1793 1566 1832 die
1587 1795 1708 1832 sacris

258 1862 346 1900 ideo
371 1862 481 1900 factis
501 1860 741 1910 nominisque
770 1857 992 1909 imponendi
1020 1856 1106 1894 ritui
1132 1870 1172 1894 se
1194 1857 1302 1894 aiunt
1327 1855 1557 1900 interfuisse,
1577 1856 1707 1893 testati

260 1924 336 1963 sint
351 1937 435 1962 eam
448 1936 471 1961 a
484 1929 590 1975 patre
605 1934 652 1960 ex
672 1921 768 1958 aviae
781 1920 936 1959 nomine
953 1919 1174 1956 Clitaretam
1197 1917 1425 1968 appellatam
1441 1917 1572 1954 fuisse.
1631 1917 1710 1954 Cli-

258 1993 382 2025 tar-eta
396 1987 494 2023 enim
512 1991 633 2022 mater
645 1982 781 2035 Pyrrhi
798 1981 1074 2033 appellabatur.
1132 1979 1252 2016 Miror
1269 1978 1397 2027 itaque
1413 1978 1475 2028 qui
1493 1978 1636 2016 factum
1658 1979 1707 2017 sit

258 2056 301 2086 ut
319 2049 489 2094 maritus,
509 2053 688 2085 octavum
703 2046 783 2097 jam
801 2044 838 2081 in
854 2057 994 2082 annum
1010 2056 1164 2081 uxorem
1186 2042 1289 2080 domi
1304 2042 1462 2086 habens,
1480 2054 1605 2078 verum
1624 2041 1705 2092 ejus

258 2123 397 2148 nomen
417 2109 623 2160 ignorarit3
655 2114 693 2145 et
711 2119 834 2157 neque
861 2119 882 2143 a
902 2106 1066 2143 testibus
1088 2105 1167 2142 suis
1188 2105 1227 2142 id
1252 2109 1341 2142 ante
1360 2102 1464 2140 hunc
1485 2102 1585 2140 diem
1606 2102 1704 2141 didi-

257 2171 366 2217 cerit,
384 2184 508 2221 neque
527 2183 658 2208 socrus
675 2169 707 2206 ei
724 2169 812 2206 filiae
834 2181 914 2205 suae
929 2168 1181 2205 nomenintra
1195 2173 1271 2203 tam
1287 2165 1536 2215 longinquum
1555 2171 1707 2216 tempus

258 2232 481 2286 prodiderit,
507 2245 629 2282 neque
651 2244 786 2268 socrus
814 2230 943 2275 frater,
963 2229 1024 2267 hic
1050 2229 1131 2280 ipse
1155 2227 1405 2272 Nicodemus‚
1430 2226 1496 2264 sed
1518 2239 1584 2277 pro
1611 2226 1706 2264 aviae

257 2297 409 2334 nornine
423 2295 518 2333 -—-si
539 2306 669 2332 revera
689 2305 824 2330 nomen
847 2292 940 2329 aviae
961 2291 1105 2328 mulieri
1131 2290 1203 2328 fuit
1224 2302 1393 2339 unquam
1419 2288 1637 2338 impositum
1653 2311 1705 2316 —-
1734 2306 1736 2309 ·

257 2358 416 2396 maritus
442 2357 553 2395 uxori
583 2368 663 2394 suae
683 2367 820 2392 nomen
849 2353 969 2390 Philae
996 2353 1136 2391 curarit
1165 2352 1201 2390 in
1230 2350 1367 2389 tabulis
1387 2349 1550 2401 publicis
1575 2349 1703 2395 scribi,

257 2420 376 2471 idque
394 2420 432 2457 in
454 2418 653 2457 sortitione
669 2417 746 2454 litis
765 2429 880 2466 super
899 2415 1111 2453 hereditate
1139 2415 1326 2451 bonorum
1347 2425 1477 2450 eorum
1497 2424 1583 2462 quae
1609 2424 1704 2449 uxor

258 2482 341 2534 ejus
371 2481 574 2533 praetendit
607 2493 630 2517 a
660 2487 768 2530 patre
801 2490 870 2515 suo
897 2476 966 2514 sibi
995 2476 1126 2514 relicta
1154 2489 1257 2514 esse.
1310 2474 1414 2518 Quid
1440 2472 1516 2510 ita?
1564 2473 1704 2522 Ipsone

256 2545 354 2583 adeo
375 2546 471 2583 aviae
491 2543 643 2582 nomine
661 2541 782 2592 [quod
803 2552 939 2577 nomen
957 2538 1074 2589 nepti,
1089 2538 1120 2576 si
1141 2538 1289 2582 fuisset,
1307 2536 1440 2575 titulus
1455 2535 1551 2585 juris
1572 2543 1612 2572 et
1633 2535 1702 2573 do-

256 2615 477 2647 cumentum
507 2603 754 2655 ingenuitatis
785 2615 868 2640 esse
906 2600 1110 2652 potuisset]
1141 2613 1163 2638 a
1195 2607 1304 2650 patre
1336 2597 1512 2647 imposito
1544 2609 1701 2634 uxorem

256 2668 444 2719 privatum
460 2668 542 2705 ibat
558 2667 641 2718 ipse
654 2663 834 2703 maritus?
881 2663 967 2699 Non
981 2662 1059 2713 jam
1073 2660 1382 2711 liquet,judices,
1396 2671 1483 2708 quae
1497 2657 1536 2695 hi
1554 2657 1700 2695 dudum

258 2737 351 2767 ante
363 2730 538 2768 evenisse
549 2730 671 2774 aiunt,
683 2741 727 2765 ea
746 2727 818 2764 hos
839 2738 958 2778 nuper
974 2725 1143 2768 demum,
1156 2723 1303 2760 dudum
1320 2731 1410 2772 post
1423 2734 1578 2758 causam
1599 2721 1700 2758 hanc

257 2793 295 2830 in
314 2793 435 2830 forum
464 2792 646 2836 delatam,
666 2804 712 2828 ex
737 2803 779 2827 se
799 2794 1034 2826 commentos
1061 2797 1146 2823 esse
1165 2791 1205 2822 et
1233 2783 1329 2821 inter
1353 2796 1436 2820 sese
1457 2795 1700 2832 comparasse

256 2862 369 2905 atque
394 2854 613 2891 condixisse
627 2852 645 2888 Τ
691 2852 823 2901 Neque
844 2850 944 2886 enim
965 2848 1042 2886 fieri
1064 2853 1192 2897 potest
1218 2859 1343 2895 neque
1362 2843 1543 2883 credibile
1565 2851 1637 2888 est,
1657 2850 1701 2881 ut

256 2923 374 2954 testes
393 2915 545 2966 quidem
579 2915 625 2952 ad
648 2927 756 2952 sacra
776 2911 948 2950 natalitia
974 2909 1319 2949 concelebrandum
1349 2915 1463 2957 atque
1490 2915 1699 2957 congratu-

400 3001 415 3013 0
