1870 3277
244 181 317 217 1⁶26
830 180 1116 219 ISOCRATIS

239 297 326 321 eurn
354 284 545 336 suscepit;
579 284 696 336 idque
724 292 833 324 tanta
859 286 976 330 mole,
997 293 1039 323 ut
1063 286 1099 322 in
1129 296 1212 323 earn
1233 284 1522 335 expeditionem
1545 283 1708 335 amplius

238 346 461 396 quindecim
483 346 604 385 millia
623 347 812 385 talentum
835 347 1098 398 insumpserit.

290 409 356 445 23.
389 407 587 459 Evagoras
609 415 738 446 tamen
760 408 941 445 omnibus
969 408 1089 459 copiis
1115 407 1284 452 inferior,
1306 406 1486 457 opposito
1515 418 1585 443 suo
1615 417 1710 443 con-

238 469 324 507 silio
344 476 482 507 contra
498 476 574 508 tam
592 469 802 507 immensos
819 475 1043 520 apparatus,
1059 482 1100 507 se
1122 470 1158 506 in
1180 468 1238 506 his
1255 469 1369 519 longe
1385 466 1710 504 admirabiliorem

235 531 404 581 praebuit
423 544 537 581 quam
559 531 595 568 in
620 531 664 567 iis
686 530 864 568 omnibus
884 543 971 580 quae
992 543 1109 581 supra
1129 530 1313 568 diximus.
1372 528 1475 565 Dum
1497 528 1598 565 enim
1620 540 1709 565 eum

237 605 334 643 pace
354 593 427 630 frui
448 593 709 643 patiebantur,
727 604 835 629 suam
854 591 1044 629 duntaxat
1061 592 1192 629 urbem
1210 590 1368 628 habuit:
1400 595 1603 640 postquam
1621 601 1712 626 vero

236 654 351 692 armis
377 667 417 691 se
444 654 653 691 defendere
685 661 844 690 coactus
874 659 947 699 est,
968 652 1085 691 talem
1113 666 1154 691 se
1180 652 1346 704 praebuit
1376 650 1571 700 talemque
1602 650 1712 700 adju-

238 723 357 755 torem
381 716 496 754 filium
519 716 786 767 Pnytagoram
805 715 956 762 habuit,
977 722 1021 754 ut
1041 729 1173 767 parum
1196 716 1350 754 abesset
1368 714 1458 765 quin
1482 721 1561 751 tota
1582 714 1713 763 Cypro

240 778 441 828 potiretur,
463 777 703 815 Plioeniciam
734 790 825 815 vero
855 777 1035 822 vastavit,
1067 777 1214 828 Tyrum
1245 777 1279 814 vi
1313 776 1428 827 cepit,
1460 774 1633 812 Ciliciam
1662 773 1711 811 ad

237 839 495 878 defectionem
519 852 542 876 a
562 852 652 890 rege
681 839 847 890 impulit,
868 846 907 877 et
936 845 1086 877 tantam
1112 838 1283 876 hostium
1316 847 1484 888 stragem
1516 836 1649 881 edidit,
1670 844 1714 874 ut

238 900 350 939 multi
371 900 577 939 Persarum
606 913 677 938 sua
705 901 810 938 mala
834 900 1080 952 deplorantes
1101 901 1273 938 virtutem
1306 899 1408 937 illius
1438 899 1711 940 recordentur:

238 974 286 1000 eo
304 961 470 1013 denique
491 974 570 999 rein
594 962 743 1012 redegit
765 968 808 1000 ut
827 975 892 1000 eos
915 968 1025 1000 tanta
1047 961 1137 999 belli
1160 961 1318 999 satietas
1339 967 1508 1012 caperet,
1530 968 1573 997 ut
1592 973 1712 1010 quum

237 1036 348 1074 reges
370 1023 555 1074 superiori
575 1029 750 1074 tempore
772 1035 849 1061 non
868 1023 991 1060 redire
1009 1024 1045 1060 in
1064 1023 1225 1073 gratiam
1246 1035 1331 1060 cum
1349 1022 1394 1059 iis
1410 1023 1473 1072 qui
1491 1022 1713 1059 defecerant

236 1085 536 1122 consuevissent
569 1091 778 1135 antequam
814 1084 1040 1134 corporibus
1079 1097 1207 1122 eorum
1245 1083 1352 1134 potiti
1395 1091 1538 1127 essent,
1571 1083 1713 1133 cupide

237 1158 371 1195 pacem
392 1145 564 1190 fecerint,
584 1145 712 1182 soluta
737 1144 892 1194 quidem
922 1145 1009 1196 lege
1036 1144 1115 1190 illa,
1138 1145 1207 1182 sed
1234 1143 1327 1181 nihil
1354 1151 1502 1181 mutato
1524 1144 1712 1194 Evagorae

237 1207 409 1258 imperio.
467 1207 526 1244 Ac
548 1206 857 1244 Lacedaemoniis
879 1206 1050 1256 quidem,
1071 1206 1135 1257 qui
1158 1219 1203 1243 ea
1225 1214 1457 1256 tempestate
1478 1213 1515 1242 ct
1536 1206 1656 1256 gloria
1676 1213 1713 1243 et

238 1269 412 1320 potentia
437 1268 697 1314 excellebant,
717 1268 817 1305 intra
848 1268 1050 1305 triennium
1085 1268 1224 1319 eripuit
1256 1268 1478 1318 imperium:
1510 1267 1577 1305 sed
1609 1267 1713 1305 bello

182 1324 194 1328 ⁴
238 1330 366 1368 hocin
383 1330 576 1368 decimum
595 1343 718 1380 usque
736 1342 879 1367 annum
902 1337 1125 1381 prorogato,
1142 1330 1339 1367 dominum
1360 1330 1569 1367 earundem
1588 1342 1712 1367 rerum

233 1390 389 1442 reliquit
409 1391 642 1442 Evagoram,
662 1404 760 1442 quas
793 1399 884 1429 ante
913 1391 1064 1429 illatum
1095 1390 1240 1429 bellum
1270 1390 1471 1429 habuerat.
1531 1391 1580 1428 Et
1606 1391 1712 1441 quod

236 1452 409 1490 omnium
429 1452 641 1490 maximum
661 1460 742 1491 est:
773 1465 891 1503 quam
908 1454 1041 1491 urbem
1060 1453 1259 1504 Evagoras
1277 1453 1399 1491 altero
1420 1460 1606 1503 regnante
1622 1465 1711 1490 cum

238 1513 518 1565 quinquaginta
537 1513 625 1551 viris
645 1520 816 1566 ceperat,
839 1527 923 1552 eam
944 1527 1108 1565 magnus
1130 1527 1197 1552 rex
1218 1514 1335 1552 tantis
1358 1514 1478 1566 copiis
1500 1513 1713 1552 instructus

239 1575 419 1626 subigere
440 1588 518 1613 non
540 1577 682 1627 potuit.

291 1639 359 1677 24.
389 1637 595 1675 Enimvero
615 1651 694 1689 qua
712 1639 858 1677 ratione
873 1639 932 1677 vel
949 1638 1134 1678 fortitudo
1150 1640 1209 1677 vel
1230 1639 1435 1690 prudentia
1453 1638 1515 1676 vel
1533 1638 1714 1676 universa

238 1700 358 1738 virtus
379 1700 568 1750 Evagorae
594 1701 802 1739 dilucidius
824 1702 978 1739 ostendi
1005 1708 1152 1752 posset,
1173 1715 1289 1752 quam
1312 1703 1453 1740 talibus
1474 1702 1712 1741 facinoribus

237 1768 276 1800 et
293 1761 460 1812 pugnis?
510 1761 600 1799 Non
626 1762 729 1799 enim
756 1769 900 1800 caetera
919 1762 1022 1800 bella
1050 1770 1200 1800 tantum
1229 1763 1297 1800 sed
1321 1763 1417 1800 illud
1438 1763 1554 1801 etiam
1577 1765 1624 1801 ab
1645 1763 1713 1801 he-

237 1824 370 1861 roibus
387 1830 539 1873 gestum
559 1830 598 1861 et
614 1824 662 1861 ab
679 1824 858 1862 omnibus
875 1824 1101 1862 mortalibus
1117 1824 1353 1862 celebratum
1370 1826 1577 1876 superavit.
1612 1825 1712 1863 Nam

235 1885 290 1923 illi
317 1885 476 1936 quidem
496 1898 583 1922 curn
610 1885 791 1923 universa
811 1885 967 1922 Graecia
985 1885 1139 1936 Trojam
1171 1885 1293 1923 solam
1320 1894 1520 1938 ceperunt,
1541 1886 1604 1924 hic
1622 1900 1712 1926 vero

239 1960 359 1999 quum
388 1960 507 1985 unam
535 1953 685 1984 tanturn
713 1947 875 1984 haberet
898 1947 1032 1984 urbem
1059 1947 1203 1984 bellurn
1231 1948 1350 1985 totius
1376 1949 1484 1985 Asiae
1508 1949 1710 1987 toleravit:

238 2021 358 2059 quare
379 2009 410 2047 si
430 2016 488 2046 tot
509 2021 597 2046 eum
618 2008 776 2046 laudare
795 2008 1008 2046 voluissent
1026 2016 1121 2059 quot
1141 2009 1242 2053 illos,
1260 2009 1440 2060 majorem
1459 2010 1572 2048 etiam
1595 2023 1711 2061 quam

239 2072 292 2109 illi
313 2073 474 2122 gloriam
496 2072 660 2122 adeptus
681 2079 798 2110 esset.

293 2136 358 2171 25.
389 2134 517 2177 Quem
543 2134 642 2171 eniin
671 2133 910 2171 inveniemus
931 2134 1034 2171 illius
1056 2134 1201 2179 saeculi,
1225 2135 1256 2172 si
1281 2135 1433 2173 omissis
1458 2135 1599 2174 fabulis
1630 2149 1709 2174 rem

235 2197 368 2247 ipsam
389 2201 627 2246 spectemus,
647 2196 714 2245 qui
746 2195 839 2232 talia
869 2195 1087 2245 perfecerit,
1109 2202 1176 2233 aut
1207 2196 1271 2246 qui
1305 2203 1498 2234 tantarum
1529 2197 1567 2234 in
1597 2198 1712 2237 rebus

240 2256 495 2294 mutationum
517 2255 631 2293 fuerit
650 2256 812 2294 auctor?
858 2256 956 2295 Nam
974 2264 1013 2294 et
1027 2270 1046 2294 e
1064 2257 1210 2307 privata
1225 2257 1304 2294 vita
1324 2258 1373 2296 ad
1391 2271 1552 2308 regnum
1575 2267 1712 2310 suapte

239 2321 379 2358 virtute
400 2318 622 2362 adscendit,
643 2325 683 2356 et
701 2331 814 2356 suum
842 2332 965 2368 genus
988 2318 1103 2369 plane
1124 2319 1278 2369 pulsum
1300 2332 1322 2357 a
1342 2320 1540 2371 republica
1559 2321 1596 2358 in
1618 2335 1712 2360 con-

204 2392 207 2394 '
240 2383 456 2421 venientem
484 2380 683 2431 dignitatis
713 2381 878 2432 gradum
909 2382 1091 2427 restituit,
1112 2389 1150 2419 et
1176 2382 1278 2420 cives
1299 2396 1319 2420 e
1339 2383 1510 2420 barbaris
1531 2383 1711 2429 Graecos,

240 2458 288 2483 ex
315 2443 562 2482 effoeminatis
591 2443 812 2488 bellicosos,
835 2456 882 2480 ex
911 2444 1088 2481 obscuris
1118 2443 1401 2490 celeberrimos,
1430 2444 1581 2482 effecit:
1614 2459 1711 2496 prae-

239 2514 346 2545 terea
372 2507 503 2544 locum
528 2518 629 2551 eum,
648 2518 767 2557 quum
789 2505 1059 2543 abhorrentem
1080 2517 1103 2542 a
1121 2506 1361 2544 commerciis
1383 2514 1422 2544 et
1442 2521 1599 2558 prorsus
1619 2508 1711 2546 effe-

240 2576 365 2606 ratum
396 2567 620 2611 invenisset,
642 2567 938 2605 mansuetiorem
962 2574 1000 2604 et
1026 2566 1212 2604 mitiorem
1241 2568 1430 2612 reddidit:
1461 2576 1552 2619 post
1578 2582 1711 2608 susce-

241 2631 316 2681 ptis
336 2643 424 2667 cum
446 2643 535 2680 rege
560 2629 763 2667 inimicitiis
790 2635 869 2666 tam
898 2628 1083 2679 praeclare
1111 2641 1198 2666 eum
1221 2629 1325 2667 ultus
1346 2637 1421 2675 est,
1443 2637 1485 2667 ut
1503 2630 1651 2667 bellum
1672 2632 1709 2668 in

243 2692 374 2742 Cypro
396 2698 549 2740 gestum
574 2690 683 2729 nulla
702 2690 894 2729 oblivione
913 2697 1032 2740 queat
1050 2690 1208 2736 aboleri,
1229 2690 1320 2728 dum
1338 2681 1431 2729 bero
1459 2692 1586 2730 socius
1608 2693 1710 2743 regis

243 2758 348 2791 esset
366 2759 476 2789 tanto
501 2752 588 2802 plus
609 2752 646 2789 in
665 2765 711 2790 eo
732 2764 849 2802 quam
879 2751 1030 2789 caeteris
1058 2751 1225 2802 praesidii
1251 2751 1337 2799 fuit,
1359 2759 1400 2790 ut
1424 2760 1533 2791 extra
1553 2761 1710 2792 contro-

243 2813 402 2852 versiam
432 2812 482 2850 ad
503 2813 672 2850 Cnidum
703 2813 841 2850 navale
872 2812 1046 2863 praelium
1082 2813 1271 2850 maximas
1304 2814 1339 2851 ei
1365 2814 1463 2853 vires
1488 2815 1708 2862 contulerit,

240 2892 318 2930 quo
339 2878 519 2927 confecto
539 2867 614 2915 uon
637 2877 752 2916 modo
768 2891 834 2915 rex
849 2877 967 2915 totius
987 2878 1096 2916 Asiae
1117 2877 1316 2916 dominatu
1338 2879 1481 2929 potitus
1498 2887 1566 2925 est,
1582 2880 1647 2918 sed
1670 2888 1708 2918 et

244 2939 523 2980 Lacedaemonii
544 2939 608 2989 qui
629 2947 717 2977 ante
738 2940 776 2977 in
799 2940 889 2977 Asia
908 2940 1187 2989 grassabantur
1200 2939 1249 2977 de
1265 2940 1338 2979 aris
1354 2948 1392 2978 et
1411 2941 1507 2980 focis
1524 2941 1703 2980 dimicare
