1870 3277
191 188 240 223 98
785 185 1076 223 lsOCRATls

247 290 284 325 9.
315 289 372 326 Ac
403 288 451 325 de
478 288 646 327 maximo
673 288 862 326 beneficio
893 295 933 326 et
960 287 1081 338 primo
1112 292 1151 324 et
1176 285 1362 323 latissime
1389 291 1544 337 patente
1573 284 1658 322 haec

193 350 322 387 dicere
349 362 568 400 possumus.
628 350 769 387 Iisdem
795 362 951 399 quoque
985 347 1220 402 temporibus
1247 353 1380 385 nostra
1405 347 1511 392 urbs,
1538 359 1659 396 quum

194 411 377 449 barbaros
412 411 617 449 maximam
649 420 760 449 terroe
789 417 932 460 partem
957 410 1100 448 videret
1125 409 1314 453 obtinere,
1343 407 1504 446 Graecos
1529 415 1658 445 autem

193 472 299 510 velut
319 473 355 510 in
377 474 579 524 angustias
598 472 781 523 quasdam
805 472 985 510 redactos
1007 473 1055 509 ob
1076 472 1155 522 agri
1177 470 1375 522 penuriam
1398 469 1494 507 alios
1519 469 1600 507 aliis
1622 475 1662 506 et

193 533 354 572 insidias
376 543 414 572 et
434 534 534 572 bella
556 535 698 580 facere,
720 542 835 584 atque
857 534 952 572 alios
974 535 1074 571 sanic
1095 534 1190 571 alios
1213 532 1325 571 armis
1346 532 1481 583 perire,
1511 545 1557 569 ne
1578 531 1661 569 haec

193 595 351 646 quidem
373 595 557 646 neglexit,
579 596 646 633 sed
675 595 795 633 duces
818 596 854 632 in
876 596 1052 634 civitates
1074 595 1188 640 misit,
1208 595 1273 645 qui
1302 593 1559 644 egentissimis
1578 593 1663 643 qui·

193 658 344 708 busque
372 658 529 695 adscitis
558 659 742 695 barbaros
771 658 891 696 ductu
913 671 983 696 suo
1005 659 1177 696 vicerunt
1204 665 1243 695 et
1268 656 1411 694 multas
1435 656 1470 693 in
1501 664 1665 705 utraque

193 720 416 757 continente
439 720 552 757 urbes
573 719 833 758 condiderunt
853 728 890 758 et
911 720 948 758 in
969 733 1103 758 omnes
1130 718 1276 757 insulas
1298 718 1470 756 colonias
1490 717 1666 755 deduxe-

193 787 303 824 runt;
335 794 412 831 quo
439 781 542 818 facto
563 789 843 820 conservarunt
864 788 1061 832 utrosque,
1083 790 1159 818 tam
1181 793 1247 818 eos
1269 781 1334 830 qui
1366 779 1487 816 secuti
1508 778 1666 816 suerunt

194 856 311 893 quam
330 856 396 881 eos
426 843 492 893 qui
513 843 550 880 in
571 844 695 895 patria
723 850 1017 882 remanserunt:
1050 856 1139 880 nam
1163 842 1291 880 alteris
1311 854 1424 892 agros
1446 841 1549 878 domi
1571 841 1666 879 satis

195 904 337 943 multos
376 904 626 956 reliquerunt,
664 905 794 945 alteris
827 906 956 957 plures
992 918 1107 956 quam
1145 904 1361 941 habuerant
1395 903 1665 945 tradiderunt;

196 979 352 1004 omnem
378 968 479 1005 enim
501 968 629 1005 locum
656 968 759 1006 hunc
785 982 899 1019 quem
935 981 1037 1006 nunc
1063 975 1238 1006 tenemus
1266 973 1356 1004 sunt
1382 966 1560 1017 amplexi.
1619 966 1668 1004 Et

195 1028 268 1065 illis
290 1029 420 1073 etiam,
440 1030 505 1079 qui
527 1038 616 1080 post
636 1030 764 1080 aliquo
792 1029 966 1068 colonias
989 1029 1139 1067 mittere
1160 1037 1407 1078 nostramque
1430 1029 1562 1065 urbem
1584 1027 1667 1065 imi-

196 1090 266 1127 tari
287 1091 505 1135 voluerunt,
533 1095 614 1138 ejus
638 1092 688 1128 rei
709 1092 805 1129 citra
829 1091 950 1128 ullum
972 1091 1170 1140 negotium
1197 1097 1422 1140 potestatem
1452 1090 1668 1127 dederunt:

196 1164 267 1190 nec
288 1151 389 1189 enim
413 1164 573 1190 necesse
587 1152 640 1189 illi
655 1153 871 1190 habuerunt
885 1152 965 1201 agri
981 1151 1198 1202 occupandi
1215 1164 1335 1187 causa
1349 1151 1431 1187 acie
1447 1150 1670 1194 decernere,

197 1213 267 1251 sed
300 1213 450 1252 Graecis
485 1214 704 1264 assignatos
731 1228 753 1252 a
774 1214 886 1252 nobis
917 1227 1043 1264 agros,
1074 1213 1312 1263 profectione
1348 1219 1530 1263 suscepta
1557 1212 1669 1250 facile

198 1282 422 1313 tenuerunt.
481 1275 578 1319 Quis
605 1289 695 1314 vero
727 1282 788 1313 est
807 1276 871 1326 qui
892 1275 1147 1325 principatum
1175 1273 1358 1311 ostendat
1383 1273 1457 1311 hoc
1482 1273 1541 1311 vel
1573 1274 1671 1311 anti-

197 1336 370 1387 quiorem
391 1336 456 1386 qui
475 1344 665 1374 vetustate
689 1337 892 1387 plerasque
914 1337 1076 1374 Graecas
1092 1336 1208 1373 urbes
1222 1342 1389 1386 superet,
1404 1335 1464 1372 vel
1479 1335 1671 1373 utiliorem

196 1401 316 1451 quiet
327 1401 510 1438 barbaros
526 1400 651 1438 solum
668 1408 817 1438 vertere
830 1400 959 1449 coegit
973 1408 1012 1436 et
1026 1398 1186 1438 Graeeos
1201 1398 1250 1436 ad
1267 1405 1394 1436 tantas
1408 1410 1500 1448 opes
1516 1396 1670 1436 evexit?

255 1464 314 1500 10.
347 1463 484 1512 Neque
507 1476 608 1507 vero,
627 1476 745 1513 quum
769 1462 942 1500 maximis
962 1461 1000 1499 in
1030 1462 1144 1499 rebus
1164 1460 1388 1511 adjumento
1410 1460 1558 1506 fuisset,
1580 1473 1674 1511 neg-

197 1526 295 1564 lexit
313 1533 490 1571 caeteras,
504 1526 573 1563 sed
597 1538 668 1564 sua
692 1525 879 1563 beneficia
904 1524 992 1562 inde
1008 1524 1209 1574 auspicata
1221 1529 1292 1569 est,
1307 1530 1347 1560 ut
1364 1523 1505 1560 victum
1521 1530 1674 1561 curaret

199 1587 477 1638 indigentibus,
498 1587 536 1624 id
558 1587 661 1637 quod
685 1588 721 1624 in
754 1587 884 1638 primis
914 1586 949 1624 ei
974 1585 1195 1623 faciendum
1216 1592 1275 1623 est
1299 1585 1362 1635 qui
1382 1585 1530 1635 reliqua
1555 1586 1669 1624 etiam

198 1657 300 1688 recte
317 1650 528 1688 constituta
540 1662 626 1688 esse
641 1649 743 1687 velit.
776 1650 905 1692 Quum
923 1655 1052 1686 autem
1066 1649 1183 1686 vitam
1199 1647 1274 1685 hac
1290 1647 1373 1685 sola
1388 1661 1426 1686 re
1441 1647 1671 1687 instructam

198 1711 372 1748 nondum
393 1724 479 1749 esse
500 1711 656 1762 dignam
679 1710 831 1749 vivendi
851 1709 1043 1748 desiderio
1063 1717 1229 1760 putaret,
1245 1722 1330 1747 eam
1353 1711 1390 1748 in
1407 1711 1555 1749 caeteris
1575 1724 1672 1762 quo-

200 1787 275 1825 que
295 1774 535 1824 diligentiam
551 1774 740 1819 adhibuit,
754 1780 944 1812 uteorum
957 1774 1148 1811 bonorum
1161 1773 1301 1823 quibus
1317 1773 1478 1812 fruimur
1493 1774 1672 1813 homines

202 1849 278 1875 non
301 1836 484 1874 divinitus
501 1836 671 1887 acceptis
692 1835 761 1873 sed
775 1842 910 1873 mutua
925 1841 1058 1873 nostra
1078 1847 1195 1885 opera
1217 1836 1464 1886 comparatis,
1485 1836 1577 1874 nihil
1592 1837 1674 1874 sine

201 1899 294 1936 urbe
316 1905 449 1936 nostra
466 1898 686 1948 contigerit,
707 1898 872 1949 plurima
896 1910 984 1935 vero
1005 1904 1170 1949 accepta
1191 1897 1244 1935 illi
1269 1898 1498 1935 referantur.
1558 1898 1674 1944 Nam,

201 1973 322 2012 quum
345 1959 476 1998 Graeci
496 1959 586 1997 olim
618 1959 699 1997 sine
720 1959 873 2009 legibus
901 1959 1075 1996 viventes
1096 1966 1134 1996 et
1163 1960 1327 2009 sparsim
1348 1959 1580 2005 habitantes,
1610 1960 1674 1998 alii

203 2022 462 2074 potentiorum
487 2021 618 2071 iniquo
644 2020 846 2059 dominatu
872 2027 1151 2072 premerentur,
1171 2020 1234 2058 alii
1259 2021 1366 2070 quod
1392 2020 1520 2059 nullos
1551 2021 1675 2071 magi·

203 2083 543 2122 stratushaberent
558 2083 772 2127 interirent,
795 2081 910 2120 etiam
926 2081 984 2118 his
1004 2081 1114 2119 malis
1135 2094 1201 2119 eos
1222 2082 1411 2128 liberavit,
1431 2082 1527 2121 alios
1548 2083 1586 2121 iu
1606 2096 1676 2135 po-

204 2151 385 2184 testatem
405 2144 635 2195 redigendo,
662 2144 756 2182 alios
776 2142 956 2194 exemplo
986 2155 1055 2181 suo
1081 2143 1335 2194 corrigendo:
1367 2145 1489 2195 prima
1514 2147 1615 2183 enim
1636 2153 1675 2185 et
1722 2178 1724 2181 .

204 2209 313 2260 leges
340 2207 428 2245 tulit
452 2213 491 2245 et
516 2205 792 2257 rempublicam
820 2205 1034 2244 constituit.
1091 2205 1140 2243 Id
1174 2206 1281 2256 quod
1306 2206 1396 2244 inde
1424 2207 1675 2258 perspicitur:

205 2281 307 2315 narn,
330 2269 395 2320 qui
416 2268 526 2319 primi
546 2267 742 2305 homicidii
762 2280 919 2304 causam
939 2274 1104 2317 egerunt
1125 2275 1163 2305 et
1184 2268 1467 2318 disceptatione
1489 2282 1566 2306 non
1586 2270 1621 2307 vi
1637 2276 1676 2309 et

205 2332 320 2371 armis
347 2329 650 2368 controversiam
676 2329 773 2366 finiri
795 2328 1015 2375 voluerunt,
1043 2329 1183 2367 nostris
1216 2329 1365 2380 legibus
1395 2338 1487 2368 sunt
1514 2332 1674 2383 experti.

207 2393 427 2439 Quinetiam
460 2398 562 2429 artes
583 2398 661 2428 tum
691 2391 741 2428 ad
763 2391 850 2428 vitoe
877 2392 1147 2429 necessitatem
1175 2391 1290 2429 utiles
1318 2400 1398 2430 tum
1420 2406 1541 2432 eausa
1566 2394 1675 2432 volu-

205 2456 321 2508 ptatis
342 2454 587 2504 excogitatas
615 2453 749 2505 partim
771 2452 915 2490 invenit
943 2453 1039 2504 ipsa,
1070 2454 1207 2505 partim
1230 2455 1421 2505 probavit,
1443 2463 1561 2505 atque
1589 2455 1673 2494 aliis

206 2517 371 2556 utendas
388 2516 559 2555 tradidit.

266 2580 326 2617 ll.
357 2580 455 2622 Quae
475 2590 567 2615 vero
587 2576 637 2615 ad
657 2585 883 2614 caeterarum
906 2588 1029 2613 rerum
1051 2576 1220 2614 rationes
1241 2576 1418 2622 attinent,
1439 2591 1485 2616 ea
1504 2586 1582 2616 tam
1610 2579 1678 2617 ho-

206 2640 398 2692 spitaliter
417 2639 596 2677 instruxit
623 2644 663 2676 et
688 2646 766 2676 tam
785 2637 1078 2676 accommodate
1103 2639 1307 2683 universis,
1328 2645 1370 2676 ut
1389 2639 1565 2690 utrisque
1586 2652 1677 2679 curn

208 2701 383 2754 pecuniae
406 2700 671 2750 indigentibus
701 2707 782 2737 turn
808 2699 946 2750 opibus
968 2698 1047 2737 suis
1068 2699 1143 2737 frui
1169 2700 1389 2737 volentibus
1409 2701 1676 2749 convenirent,

209 2765 327 2815 utque
356 2775 428 2801 nec
456 2762 632 2800 felicibus
656 2774 729 2800 nec
748 2761 794 2799 iis
814 2761 951 2812 quibus
972 2761 1076 2798 domi
1098 2774 1158 2799 res
1187 2761 1361 2799 adversae
1383 2769 1511 2799 essent
1530 2763 1676 2803 incom-

208 2825 426 2869 modarent,
448 2823 517 2862 sed
540 2823 690 2874 utrique
718 2823 820 2874 apud
840 2836 912 2862 nos
933 2822 1136 2870 haberent,
1162 2823 1274 2861 alteri
1293 2824 1380 2861 vitae
1403 2824 1591 2862 rationem
1611 2827 1677 2878 ju-

205 2885 497 2932 cundissimam,
524 2884 635 2924 alteri
668 2885 891 2936 confugium
912 2884 1162 2923 tutissimum.
1220 2884 1427 2930 Praeterea,
1456 2899 1573 2937 quum
1599 2901 1675 2927 non

206 2949 329 2988 omnis
349 2947 462 2987 tellus
482 2947 612 2986 omnia
629 2946 760 2992 ferret,
778 2946 847 2985 sed
865 2945 1096 2997 quibusdam
1118 2952 1267 2986 careret
1292 2946 1525 2996 quibusdam
1551 2949 1676 2988 abun-
