1870 3277
591 180 662 217 DE
694 180 1148 218 PERMUTATIONE.
1526 179 1604 217 215

145 283 284 321 habet:
316 281 400 319 volo
421 280 523 318 enim
543 282 661 319 verba
680 289 716 319 et
736 294 804 332 pro
826 282 917 318 urbe
938 282 1077 319 facere.
1121 281 1161 318 Si
1179 293 1245 318 vos
1264 281 1422 331 quidem
1441 281 1480 318 id
1499 281 1605 332 quod

139 344 286 394 justum
308 350 366 380 est
384 349 605 394 spectantes
619 342 703 380 haec
719 341 1026 387 considerabitis,
1043 341 1124 379 fieri
1138 354 1213 379 non
1228 348 1356 392 potest
1369 342 1461 392 quin
1477 343 1609 393 gravia

145 412 184 444 et
198 406 338 443 acerba
357 404 533 442 omnibus
554 404 757 441 videantur
773 416 860 453 quae
877 402 915 440 in
934 402 1178 440 Timotheum
1197 402 1300 439 facta
1321 409 1429 440 sunt:
1462 403 1521 441 sin
1549 416 1607 441 re-

144 466 370 518 putaveritis
390 464 644 516 ignorantiam
665 477 742 514 qua
762 476 896 501 omnes
917 463 1091 501 homines
1112 464 1348 508 laboramus,
1368 463 1611 514 invidiasque

147 540 234 578 quae
264 527 373 564 nobis
407 527 603 571 accidunt,
624 531 831 575 motusque
864 537 909 564 ac
932 525 1064 562 turbas
1085 537 1181 574 quas
1201 525 1300 561 inter
1323 523 1495 569 vivimus,
1517 524 1611 562 nihil

147 588 283 626 horum
304 588 387 625 sine
407 600 527 625 causa
546 594 613 624 aut
632 586 801 624 alienum
822 587 870 624 ab
890 585 1063 623 humana
1083 592 1221 623 natura
1241 585 1610 629 factumvidebitur;

147 651 262 688 immo
280 657 321 688 et
339 649 565 687 Timotheus
585 654 731 698 partem
755 648 922 699 aliquam
941 647 1153 686 contulisse
1168 655 1213 685 ut
1233 661 1280 685 ne
1301 654 1404 685 recte
1419 646 1614 694 judicare-

147 719 209 750 tur
229 712 277 749 de
296 712 371 749 his.
429 711 469 747 Is
490 710 605 755 enim,
628 723 716 748 cum
739 723 809 747 nec
830 709 1029 761 popularis
1057 709 1250 760 regiminis
1270 721 1393 759 neque
1412 708 1613 745 hominum

149 786 238 811 osor
257 778 357 810 esset
377 784 502 821 neque
531 771 722 822 superbus
754 784 879 821 neque
910 771 991 808 ullo
1018 769 1209 822 ejusmodi
1239 771 1373 808 morbo
1402 769 1613 814 laboraret,

146 842 303 887 propter
315 835 429 872 animi
441 834 637 884 quandam
651 834 921 872 excelsitatem
935 834 1067 872 utilem
1082 834 1187 871 illam
1200 834 1356 884 quidem
1369 832 1616 884 imperatorio

149 897 311 943 muneri,
331 896 466 934 usibus
489 908 578 933 vero
598 895 837 945 quotidianis
861 909 939 934 non
964 902 1239 947 opportunam,
1265 908 1353 933 reus
1374 907 1508 932 eorum
1527 907 1617 944 quae

149 958 314 996 diximus
332 958 511 995 omnibus
531 957 634 995 visus
655 963 738 995 est:
769 964 848 994 tam
869 957 971 995 enim
993 964 1076 995 erat
1094 957 1249 1008 ineptus
1269 957 1316 994 ad
1339 956 1526 994 colendos
1547 955 1617 993 ho-

153 1019 288 1066 mines,
304 1032 419 1070 quarn
435 1019 484 1057 ad
502 1032 560 1056 res
579 1018 770 1069 gerendas
789 1024 983 1057 strenuus.
1033 1019 1081 1056 Et
1101 1025 1228 1057 tamen
1245 1031 1349 1069 saepe
1367 1030 1389 1055 a
1403 1031 1464 1056 me
1481 1017 1618 1069 hujus·

151 1081 256 1119 modi
271 1094 469 1120 sermones
484 1080 678 1118 audierat:
701 1087 878 1130 oportere
892 1092 959 1117 eos
975 1080 1039 1130 qui
1053 1080 1089 1117 in
1103 1093 1185 1130 rep.
1198 1086 1400 1118 versantur
1415 1086 1453 1117 et
1466 1079 1619 1130 placere

153 1143 304 1189 volunt,
335 1144 389 1181 uti
409 1142 566 1193 quidem
593 1141 708 1179 factis
735 1141 946 1179 utilissimis
975 1147 1090 1191 atque
1116 1141 1272 1192 optimis
1299 1141 1619 1192 sermonibusque

152 1205 359 1243 verissimis
380 1211 496 1255 atque
518 1203 765 1253 aequissimis,
793 1203 864 1241 sed
885 1211 1012 1241 tamen
1033 1210 1072 1241 et
1092 1203 1189 1241 illud
1209 1216 1343 1242 curare
1364 1216 1410 1241 ac
1431 1210 1621 1254 spectare,

152 1272 197 1304 ut
212 1272 373 1304 venuste
394 1273 432 1303 et
446 1265 633 1302 benevole
654 1264 738 1302 haec
760 1265 888 1302 omnia
908 1265 1036 1302 facere
1057 1272 1095 1302 et
1116 1264 1243 1302 dicere
1259 1265 1484 1309 videantur;
1516 1264 1620 1315 quod

152 1326 218 1377 qui
236 1326 443 1376 negligunt
470 1325 671 1363 invisiores
697 1332 736 1363 et
762 1326 957 1375 graviores
983 1326 1087 1376 apud
1109 1325 1210 1363 cives
1232 1325 1415 1363 evadunt.
1473 1326 1622 1364 Vides

152 1388 337 1439 (aiebam)
362 1394 412 1424 ut
446 1387 710 1425 multorum
740 1394 916 1425 natura
945 1387 1002 1424 ad
1032 1387 1332 1438 voluptatem
1366 1387 1429 1425 sit
1457 1400 1622 1438 prona,

153 1456 303 1500 utque
332 1449 485 1499 magis
516 1448 706 1486 idcirco
735 1455 894 1486 ament
923 1448 1002 1498 qui
1032 1448 1088 1502 ad
1120 1448 1324 1499 gratiam
1353 1448 1625 1499 loquuntur

155 1523 296 1561 quam
330 1509 410 1560 qui
440 1509 688 1547 beneficia
723 1517 976 1561 praestant,
1011 1510 1266 1561 magisque
1297 1524 1375 1549 eos
1407 1510 1624 1561 quicum

155 1572 432 1611 festivitate
478 1579 524 1610 et
567 1572 876 1610 humanitate
924 1572 1085 1610 fucum
1130 1573 1322 1611 faciunt
1366 1585 1506 1624 quam
1548 1573 1628 1623 qui

158 1647 261 1672 cum
283 1633 420 1671 fastu
447 1639 493 1670 et
519 1633 795 1671 severitate
816 1634 1006 1685 juvant.
1065 1636 1180 1677 Quae
1211 1635 1301 1673 tibi
1334 1635 1626 1673 nullatenus

158 1708 284 1735 curae
306 1700 431 1740 sunt,
454 1694 540 1732 sed
570 1694 771 1733 sirecte
797 1707 875 1732 res
909 1702 1049 1733 extra
1079 1695 1268 1734 domum
1298 1696 1627 1747 gesseris,pu-

158 1764 232 1795 tas
266 1755 419 1794 ethic
457 1755 702 1806 degentes
735 1769 871 1807 aequo
905 1757 951 1794 in
989 1763 1034 1795 te
1069 1757 1226 1795 animo
1259 1757 1466 1796 futuros.
1525 1757 1628 1795 Hoc

158 1831 271 1856 vero
307 1830 402 1855 non
436 1818 507 1856 sic
539 1818 622 1855 sed
655 1824 829 1856 contra
861 1818 989 1856 solet
1027 1819 1264 1858 accidere.
1335 1819 1450 1858 Nam
1485 1818 1524 1856 si
1555 1817 1628 1856 his

159 1879 425 1931 placueriS‚
452 1879 694 1930 quidquid
721 1880 1026 1927 saceris,non
1056 1894 1138 1932 pro
1170 1881 1239 1918 rei
1259 1881 1465 1919 veritate
1496 1880 1552 1918 de
1578 1893 1630 1918 eo

154 1940 468 1991 judicabunt,
490 1940 574 1978 sed
599 1948 739 1991 prout
764 1941 852 1978 tibi
883 1941 1182 1980 conduxerit
1212 1942 1473 1993 accipient,
1492 1948 1538 1980 et
1563 1954 1631 1979 er-

161 2009 269 2039 rata
300 2001 495 2052 quidem
523 2001 795 2052 negligent,
816 2015 1048 2053 prospere
1070 2010 1224 2042 autem
1246 2010 1379 2055 gesta
1399 2004 1444 2042 in
1465 2003 1631 2041 coelum

162 2062 375 2100 tollent:
406 2075 512 2100 nam
539 2062 888 2101 benevolentia
910 2062 980 2101 ita
999 2076 1162 2102 omnes
1190 2071 1449 2116 comparat.
1482 2065 1632 2109 Quam

163 2129 214 2161 tu
245 2123 438 2174 quidem
459 2124 564 2161 urbi
596 2124 817 2162 omnibus
852 2124 1036 2162 artibus
1064 2126 1230 2164 studes
1261 2127 1315 2164 ab
1335 2126 1451 2164 aliis
1473 2126 1633 2176 acqui-

163 2199 278 2232 rere,
305 2185 541 2236 judicans
578 2185 832 2223 maximum
864 2199 972 2225 esse
1003 2187 1193 2233 bonum,
1223 2187 1317 2225 tibi
1350 2195 1509 2226 autem
1540 2187 1634 2239 ipsi

164 2248 220 2286 ab
249 2248 364 2285 urbe
393 2260 483 2285 non
509 2254 651 2298 putas
677 2253 902 2298 oportere
931 2247 1133 2285 eandem
1163 2248 1448 2293 conciliare;
1479 2262 1633 2300 quum-

163 2324 255 2364 que
285 2310 596 2362 plurimorum
624 2310 855 2348 bonorum
876 2323 1023 2349 causa
1049 2310 1216 2360 fueris,
1235 2315 1372 2363 pejus
1398 2313 1547 2350 habes
1576 2312 1634 2349 iis

164 2373 246 2424 qui
266 2371 389 2410 nihil
418 2377 686 2409 memoratu
712 2371 910 2423 dignum
930 2371 1168 2411 fecerunt.
1227 2373 1421 2412 Merito:
1449 2373 1493 2410 hi
1515 2372 1634 2410 enim

165 2434 335 2473 colunt
365 2433 589 2471 rhetores
621 2441 769 2484 atque
796 2446 878 2472 eos
908 2433 1059 2484 quiin
1090 2433 1296 2485 privatis
1316 2434 1636 2473 conventibus

166 2507 380 2534 rumores
408 2507 570 2532 serere
591 2494 757 2533 valent
781 2495 963 2546 quique
993 2496 1150 2533 omnia
1176 2508 1223 2533 se
1253 2497 1376 2533 scire
1405 2495 1637 2547 profiten-

167 2565 261 2604 tur,
287 2563 337 2597 tu
367 2568 476 2594 vero
502 2556 883 2607 potentissimos
910 2569 1071 2595 eorum
1099 2570 1191 2594 non
1221 2557 1374 2594 solum
1406 2556 1637 2608 negligis,

168 2631 330 2658 verum
356 2618 500 2656 etiam
527 2631 793 2670 oppugnas.
851 2619 908 2656 Et
937 2626 1098 2656 tamen
1127 2626 1242 2669 quot
1271 2625 1412 2669 putas
1442 2626 1638 2670 propter

168 2683 334 2732 horum
364 2682 768 2730 mendacia‚alios
799 2683 988 2735 quidem
1020 2684 1067 2721 in
1100 2683 1409 2723 calamitates
1440 2685 1638 2724 incidis-

171 2757 234 2791 se,
265 2744 388 2782 alios
430 2758 595 2784 carere
641 2745 927 2791 honoribus,
969 2746 1101 2796 [quot
1139 2751 1296 2783 autem
1333 2759 1354 2783 e
1392 2746 1638 2786 veteribus

172 2804 309 2843 nulla
332 2805 425 2842 frui
449 2806 652 2845 nominis
673 2805 998 2854 celebritate‚]
1018 2806 1098 2856 qui
1118 2807 1387 2858 caeteroqui
1411 2816 1638 2859 praestan-

174 2867 325 2905 tiores
358 2866 496 2906 fuere
529 2875 575 2907 et
604 2868 763 2919 pluris
794 2867 1010 2906 faciendi
1047 2879 1184 2917 quam
1215 2867 1243 2906 ii
1274 2868 1352 2920 qui
1379 2868 1566 2921 hymnis
1597 2877 1642 2908 et

179 2927 432 2979 tragoediis
467 2929 836 2981 famigerantur?
869 2929 960 2967 Sed
987 2928 1032 2967 hi
1055 2928 1291 2969 videlicet
1316 2939 1482 2982 poetas
1504 2939 1550 2971 et
1578 2932 1641 2970 fa-
