1870 3277
702 176 773 213 DE
804 176 1126 215 REPUBLICA.
1556 179 1630 215 497

199 273 286 311 dem
306 274 428 313 tribus
453 282 552 314 esset
574 277 764 329 particeps
793 285 960 322 auctore,
986 290 1096 327 quem
1117 278 1250 328 juvare
1278 280 1486 317 secundum
1512 280 1628 332 leges,

200 347 276 372 non
296 342 429 374 contra
448 336 552 388 leges
573 337 734 377 decebat
752 338 938 389 perdere?
979 338 1065 380 Quo
1085 345 1252 388 tempore
1269 351 1398 376 eorum
1417 347 1511 378 aetas
1529 341 1628 379 seni-

199 395 272 432 bus
292 397 428 446 pariter
457 410 502 436 ac
530 398 671 437 orbatis
701 399 906 437 calamitati
930 406 968 436 et
991 398 1090 435 malo
1114 404 1204 436 erat.
1261 399 1386 448 Atque
1408 399 1540 437 horum
1561 414 1628 438 au-

199 461 341 494 ctorem
361 458 445 508 quis
465 458 574 496 nobis
593 458 833 509 affligendum
853 472 939 497 curn
966 458 1153 510 possimus
1181 465 1307 507 neget,
1335 466 1414 495 tum
1435 460 1627 509 juvandos

199 522 383 564 mortuos,
403 525 483 555 tum
502 519 644 557 orbatis
666 519 955 558 misericordiam
978 517 1242 557 tribuendam?
1283 519 1417 568 Neque
1436 521 1535 558 enim
1556 522 1628 559 hoc

199 582 345 615 tantum
365 578 435 616 erit
453 580 658 626 commodi,
683 580 783 630 quod
805 593 929 618 rerum
948 579 1220 630 praeteritarum
1243 592 1374 629 poenas
1394 588 1628 630 expetemus,

200 638 270 675 sed
296 639 410 676 etiam
434 640 596 690 reliquos
619 641 692 678 hoc
721 641 896 692 exemplo
923 641 1158 685 docebimus,
1186 653 1233 677 ne
1259 640 1535 678 dissensionem
1562 656 1630 680 no·

200 703 314 735 stram
334 698 372 735 in
392 699 498 737 lucro
517 707 661 750 ponant
681 713 802 750 neque
818 701 1018 739 nobiscum
1037 701 1144 738 nobis
1165 700 1397 738 insidientur.
1457 701 1500 738 Id
1520 715 1631 752 porro

200 759 230 796 si
256 760 465 810 contingat,
494 774 688 811 nunquam
719 761 901 799 seditione
930 775 999 799 nos
1028 762 1265 799 laboraturos
1288 761 1454 807 confido,
1484 762 1514 800 si
1541 776 1631 801 nus·

201 833 313 869 quam
334 820 600 859 insidiantibus
621 822 811 871 adjutores
832 829 1045 861 occurrant.

251 881 288 916 4.
319 880 445 931 Atque
474 881 532 919 his
553 883 706 932 quidem
733 882 782 920 de
807 883 933 921 causis
963 882 1207 921 commodum
1233 890 1290 921 est
1309 896 1394 921 cum
1416 884 1460 921 iis
1478 883 1541 934 qui
1563 885 1630 922 ad-

197 938 396 978 hortantur
411 942 551 980 bellum
565 943 777 981 voluntario
793 957 1010 994 capessere:
1041 957 1156 994 quam
1172 944 1220 981 sit
1236 951 1362 982 autem
1377 945 1632 983 necessarium

200 1013 247 1038 ex
268 1003 514 1052 sequentibus
536 1005 769 1055 cognoscite.
829 1005 979 1043 Etenim
1001 1005 1214 1043 Archelaus
1242 1018 1311 1043 nec
1332 1005 1631 1057 Peloponnesios

199 1075 284 1100 cum
299 1063 595 1103 Atheniensibus
614 1066 764 1112 invasit,
782 1079 853 1104 nec
873 1080 939 1117 per
958 1079 1064 1104 suam
1086 1067 1136 1104 ire
1151 1066 1344 1117 regionem
1361 1067 1490 1112 vetuit,
1508 1080 1631 1118 neque

199 1123 402 1173 pecuniam
425 1132 557 1163 contra
587 1125 671 1163 illos
702 1126 970 1177 suppeditavit,
1001 1140 1124 1178 neque
1151 1127 1267 1164 ullam
1296 1127 1401 1164 dedit
1426 1127 1632 1165 inimicitiae

199 1195 371 1230 causam,
391 1185 461 1222 nisi
489 1186 589 1235 quod
619 1200 705 1224 cum
731 1188 802 1225 illis
821 1188 1071 1226 Athenienses
1097 1201 1321 1239 oppugnare
1349 1188 1480 1234 noluit,
1501 1202 1632 1227 verum

200 1243 364 1293 quietem
387 1252 553 1283 sectatus
574 1254 643 1284 est.
692 1249 818 1289 Quare
839 1248 867 1285 si
889 1248 979 1285 satis
999 1256 1058 1286 est
1076 1262 1202 1286 causae
1224 1248 1528 1299 Peloponnesiis,
1545 1262 1633 1288 cum

200 1305 328 1343 hostes
342 1307 520 1357 judicant
539 1321 602 1346 eos
622 1309 685 1359 qui
706 1309 909 1347 noluerunt
924 1322 999 1347 una
1018 1310 1160 1347 bellum
1181 1323 1323 1361 gerere,
1344 1310 1555 1348 cavendum
1574 1317 1633 1348 est

200 1379 247 1403 ne
273 1366 383 1404 nobis
413 1367 545 1405 eadem
574 1368 621 1406 de
650 1381 767 1407 causa
788 1369 927 1407 bellurn
954 1369 1129 1414 inferant,
1155 1371 1184 1408 si
1212 1370 1335 1409 vocati
1360 1383 1437 1407 una
1463 1383 1631 1421 pugnare

199 1426 448 1466 noluerimus:
486 1430 621 1467 etenim
653 1431 795 1467 nullam
825 1432 871 1468 ab
899 1430 1196 1469 Atheniensibus
1222 1431 1392 1482 injuriam
1422 1437 1634 1482 acceperat.

199 1488 322 1527 Nobis
344 1502 430 1528 vero
454 1503 629 1540 quaenam
658 1498 717 1529 est
741 1491 883 1541 reliqua
909 1490 1027 1528 ratio?
1067 1493 1126 1528 An
1154 1492 1241 1543 quia
1266 1492 1348 1529 laesi
1376 1504 1452 1529 non
1479 1491 1632 1529 sumus?

200 1548 435 1587 Docebimus
455 1563 519 1588 eos
535 1551 684 1595 eadem,
700 1564 785 1601 quae
805 1551 881 1595 ille,
904 1551 1048 1589 facere:
1080 1552 1109 1589 si
1130 1545 1228 1590 ehim
1244 1554 1308 1602 qui
1329 1552 1366 1589 id
1388 1552 1477 1589 fecit
1495 1552 1633 1603 injuste

201 1623 276 1647 non
297 1611 385 1661 egit,
400 1617 510 1648 vacat
532 1624 591 1647 res
611 1611 806 1661 injustitia.
849 1611 908 1647 An
924 1624 1012 1648 vero
1033 1612 1145 1649 laesos
1163 1625 1246 1650 esse
1269 1613 1482 1658 fatebimur,
1499 1613 1632 1652 ulcisci

202 1683 270 1707 nos
292 1671 385 1708 velle
405 1670 650 1721 negabimus?
690 1671 907 1707 Admodum
933 1670 1049 1721 igitur
1075 1672 1234 1721 ignavos
1262 1671 1464 1709 reddemus
1484 1685 1548 1710 eos
1569 1675 1634 1723 qui

201 1733 309 1769 nobis
327 1733 551 1770 benefacere
577 1732 757 1783 cogitant.
813 1733 874 1768 An
894 1731 1057 1782 denique
1078 1733 1188 1777 velle,
1213 1732 1277 1770 sed
1301 1745 1375 1770 non
1402 1746 1511 1783 posse
1531 1733 1633 1772 dice·

201 1792 310 1831 mus?
350 1794 443 1836 Quis
475 1806 567 1843 ergo
594 1800 742 1831 nostras
773 1793 871 1830 vires
901 1806 975 1830 non
1005 1799 1239 1839 contemnet,
1271 1794 1300 1830 si
1331 1806 1378 1831 ne
1408 1794 1631 1832 Graecorum

200 1855 354 1906 quidem
383 1854 524 1892 auxilio
550 1854 757 1905 poterimus
784 1853 913 1892 hostes
942 1853 1090 1898 ulcisci,
1119 1860 1170 1898 et,
1199 1854 1303 1904 quod
1329 1861 1387 1891 est
1412 1855 1632 1902 maximum,

200 1916 410 1955 secundam
430 1915 531 1966 apud
552 1915 713 1953 Graecos
741 1915 894 1965 culpam
916 1915 1140 1959 subibimus,
1163 1913 1226 1964 qui
1247 1927 1316 1952 nec
1337 1915 1373 1952 in
1396 1916 1514 1965 primo
1535 1915 1632 1954 bello

200 1978 369 2022 Persico,
398 1990 469 2015 nec
496 1977 532 2014 in
560 1977 633 2014 hoc
660 1976 762 2027 quod
786 1989 887 2014 nunc
911 1975 1102 2021 indicitur,
1131 1975 1254 2014 socios
1281 1988 1352 2013 nos
1381 1977 1633 2026 praebeamus.

203 2039 432 2090 Quanquam
451 2038 488 2075 in
509 2038 572 2076 illo
592 2051 665 2076 non
686 2037 814 2075 deerat
832 2038 939 2076 nobis
960 2036 1173 2075 excusatio:
1204 2049 1273 2088 pro
1293 2036 1400 2074 nobis
1421 2039 1518 2075 enim
1536 2038 1635 2076 vole-

200 2100 334 2138 bamus
358 2113 435 2137 una
459 2112 545 2136 cum
571 2099 645 2136 illis
667 2098 891 2149 periclitari:
923 2105 1037 2148 atque
1063 2098 1136 2136 hoc
1163 2097 1358 2134 honestius
1386 2097 1634 2145 ducebamus,

200 2173 315 2211 quarn
344 2161 375 2198 si
405 2168 535 2198 nostra
560 2160 691 2198 relicta
717 2159 764 2197 de
792 2159 938 2197 illorum
967 2159 1119 2210 regione
1146 2158 1467 2208 depugnaremus.
1524 2159 1635 2197 Nunc

201 2229 328 2259 autern
358 2221 450 2272 quid
479 2220 671 2259 dicemus?
713 2220 900 2271 siquidem
927 2220 997 2271 ipsi
1025 2233 1093 2270 pro
1120 2219 1229 2258 nobis
1256 2232 1300 2257 ac
1330 2220 1469 2257 nostris
1495 2219 1636 2257 adsunt

201 2284 459 2336 periclitaturi.
525 2284 717 2321 Praeterea
752 2295 879 2320 nonne
912 2282 1123 2332 indignum,
1162 2281 1192 2319 si
1230 2281 1299 2318 soli
1336 2280 1558 2318 Graecorum
1596 2281 1634 2318 in

202 2345 382 2383 societate
398 2345 536 2382 Graeca
550 2357 625 2382 non
644 2342 903 2382 censebimur?
934 2343 977 2380 Id
994 2342 1093 2393 quod
1111 2347 1296 2392 quantum
1314 2342 1374 2387 sit,
1390 2342 1450 2378 hic
1470 2342 1636 2380 ostendit

200 2406 302 2457 ipse:
332 2419 419 2443 nam
440 2419 525 2443 cum
546 2405 709 2456 pecunia
729 2411 886 2455 cuperet
905 2403 1127 2441 Graecorum
1154 2403 1374 2440 societatem
1394 2414 1534 2444 emere,
1557 2415 1634 2440 non

201 2467 325 2518 potuit
343 2467 526 2504 obtinere.
573 2465 686 2509 Quod
705 2465 858 2515 quidem
873 2471 911 2501 et
930 2463 1168 2502 commodam
1188 2475 1264 2500 rem
1280 2475 1364 2502 esse
1385 2469 1424 2499 et
1442 2461 1632 2500 difficilem

200 2527 312 2566 simul
332 2527 582 2565 demonstrat.
638 2527 693 2563 Ac
714 2525 762 2563 de
787 2525 844 2563 his
863 2524 1031 2576 quidem,
1056 2525 1086 2561 si
1112 2523 1196 2574 quis
1222 2536 1268 2561 ea
1291 2529 1425 2561 contra
1452 2523 1632 2573 proferat,

203 2589 289 2627 haec
311 2589 413 2627 dicta
432 2589 520 2626 sint.

256 2651 293 2687 5.
324 2648 402 2687 Sed
422 2649 536 2687 alium
557 2648 668 2686 audio
687 2660 910 2692 sermonem,
930 2647 992 2697 qui
1013 2660 1057 2684 ea
1077 2660 1162 2698 quae
1184 2646 1270 2684 dico
1288 2645 1432 2696 optima
1450 2657 1530 2684 esse
1550 2659 1633 2698 per-

203 2710 333 2761 spicue
358 2710 537 2749 ostendit.
605 2709 753 2747 Etenim
785 2710 815 2746 si
846 2709 955 2746 istam
987 2708 1168 2745 rationem
1199 2706 1342 2744 habent
1371 2706 1634 2752 firmissimam,

203 2771 454 2822 deponendus
480 2771 558 2822 jam
591 2777 651 2809 est
684 2778 817 2808 metus.
891 2768 1007 2806 Aiunt
1041 2768 1139 2805 enim
1173 2774 1353 2819 praestare
1389 2766 1635 2811 Archelaum,

202 2831 374 2883 quamvis
394 2832 524 2876 talem,
541 2832 709 2870 accolam
732 2829 1038 2882 Peloponnesiis:
1071 2842 1157 2866 narn
1177 2828 1279 2866 hunc
1300 2826 1409 2865 facile
1429 2827 1458 2864 si
1477 2826 1633 2865 velimus

203 2892 442 2944 repellamus,
462 2893 756 2944 Peloponnesios
776 2905 850 2930 non
870 2891 978 2927 item:
1009 2903 1127 2941 quare
1147 2889 1331 2928 seditione
1357 2894 1513 2940 praestat
1538 2888 1634 2927 inter

891 2952 912 2989 3
935 2962 951 2989 ι
