1870 3277
673 172 1115 211 PANTHENAICUS.
1558 175 1633 213 183

166 271 326 310 factas
353 284 459 310 esse
482 273 549 310 vel
570 274 857 312 seditionem
878 274 948 311 vel
970 273 1125 312 caedes
1145 273 1220 311 vel
1243 273 1385 325 fugas
1404 275 1633 336 injustas,

167 332 239 370 vel
277 333 587 384 direptiones
621 335 936 386 pecuniarum
970 334 1045 372 vel
1078 341 1250 386 stupra
1280 349 1475 374 uxorum
1505 345 1552 376 et
1585 338 1636 376 li-

164 395 340 442 berum,
369 396 460 434 imo
492 411 547 436 ne
579 398 761 448 reipub.
795 397 989 448 quidem
1022 398 1341 435 mutationem
1368 411 1528 449 neque
1560 413 1638 439 no-

167 468 245 494 vas
284 457 483 496 tabulas
518 471 672 509 neque
710 471 937 509 agrorum
971 458 1271 496 divisionem
1307 472 1468 511 neque
1501 461 1634 511 quic-

165 530 301 568 quam
336 519 472 557 aliud
514 520 784 570 insignium
823 520 1182 558 calamitatum.
1240 520 1354 565 Quae
1394 534 1538 571 quum
1577 535 1636 560 re-

166 581 423 629 putabunt,
456 580 569 618 fieri
603 595 696 619 non
732 581 917 632 poterit
955 582 1070 632 quin
1107 581 1179 619 tui
1222 583 1383 629 etiarn,
1422 583 1503 634 qui
1540 583 1637 623 ista

167 642 480 692 congesseris
524 649 570 680 et
605 649 701 681 tam
747 644 1010 693 eleganter
1056 643 1375 694 disserueris,
1418 645 1640 684 recorda·-

167 703 262 741 turi
294 710 340 741 et
369 716 587 754 magnam
620 704 713 743 tibi
746 705 959 755 gratiam
987 704 1209 743 habituri
1241 705 1353 743 sint.

226 766 312 802 101.
346 765 449 803 Non
480 773 638 804 autem
669 780 797 805 nunc
824 766 948 804 idem
981 766 1110 817 quod
1140 766 1276 817 prius
1306 767 1361 805 de
1389 774 1434 805 te
1462 768 1638 808 sentio.

169 825 286 864 Nam
324 827 571 878 superiori
607 835 827 880 tempore
866 836 964 866 tum
997 828 1248 879 ingenium
1283 834 1415 866 tuum
1447 836 1495 867 et
1526 829 1639 868 vitae

168 887 385 927 ordinem
419 895 465 927 et
495 889 795 928 industriam
827 895 925 928 tum
956 902 1069 928 vero
1101 888 1437 941 philosophiae
1466 892 1641 930 verita-

167 957 260 988 tem
294 950 342 988 in
375 950 541 1002 primis
569 951 801 999 mirabar,
831 964 961 990 nuno
989 964 1103 991 vero
1134 958 1180 990 te
1211 950 1561 990 felicissimum
1593 960 1641 992 et

167 1011 503 1051 beatissimum
531 1013 728 1064 judico:
770 1010 956 1052 videris
987 1013 1111 1051 enim
1143 1013 1261 1051 rnihi
1286 1013 1460 1052 vivens
1492 1015 1639 1053 etiam

170 1074 330 1125 gloria
360 1074 464 1112 fore
496 1087 588 1113 non
620 1075 814 1126 quidem
848 1075 1032 1127 majore
1067 1088 1207 1126 quam
1244 1076 1638 1115 merearis—vix

170 1136 294 1174 enim
325 1136 371 1174 id
397 1136 510 1175 fieri
539 1143 788 1188 potest—,
818 1137 1133 1188 generaliore
1167 1144 1328 1176 tamen
1363 1143 1411 1176 et
1443 1139 1638 1177 eviden-

169 1198 293 1236 tiore
340 1198 426 1236 hac
460 1212 552 1249 qua
583 1212 712 1237 nunc
745 1199 923 1243 flores;
958 1199 1223 1238 defunctus
1256 1206 1416 1237 autem
1451 1200 1639 1238 immor-

169 1259 388 1297 talitatis
423 1261 678 1312 particeps
709 1259 925 1307 futurus‚
963 1271 1055 1298 non
1096 1261 1201 1312 ejus
1242 1273 1338 1311 qua
1371 1260 1437 1299 dii
1471 1262 1638 1301 fruun-

169 1326 259 1366 tur,
289 1320 372 1358 sed
406 1320 547 1358 illius
581 1334 674 1371 qua
702 1322 936 1359 memoria
969 1334 1130 1360 eorum
1163 1322 1244 1372 qui
1277 1335 1324 1359 re
1353 1322 1524 1374 aliqua
1552 1335 1640 1362 me-

172 1382 397 1421 morabili
427 1382 553 1421 alios
583 1389 824 1434 superant
852 1383 911 1421 ad
944 1391 1176 1434 posteros
1206 1392 1526 1435 propagatur.
1583 1385 1643 1424 Et

170 1444 270 1483 haec
295 1445 408 1495 jure
441 1445 531 1483 tibi
561 1445 878 1496 contingent:
917 1457 1019 1483 nam
1048 1452 1305 1496 utramque
1334 1447 1497 1484 urbem
1527 1460 1642 1498 prae-

172 1506 303 1545 clare
336 1506 558 1546 laudasti
589 1514 636 1545 et
669 1507 1044 1553 convenienter,
1077 1508 1286 1546 alteram
1316 1522 1372 1547 ex
1406 1510 1642 1561 opinione

174 1568 529 1615 multitudinis,
552 1581 690 1619 quam
711 1567 1196 1607 nullivirieelebres
1218 1576 1642 1621 contempserunt,

174 1629 257 1667 sed
283 1629 390 1667 dum
420 1643 520 1667 earn
545 1630 780 1677 consequi
808 1629 1013 1667 student
1043 1629 1205 1667 omnia
1233 1629 1459 1680 pericula
1489 1632 1646 1671 subie-

174 1698 299 1737 runt,
334 1691 540 1730 alteram
572 1691 840 1730 secundum
875 1690 1218 1742 cogitationes
1255 1703 1417 1730 eorum
1456 1693 1646 1744 quive-

173 1752 367 1790 ritatem
408 1753 658 1804 attingere
692 1753 991 1802 conjectura
1030 1751 1249 1798 student,
1283 1753 1409 1804 apud
1441 1767 1562 1805 quos
1596 1755 1642 1794 in

174 1826 345 1865 magna
367 1815 739 1853 efflstimatione
765 1827 873 1852 esse
894 1813 1241 1864 praestabilius
1262 1820 1338 1852 est
1357 1827 1497 1865 quam
1517 1816 1643 1868 apud

176 1876 318 1921 alios,
350 1876 389 1914 si
420 1876 573 1927 duplo
602 1876 768 1928 plures
798 1887 938 1926 quam
969 1888 1096 1913 nunc
1127 1882 1240 1913 sunt
1269 1876 1589 1916 exsisterent.

232 1938 320 1974 102.
351 1939 502 1980 Quum
541 1945 696 1976 autem
734 1936 1031 1988 inexplebili
1067 1936 1157 1975 hoc
1197 1945 1417 1988 tempore
1456 1939 1644 1991 cupidi-

175 2004 276 2036 tate
303 1998 528 2049 flagrem,
557 2005 597 2036 et
623 1998 776 2036 multa
801 1997 1011 2035 dicenda
1037 1998 1240 2037 habeam
1269 2006 1364 2037 tum
1389 1999 1446 2038 de
1473 2008 1519 2038 te
1546 2007 1643 2040 tum

176 2060 234 2097 de
265 2066 470 2111 utraque
499 2061 614 2099 urbe
645 2066 742 2097 tum
775 2060 831 2098 de
860 2059 1088 2098 oratione
1119 2059 1223 2108 hac,
1255 2066 1415 2099 tamen
1445 2062 1645 2102 omissis

176 2121 297 2167 illis,
327 2121 382 2161 de
413 2134 467 2160 eo
496 2122 794 2160 sententiam
825 2120 996 2167 dicam,
1025 2122 1168 2172 cujus
1197 2122 1363 2172 gratia
1392 2135 1459 2160 me
1488 2136 1648 2163 accer-

176 2184 322 2223 situm
354 2196 463 2223 esse
493 2183 632 2223 dicis.
688 2183 797 2222 Tibi
826 2182 949 2221 enirn
980 2188 1157 2221 auctor
1187 2196 1288 2220 sum
1317 2190 1369 2221 ut
1396 2183 1518 2223 hanc
1548 2198 1648 2224 ora·

176 2246 357 2285 tionem
398 2258 555 2297 neque
594 2246 854 2284 comburas
892 2257 1050 2295 neque
1089 2244 1308 2291 aboleas,
1347 2245 1447 2292 sed,
1485 2246 1646 2285 sicubi

176 2307 363 2359 aliquid
399 2307 554 2353 deest,
588 2307 825 2357 corrigas,
865 2313 911 2344 et
947 2306 1173 2344 omnibus
1209 2306 1647 2357 disputationibus

178 2382 282 2421 quae
313 2368 370 2407 de
402 2381 456 2408 ea
487 2368 668 2407 habitae
703 2374 818 2406 sunt
850 2367 1124 2418 adscriptis
1156 2367 1327 2419 legere
1360 2368 1647 2409 volentibus

177 2431 450 2483 impertias,
479 2431 518 2469 si
547 2430 686 2469 modo
712 2442 808 2468 rem
834 2437 1022 2481 gratam
1052 2430 1215 2468 facere
1244 2431 1418 2468 studes
1446 2432 1648 2482 optimis

178 2494 296 2531 viris
325 2493 453 2531 inter
481 2492 679 2532 Graecos
708 2497 755 2530 et
780 2505 893 2530 vere
921 2505 1013 2530 non
1043 2491 1275 2530 simulate
1301 2492 1650 2544 philosophan-

179 2555 326 2601 tibus,
356 2561 403 2593 et
436 2555 551 2593 illos
586 2554 794 2593 afficere
823 2553 1067 2599 molestia,
1098 2553 1179 2604 qui
1208 2566 1349 2604 quum
1383 2560 1464 2591 tua
1493 2555 1647 2606 magis

182 2628 319 2667 quam
357 2615 444 2654 alii
483 2616 734 2660 mirentur,
765 2615 1021 2653 orationes
1061 2623 1170 2652 tuas
1204 2614 1250 2652 in
1287 2614 1531 2654 hominum
1565 2617 1651 2656 fre·

181 2677 382 2727 quentia
408 2677 815 2728 proscindunt‚in
841 2689 934 2727 qua
962 2676 1129 2728 plures
1159 2683 1274 2714 sunt
1296 2676 1376 2727 qui
1403 2677 1651 2718 dormiant

184 2750 322 2789 quam
351 2739 429 2789 qui
459 2739 761 2785 auscultent,
782 2739 963 2789 quique
997 2744 1213 2788 sperant,
1239 2737 1269 2775 si
1297 2738 1475 2789 vulgus
1503 2740 1651 2778 homi-

185 2810 292 2836 num
320 2799 625 2850 deceperint,
649 2813 761 2839 suas
790 2798 1279 2838 declamatiunculas
1309 2813 1413 2838 cum
1446 2803 1651 2854 scriptis

185 2873 209 2898 a
246 2866 291 2898 te
328 2861 638 2900 orationibus
678 2874 823 2913 posse
861 2858 1181 2907 contendere,
1229 2860 1390 2912 ignari
1426 2863 1649 2901 nimirum

184 2934 235 2959 se
274 2921 473 2972 longius
511 2924 685 2962 abesse
733 2925 789 2962 ab
835 2921 1148 2961 excellentia
1190 2928 1272 2961 tua
1308 2937 1450 2975 quam
1491 2926 1650 2976 gloria
