1870 3277
718 180 790 217 DE
819 179 975 217 PACE.
1526 182 1579 221 99

175 283 207 319 1.
238 283 408 320 SOLENT
436 295 569 320 omnes
598 282 662 334 qui
691 294 738 319 ex
764 280 839 319 hoc
866 282 954 319 loco
981 281 1099 319 verba
1122 280 1269 318 faciunt
1295 294 1342 319 ea
1368 281 1509 328 dicere,
1530 282 1579 320 de

118 343 254 394 quibus
274 343 344 394 ipsi
364 343 567 382 consilium
586 342 712 381 daturi
737 342 824 389 sint,
851 343 1006 380 maximi
1035 355 1119 380 esse
1146 343 1330 381 momenti
1354 352 1395 381 et
1413 344 1577 396 reipubl.

116 404 319 454 plurimum
340 405 540 444 interesse:
572 418 704 443 verum
728 405 758 442 si
779 403 867 442 ullis
885 404 969 441 aliis
987 403 1153 454 negotiis
1173 403 1249 441 tale
1270 405 1450 443 convenit
1467 419 1578 444 exor-

116 465 235 511 dium,
265 479 311 504 eo
345 466 454 505 nobis
482 467 521 504 in
548 465 754 517 praesentia
774 464 833 502 vel
862 465 900 502 in
928 464 1058 515 primis
1087 464 1274 502 utendum
1305 478 1390 502 esse
1420 479 1576 504 censeo.

118 526 215 563 Nam
238 527 275 564 in
302 528 376 566 hoe
405 533 595 566 conventu
627 527 675 565 de
703 540 798 577 pace
828 532 867 564 et
893 526 996 564 bello
1025 525 1275 570 deliberatur,
1301 538 1389 576 quae
1410 525 1498 563 duae
1517 541 1578 567 res

115 589 298 628 maximas
319 590 357 627 in
377 589 454 628 vita
483 589 698 628 mortalium
721 589 819 626 vires
847 588 1006 633 habent,
1033 587 1195 638 aliisque
1221 587 1412 625 feliciores
1440 601 1577 627 neces-

115 652 215 689 sario
237 651 402 690 reddunt
422 664 488 690 eos
510 664 532 690 a
551 651 690 702 quibus
712 650 919 701 prudenter
936 649 1265 688 administrantur.
1315 649 1445 688 Tanta
1463 650 1579 700 igitur

113 724 172 749 res
191 725 292 750 nunc
313 712 449 763 agitur.

167 779 203 810 Ω.
234 773 314 811 Vos
336 781 466 812 tamen
486 773 597 812 video
626 787 703 812 non
731 773 844 811 simili
874 772 1001 811 studio
1026 773 1196 811 omnium
1217 772 1410 811 orationes
1431 771 1577 818 audire,

113 833 181 870 sed
201 833 286 872 aliis
312 834 546 881 auscultare,
574 835 734 873 aliorum
762 848 809 872 ne
830 847 965 872 vocem
986 834 1142 885 quidem
1170 834 1347 872 tolerare.
1403 833 1451 871 Id
1472 833 1579 884 quod

113 895 290 944 equidem
323 895 417 933 nihil
451 896 583 934 miror:
626 909 716 935 narn
748 895 934 947 superiori
965 896 1080 933 etiarn
1114 902 1286 947 tempore
1317 894 1419 933 soliti
1452 894 1579 932 fuistis

111 963 272 995 caeteros
291 970 424 995 omnes
445 958 596 1006 ejicere,
623 965 761 1009 praeter
787 971 854 995 eos
880 957 943 1008 qui
969 957 1200 1009 cupiditates
1221 966 1368 995 vestras
1389 956 1577 994 defende-

112 1026 212 1056 rent.
281 1019 323 1056 In
356 1032 433 1070 quo
465 1026 566 1059 certe
600 1019 908 1071 reprehendendi
941 1020 1051 1062 estis:
1098 1032 1186 1057 nam
1219 1032 1338 1070 quum
1366 1019 1509 1065 multas
1542 1025 1581 1056 et

111 1092 274 1130 magnas
295 1081 456 1118 familias
477 1082 524 1119 ab
543 1082 846 1119 assentatoribus
878 1081 1051 1119 funditus
1081 1093 1236 1118 eversas
1263 1093 1352 1118 esse
1373 1080 1522 1128 sciatis,
1541 1086 1582 1118 et

112 1141 270 1192 privatis
290 1142 328 1179 in
356 1143 564 1180 rebuseos
591 1143 656 1193 qui
685 1143 762 1180 ista
789 1150 869 1180 arte
893 1151 984 1179 sunt
1015 1142 1186 1188 oderitis,
1215 1141 1255 1179 in
1282 1141 1480 1192 republica
1499 1153 1576 1178 non

112 1203 250 1241 eodem
271 1204 387 1242 modo
409 1205 446 1242 in
467 1205 553 1243 illos
574 1205 666 1243 estis
688 1206 858 1249 animati,
877 1204 957 1250 sed,
975 1217 1095 1255 quum
1116 1217 1181 1241 eos
1203 1202 1492 1255 reprehendatis
1512 1202 1579 1252 qui

110 1265 205 1303 istos
226 1265 434 1304 admittunt
455 1279 662 1316 eorumque
690 1266 972 1305 consuetudine
994 1266 1252 1311 delectantur,
1271 1278 1341 1303 vos
1367 1266 1472 1316 ipsos
1493 1265 1578 1315 plus

111 1325 184 1363 illis
206 1327 363 1364 credere
382 1341 499 1378 quarn
527 1327 683 1377 reliquis
709 1327 855 1365 civibus
881 1334 1055 1378 apparet.
1114 1327 1266 1365 Etenim
1295 1327 1366 1378 ipsi
1391 1326 1576 1364 effecistis

110 1395 153 1424 ut
172 1395 339 1425 oratores
356 1388 589 1426 meditentur
603 1396 641 1426 et
655 1389 859 1439 exquirant
873 1401 951 1426 non
968 1402 1015 1426 ea
1030 1402 1117 1439 quae
1137 1389 1265 1426 futura
1284 1388 1359 1426 sint
1377 1401 1396 1426 e
1414 1388 1580 1439 republ.5

110 1449 178 1486 sed
205 1456 247 1486 ut
272 1449 464 1487 orationes
485 1450 654 1488 habeant
675 1449 780 1488 vobis
801 1456 951 1501 gratas:
983 1451 1032 1487 ob
1053 1462 1150 1500 quas
1172 1449 1286 1487 etiam
1313 1462 1416 1488 nunc
1445 1462 1577 1487 eorum

111 1510 319 1548 multitudo
337 1511 537 1548 confluxit.
583 1511 776 1548 Omnibus
793 1512 894 1548 enirn
912 1510 1157 1562 perspicuum
1175 1518 1256 1549 erat
1272 1524 1339 1549 vos
1361 1511 1406 1549 iis
1423 1510 1578 1548 studere

112 1571 234 1622 magis
258 1572 322 1622 qui
353 1572 402 1609 ad
432 1572 575 1609 bellum
603 1572 856 1610 adhortentur
880 1585 996 1622 quam
1026 1571 1085 1610 his
1112 1572 1176 1623 qui
1202 1584 1339 1623 pacem
1370 1572 1576 1610 suadeant.

112 1634 212 1671 Nam
233 1633 284 1671 illi
305 1633 461 1684 quidem
482 1647 588 1684 spem
610 1634 758 1673 faciunt
775 1641 813 1672 et
834 1634 1127 1685 possessionum
1143 1647 1232 1685 quae
1252 1639 1342 1672 sunt
1361 1634 1398 1671 in
1421 1633 1578 1672 urbibus

110 1697 415 1747 recipiendarum
437 1704 475 1734 et
489 1697 625 1734 veteris
646 1697 830 1748 potentiae
851 1695 1148 1746 recuperandam
1180 1695 1217 1734 hi
1237 1695 1312 1733 tale
1332 1695 1428 1733 nihil
1449 1702 1578 1733 osten·

113 1764 208 1804 tant,
228 1757 297 1795 sed
316 1756 595 1808 quiescendum
622 1771 708 1796 esse
729 1757 861 1796 dicunt
892 1771 1017 1808 neque
1046 1771 1105 1795 res
1126 1770 1289 1809 magnas
1309 1771 1378 1809 per
1398 1757 1577 1809 injuriam

111 1819 366 1869 appetendas,
392 1818 462 1856 sed
487 1819 524 1856 in
555 1819 597 1856 iis
616 1832 703 1871 quae
727 1819 869 1856 adsunt
888 1819 1182 1869 quiescendum,
1202 1831 1279 1869 quo
1307 1818 1485 1856 maximae
1509 1818 1578 1856 ho-

112 1881 255 1918 minurn
284 1880 381 1932 parti
409 1880 513 1918 factu
544 1881 637 1918 nihil
670 1888 728 1919 est
754 1880 961 1919 difficilius.
1035 1880 1099 1919 Sic
1125 1881 1226 1918 enirn
1256 1893 1276 1918 e
1304 1892 1373 1931 spe
1403 1879 1576 1931 plerique

111 1943 324 1993 pendemus
354 1950 393 1980 et
422 1942 626 1980 insatiabili
656 1943 868 1993 cupiditate
892 1955 1018 1979 rerum
1044 1955 1132 1992 quae
1162 1942 1328 1992 aliquam
1356 1942 1415 1979 vel
1445 1941 1577 1992 injusti

110 2004 205 2043 lucri
236 2005 401 2056 speciem
431 2004 579 2042 habent
608 2012 796 2050 tenemur,
827 2011 869 2042 ut
899 2018 947 2042 ne
981 2003 1274 2054 locupletissimi
1304 2003 1461 2054 quidem
1496 2004 1576 2042 suis

108 2066 247 2116 opibus
266 2066 438 2104 contenti
465 2067 556 2110 sint,
586 2066 655 2104 sed
684 2067 720 2103 in
751 2066 990 2117 appetitione
1018 2066 1206 2118 majorum
1227 2065 1426 2116 copiarum
1447 2072 1576 2117 partas

109 2141 201 2178 opes
232 2128 269 2165 in
291 2128 496 2166 discrimen
527 2128 738 2166 adducant.
797 2129 846 2165 Et
867 2128 1023 2179 quidem
1053 2127 1334 2179 providendum
1361 2135 1433 2174 est,
1461 2141 1509 2166 ne
1537 2128 1576 2166 in

109 2189 268 2227 similem
290 2203 358 2227 nos
379 2203 534 2241 quoque
555 2190 762 2229 amentiam
784 2190 1019 2228 incidamus:
1049 2190 1159 2228 nimis
1178 2189 1279 2228 enim
1305 2189 1396 2227 mihi
1417 2189 1575 2240 quidam

110 2251 158 2288 ad
180 2251 323 2288 bellum
346 2251 523 2289 videntur
541 2252 702 2298 incitati,
726 2265 802 2289 non
822 2250 934 2301 quasi
954 2251 1129 2302 plebeius
1149 2251 1285 2302 aliquis
1305 2251 1576 2297 consuluisset,

110 2313 176 2351 sed
199 2320 383 2363 tanquam
406 2313 502 2351 deus
523 2314 714 2364 quispiam
743 2312 1003 2364 prosperrima
1023 2326 1190 2364 quaeque
1217 2312 1329 2351 nobis
1358 2319 1396 2350 et
1423 2312 1574 2350 facilem

111 2374 275 2412 hostium
298 2375 493 2412 victoriani
515 2375 765 2426 promisisset.

164 2439 201 2475 3.
232 2437 302 2474 Est
320 2444 447 2475 autem
469 2437 714 2488 prudentium
736 2437 930 2475 hominum
952 2436 1001 2474 de
1027 2436 1086 2474 his
1105 2450 1193 2487 quae
1212 2443 1410 2486 comperta
1430 2435 1576 2474 habent

111 2512 185 2536 non
208 2499 815 2549 deliberare—supervacaneum
843 2498 945 2536 enim
972 2498 1158 2544 fue1·it—-,
1188 2497 1256 2535 sed
1276 2509 1363 2547 quae
1390 2496 1573 2534 decreve-

110 2560 184 2597 rint
203 2567 414 2604 maturare3
446 2567 486 2598 at
504 2561 642 2611 quibus
670 2561 718 2598 de
749 2561 864 2598 rebus
891 2559 1131 2604 consultant,
1159 2571 1222 2597 eas
1249 2570 1325 2594 non
1352 2557 1573 2608 exploratas

109 2622 179 2660 sibi
199 2635 283 2660 esse
304 2629 453 2672 putare,
473 2623 540 2661 sed
562 2623 787 2675 conjectura
806 2623 875 2667 uti,
903 2628 942 2659 et
971 2622 1007 2659 in
1034 2621 1198 2659 sortunae
1217 2619 1372 2657 arbitrio
1392 2627 1573 2658 eventum

108 2697 191 2722 esse
213 2683 378 2734 positum
399 2684 616 2722 existimare
637 2685 793 2722 debent.
852 2683 1026 2727 Quorum
1048 2695 1115 2720 vos
1141 2688 1315 2719 neutrum
1342 2680 1482 2726 facitis,
1503 2681 1572 2720 sed

110 2745 147 2782 in
173 2752 317 2796 quanta
340 2746 506 2784 maxima
534 2746 614 2784 fieri
644 2753 774 2797 potest
798 2744 999 2790 versamini
1027 2742 1327 2793 perturbatione.
1387 2743 1488 2780 Nam
1522 2743 1574 2780 ita

109 2807 263 2857 quidem
293 2809 527 2846 convenistis
557 2809 668 2859 quasi
699 2822 745 2846 ex
774 2807 945 2846 omnium
973 2805 1174 2843 sententiis
1203 2805 1241 2842 id
1271 2806 1320 2843 sit
1350 2805 1572 2856 eligendum

110 2868 212 2918 quod
233 2868 282 2905 sit
308 2882 328 2905 e
355 2870 504 2920 republ.
529 2870 709 2914 maxime,
731 2870 784 2907 sic
804 2876 947 2911 autem,
969 2875 1152 2917 tanquam
1174 2867 1266 2904 satis
1288 2867 1369 2918 jain
1392 2866 1572 2905 noveritis

110 2929 200 2978 quid
232 2930 338 2967 factu
363 2931 412 2968 sit
439 2931 639 2982 optimum,
666 2931 818 2969 nonnisi
844 2942 910 2968 eos
942 2928 1073 2967 audire
1097 2928 1211 2966 vultis
1241 2928 1305 2979 qui
1333 2928 1383 2966 ad
1411 2928 1570 2979 gratiam
