1870 3277
221 160 297 195 242
811 163 1097 201 lSOCRATIS

222 268 351 299 tamen
372 262 432 300 vel
459 263 495 299 in
517 263 648 314 primis
670 265 782 315 cupio
802 265 852 303 de
872 267 989 317 patris
1011 266 1182 305 moribus
1205 279 1248 304 ac
1273 267 1410 305 studiis
1431 268 1545 306 verba
1565 268 1691 304 facere

221 323 325 373 apud
346 337 429 370 vos,
460 337 500 362 re
527 325 644 376 paulo
671 326 785 364 altius
816 328 978 378 repetita
1003 336 1041 366 et
1069 329 1265 366 mentione
1287 329 1474 380 majorum
1502 329 1620 374 facta,
1650 334 1693 364 ut

223 384 447 436 intelligatis
468 399 488 424 a
510 387 632 437 prima
652 388 761 425 nobis
783 389 930 439 origine
951 390 1117 428 maxima
1139 390 1236 428 inter
1255 390 1359 428 cives
1380 397 1419 428 et
1439 389 1694 441 pulcherrima

223 454 453 487 ornamenta
471 449 695 499 contigisse.

282 509 343 545 10.
374 509 478 548 Nam
497 517 605 561 pater
624 524 733 548 meus
753 524 802 548 ex
824 519 939 562 gente
960 512 1261 564 Eupatridarum
1290 512 1377 558 fuit,
1402 525 1565 562 quorum
1584 512 1695 549 nobi-

223 568 311 607 litas
332 569 381 608 de
401 571 483 622 ipso
503 573 736 623 cognomine
760 573 872 611 facile
902 574 1145 626 intelligitur,
1169 581 1340 612 materna
1363 574 1481 624 stirpe
1503 573 1696 610 Alcmaeo-

223 631 328 676 nida,
358 633 422 682 qui
455 634 673 671 divitiarum
704 635 1034 673 evidentissimum
1067 644 1362 674 monumentum
1393 635 1696 685 reliquerunt——

223 690 423 731 Alcmaeon
444 695 544 732 enim
572 696 718 746 primus
749 697 889 734 civium
911 698 1106 749 Olympiae
1132 698 1230 748 bigis
1259 697 1505 748 equestribus
1528 696 1619 734 vicit
1632 719 1697 740 -‚

224 753 533 794 benevolentiam
568 766 697 795 autem
732 771 842 796 suam
877 772 969 809 erga
998 759 1182 810 populum
1217 759 1427 810 tyrannicis
1462 758 1698 809 temporibus

226 815 495 855 declararunt:
539 819 714 868 quamvis
748 820 849 857 enim
882 821 1113 870 cognatione
1147 833 1236 858 cum
1272 820 1474 857 Pisistrato
1504 818 1701 869 conjuncti

226 885 373 925 essent,
394 886 433 917 et
452 880 675 930 prinsquam
707 880 737 918 is
769 881 971 932 imperium
999 882 1180 933 cepisset,
1212 881 1509 919 familiarissime
1530 881 1595 917 illo
1616 886 1701 918 ute-

226 946 372 984 rentur,
406 948 537 979 tamen
565 943 648 992 ejus
678 943 894 992 tyrannidis
924 943 1017 981 socii
1048 956 1093 981 ac
1123 942 1333 993 participes
1363 955 1447 980 esse
1480 942 1700 986 noluerunt,

226 1000 298 1037 sed
324 1001 503 1040 exsulare
526 1003 651 1053 patria
675 1017 791 1053 quam
816 1005 917 1041 cives
949 1004 1131 1042 servitute
1159 1016 1361 1054 oppressos
1388 1002 1523 1040 intueri
1554 1003 1698 1040 malue-

227 1068 330 1099 runt.
376 1062 441 1109 Et,
458 1076 577 1113 quum
598 1077 644 1102 ea
665 1064 801 1102 seditio
816 1065 1078 1115 quadraginta
1094 1065 1275 1102 durasset
1295 1077 1434 1110 annos,
1455 1063 1627 1115 tyrannis
1649 1063 1702 1101 ita

227 1135 309 1173 prae
329 1124 479 1162 caeteris
499 1125 611 1163 invisi
630 1126 801 1171 fuerunt,
824 1133 868 1163 ut
891 1139 1025 1164 eorum
1049 1126 1217 1164 factione
1237 1125 1439 1163 victoriam
1460 1125 1602 1176 adepta
1621 1138 1700 1163 non

227 1190 379 1223 tantum
398 1185 503 1225 aedes
522 1187 692 1238 ipsorum
714 1187 956 1226 diruerentur
982 1188 1053 1226 sed
1083 1188 1263 1239 sepulcra
1284 1187 1399 1226 etiam
1421 1188 1698 1230 effoderentur,

228 1259 252 1284 a
268 1249 518 1286 coexsulibus
538 1256 668 1287 autem
688 1256 798 1287 tanta
818 1250 873 1288 eis
904 1251 999 1288 fides
1020 1250 1152 1288 habita
1175 1257 1248 1296 est,
1277 1257 1318 1288 ut
1337 1250 1441 1288 omni
1461 1263 1507 1287 eo
1528 1256 1702 1301 tempore

226 1309 362 1359 populi
391 1310 513 1348 duces
544 1311 701 1350 fuerint.
772 1311 975 1350 Postremo
1007 1311 1231 1350 Alcibiades
1267 1317 1305 1349 et
1336 1311 1570 1355 Clisthenes,
1605 1311 1701 1349 alter

230 1377 415 1420 paternus
436 1372 534 1410 alter
556 1381 752 1412 maternus
779 1376 899 1425 patris
927 1375 1001 1412 mei
1030 1388 1209 1425 proavus,
1238 1375 1487 1425 imperatores
1509 1373 1704 1423 designati

229 1433 278 1470 ab
297 1434 431 1473 exsilio
447 1436 633 1486 populum
649 1437 904 1482 reduxerunt,
921 1445 961 1475 et
979 1437 1154 1488 tyrannis
1171 1437 1304 1488 ejectis
1321 1449 1405 1474 eam
1424 1436 1701 1474 democratiam

233 1495 534 1543 constituerunt,
554 1498 591 1535 in
607 1512 685 1548 qua
699 1498 803 1536 cives
825 1498 874 1536 ad
897 1498 1158 1536 fortitudinem
1178 1498 1232 1536 ita
1250 1498 1415 1535 instituti
1436 1503 1540 1542 sunt,
1558 1503 1602 1534 ut
1620 1497 1705 1534 bar-

228 1557 358 1604 baros,
377 1558 443 1609 qui
469 1567 603 1597 contra
628 1566 748 1598 totam
771 1560 966 1597 Graeciam
994 1566 1195 1605 venerant,
1225 1559 1296 1598 soli
1324 1559 1457 1609 praelio
1479 1559 1701 1601 vincerent:

231 1624 418 1669 tantaque
438 1619 599 1670 justitiae
620 1620 742 1671 gloria
766 1621 991 1667 floruerunt,
1017 1627 1061 1658 ut
1087 1621 1187 1659 ultro
1215 1620 1270 1659 eis
1293 1620 1423 1658 Graeci
1448 1619 1564 1658 maris
1584 1620 1704 1670 impe-

233 1679 332 1717 rium
360 1681 578 1726 traderent3
617 1690 654 1721 et
681 1683 877 1721 civitatem
905 1689 1054 1720 tantam
1083 1681 1291 1720 redderent
1316 1688 1396 1719 tum
1426 1682 1601 1732 potentia
1626 1687 1709 1719 turn

233 1741 388 1792 reliquis
419 1743 641 1794 copiissut,
671 1745 737 1796 qui
775 1758 860 1783 eam
897 1758 981 1783 esse
1016 1744 1160 1782 Urbem
1191 1743 1358 1781 Graeciae
1387 1743 1523 1781 dicunt
1551 1749 1590 1780 et
1618 1742 1703 1780 aliis

233 1804 448 1855 magnificis
466 1806 594 1843 verbis
614 1819 749 1845 ornare
770 1807 910 1852 solent,
931 1819 1023 1844 vera
1042 1805 1169 1844 dicere
1191 1806 1407 1844 videantur.

291 1866 352 1902 ll.
384 1866 595 1904 Caritatem
624 1868 742 1917 igitur
768 1868 901 1918 populi
929 1874 1008 1905 tam
1028 1874 1221 1904 vetustam
1251 1875 1288 1904 et
1316 1868 1507 1905 sinceram
1535 1874 1575 1906 et
1592 1868 1707 1905 bene-

232 1926 327 1965 ficiis
342 1928 523 1966 maximis
539 1934 686 1980 partam
703 1942 725 1966 a
741 1929 950 1980 majoribus
966 1928 1136 1979 accepit:
1158 1928 1239 1979 ipse
1255 1942 1345 1967 vero
1359 1929 1531 1980 pupillus
1548 1929 1705 1968 relictus

235 1996 455 2027 est-nam
483 1996 593 2041 pater
624 1993 707 2039 ejus
741 1991 780 2028 in
815 1990 994 2028 Coroneo
1026 1989 1160 2041 praelio
1189 2003 1279 2028 cum
1307 1990 1488 2029 hostibus
1518 1991 1706 2029 dimicans

235 2050 505 2096 ceciderat-,
533 2058 700 2090 tutorem
727 2058 858 2090 autem
878 2052 1068 2090 Periclem
1095 2051 1243 2098 habuit,
1269 2065 1383 2102 quem
1411 2065 1547 2091 omnes
1575 2053 1708 2104 utique

235 2111 430 2151 fateantur
447 2114 619 2151 omnium
638 2114 776 2153 civium
796 2112 919 2152 fuisse
940 2119 978 2152 et
997 2108 1326 2152 modestissimum
1344 2114 1650 2163 etjustissimum
1670 2122 1711 2153 et

238 2175 580 2225 sapientissimum.
639 2176 757 2220 Quod
784 2178 908 2227 ipsum
936 2176 1053 2214 etiam
1082 2176 1120 2213 in
1149 2175 1344 2227 praeclaris
1371 2176 1595 2214 habendum
1623 2189 1710 2215 esse

238 2236 356 2282 duco,
386 2236 416 2274 si
444 2237 506 2275 cui
535 2237 678 2275 talibus
710 2244 795 2276 orto
826 2237 1021 2276 natalibus
1049 2243 1130 2275 tam
1162 2243 1355 2288 praestans
1384 2237 1442 2275 vir
1470 2243 1510 2275 et
1537 2243 1642 2274 tutor
1670 2244 1715 2276 et

238 2298 426 2336 educator
454 2305 494 2336 et
522 2299 611 2337 vitae
640 2298 826 2350 magister
854 2299 1073 2351 contigerit.
1142 2299 1232 2338 Jam
1262 2311 1380 2350 quum
1411 2298 1660 2345 adolevisset,
1687 2312 1712 2338 a

239 2363 379 2401 virtute
398 2363 550 2402 illorum
571 2376 672 2414 quos
691 2363 772 2414 jam
792 2363 960 2401 diximus
981 2377 1057 2402 non
1078 2363 1343 2415 degeneravit,
1372 2376 1443 2402 nec
1463 2363 1546 2414 ipse
1566 2363 1644 2401 otio
1665 2376 1710 2401 ac

240 2425 335 2464 luxu
358 2425 534 2464 diffluens
553 2426 743 2477 majorum
764 2425 906 2463 virtute
926 2425 1080 2476 gloriari
1099 2426 1234 2471 voluit,
1262 2426 1332 2464 sed
1358 2425 1487 2464 statim
1508 2432 1618 2463 tanta
1637 2424 1711 2462 suit

240 2487 510 2538 magnitudine
531 2487 660 2534 animi,
680 2493 725 2525 ut
751 2486 990 2525 existimaret
1016 2495 1195 2538 oportere
1221 2493 1379 2539 propter
1404 2486 1655 2537 semetipsum
1673 2492 1713 2523 et

239 2549 395 2587 illorum
414 2563 476 2588 res
498 2556 628 2601 gestas
648 2549 686 2587 in
706 2548 927 2587 memoriam
947 2548 1132 2586 revocari.

300 2612 363 2648 12.
384 2612 443 2650 Ac
463 2611 628 2662 primum
647 2624 768 2662 quum
785 2610 967 2648 Phormio
988 2609 1092 2647 mille
1109 2609 1368 2647 Athenienses
1388 2615 1557 2647 armatos
1578 2615 1714 2648 contra

245 2673 452 2713 Thraciam
487 2675 661 2721 duceret,
694 2673 911 2713 fortissimis
943 2672 1120 2717 delectis,
1151 2685 1241 2710 cum
1273 2671 1332 2709 his
1364 2672 1558 2722 profectus
1587 2672 1641 2710 ita
1671 2685 1712 2710 se

245 2736 369 2787 gessit
400 2736 439 2773 in
470 2737 611 2788 praeliis
641 2743 687 2775 ut
714 2749 856 2774 corona
889 2741 1089 2773 ornaretur
1123 2741 1163 2772 et
1194 2734 1242 2771 ab
1271 2733 1502 2784 imperatore
1530 2734 1715 2785 panoplia

243 2799 467 2838 donaretur.
524 2800 730 2838 Enimvero
759 2799 955 2851 quodnam
985 2798 1068 2849 ejus
1096 2797 1265 2835 officium
1297 2799 1400 2848 [esse
1429 2798 1534 2836 credi
1567 2798 1716 2847 debet],

243 2862 311 2912 qui
327 2861 464 2900 laudes
484 2863 674 2901 maximas
693 2860 910 2901 mereatur?
952 2863 1093 2899 Annon
1112 2873 1199 2898 cum
1216 2860 1545 2911 praestantissimis
1567 2859 1716 2898 civibus

245 2923 473 2962 militantem
499 2925 638 2974 primas
664 2924 774 2970 ferre,
793 2930 833 2961 et
856 2922 1063 2961 ducentem
1085 2928 1221 2960 contra
1241 2921 1468 2960 Graecorum
1487 2921 1716 2961 fortissimos
