1870 3277
749 497 1089 546 GORGIAE

470 651 597 692 PRO
631 649 994 693 PALAMEDE
1026 649 1378 693 APOLOGIA.

254 859 288 894 1.
320 857 411 896 NEC
429 859 648 902 accusas-io,
664 869 735 896 nee
756 857 946 903 defensio,
959 857 1134 904 Judices,
1148 869 1267 894 causa
1281 856 1417 908 capitis
1437 858 1664 905 instituitur;

192 919 506 970 quandoquidem
526 920 608 971 ejus
624 932 942 969 unumquemque
964 919 1185 956 mortalium
1206 925 1355 964 natura,
1371 933 1449 970 qua
1469 921 1531 958 die
1548 928 1662 960 natus

194 987 264 1026 est,
293 981 498 1019 manifesto
529 981 726 1019 damnavit
746 980 948 1032 suffragio:
980 993 1113 1018 verum
1144 980 1268 1018 honor
1289 981 1415 1031 agitur
1435 988 1473 1019 et
1494 982 1664 1031 infamia,

197 1049 351 1081 rectene
373 1042 464 1080 mihi
487 1057 534 1081 an
553 1043 773 1093 turpissime
792 1043 841 1080 ‚sit
856 1049 896 1080 et
916 1042 1082 1080 maximo
1099 1056 1186 1080 cum
1207 1042 1355 1093 flagitio
1375 1043 1562 1081 violenter
1583 1058 1667 1083 mo-

197 1105 388 1143 riendum.
448 1106 547 1148 Quae
579 1119 667 1143 cum
696 1105 773 1142 duo
807 1105 897 1150 sint,
916 1104 1077 1142 alterum
1113 1105 1150 1142 in
1178 1112 1309 1142 vestra
1340 1112 1413 1151 est,
1441 1106 1605 1144 alterum
1627 1108 1666 1145 in

198 1180 283 1204 mea
302 1173 517 1217 potestate:
548 1180 617 1204 vos
642 1166 743 1204 enim
763 1167 797 1204 vi
824 1166 984 1217 potestis
1005 1167 1072 1212 uti,
1094 1179 1168 1217 ego
1196 1167 1299 1217 quod
1320 1174 1467 1204 rectum
1489 1169 1539 1206 sit
1559 1169 1670 1206 tueri.

200 1229 353 1268 Etenim
373 1243 450 1267 non
473 1229 681 1267 difficulter
711 1243 771 1266 me
793 1229 981 1279 poteritis,
1003 1230 1033 1266 si
1055 1230 1206 1274 voletis,
1227 1229 1402 1267 occidere
1421 1243 1430 1266 :
1460 1237 1668 1280 postquam

200 1304 246 1329 eo
265 1291 415 1335 valetis,
437 1291 542 1341 quod
562 1290 653 1327 mihi
675 1290 798 1336 deest,
819 1290 993 1340 imperio.
1050 1291 1108 1327 Ac
1135 1291 1165 1328 si
1192 1290 1345 1341 quidem
1364 1290 1532 1342 Ulysses
1555 1305 1671 1330 accu-

199 1360 317 1398 sator,
350 1353 413 1391 vel
444 1365 571 1390 meam
601 1352 854 1403 proditionem
890 1359 1131 1402 compertam
1160 1352 1307 1390 habens
1338 1353 1397 1390 vel
1433 1352 1485 1390 ita
1517 1366 1558 1390 se
1592 1367 1671 1391 rem

199 1413 343 1451 habere
364 1414 603 1460 existimans,
620 1413 786 1451 Graeciae
803 1412 930 1452 studio
945 1414 1235 1452 accusationem
1255 1415 1487 1460 institueret,
1503 1416 1672 1466 optimus

200 1475 392 1513 mehercle
413 1474 468 1510 vir
493 1482 597 1512 esset
616 1497 668 1502 —-
687 1475 829 1525 quippe
853 1475 919 1525 qui
948 1475 1125 1526 patriam,
1159 1483 1341 1525 parentes
1371 1482 1570 1526 totamque
1595 1491 1674 1515 ser-

202 1543 312 1575 varet
333 1536 524 1573 Graeciam
554 1543 670 1587 atque
696 1537 854 1586 insuper
876 1542 1026 1574 sontem
1048 1537 1201 1587 puniret
1219 1550 1294 1574 -:
1326 1537 1381 1574 sin
1404 1550 1473 1587 per
1488 1537 1670 1576 invidiam

200 1605 240 1636 et
256 1597 535 1648 malignitatem
555 1598 698 1635 crimen
717 1597 791 1635 hoc
813 1597 1012 1642 confinxit,
1039 1604 1082 1635 ut
1103 1597 1168 1635 illo
1190 1597 1307 1635 modo
1328 1597 1512 1648 optimus,
1532 1599 1585 1636 ita
1601 1599 1674 1638 hoc

203 1660 396 1711 pessimus
419 1659 737 1710 deprehenditur.
796 1659 874 1696 Sed
902 1672 977 1710 ego
1006 1658 1109 1697 unde
1136 1658 1345 1710 incipiam?
1389 1659 1482 1709 quid
1512 1660 1676 1710 primum

201 1720 363 1758 dicam?
393 1719 441 1758 ad
462 1734 579 1770 quam
610 1721 848 1758 defensionis
883 1728 1031 1771 partem
1061 1734 1123 1759 me
1141 1720 1315 1759 vertam?
1357 1720 1511 1758 Etenim
1534 1722 1677 1760 crimen

205 1782 371 1819 immane
393 1789 574 1820 terrorem
590 1796 746 1833 gravem
768 1782 890 1833 parit;
914 1782 945 1820 is
961 1795 1074 1833 porro
1096 1782 1252 1820 dicendi
1274 1782 1385 1820 affert
1405 1782 1586 1834 inopiam,
1606 1784 1682 1822 nisi

207 1842 299 1893 quid
321 1843 461 1880 veritas
495 1849 535 1880 et
571 1843 783 1881 necessitas
813 1844 1079 1894 suppeditent,
1097 1843 1397 1894 periculosiores
1424 1857 1539 1894 quam
1562 1846 1680 1882 abun-

208 1902 404 1941 dantiores
422 1903 630 1953 magistrae.
688 1904 746 1942 Ac
766 1904 930 1954 primum
953 1903 1108 1954 quidem
1131 1911 1399 1942 accusatorem
1422 1905 1512 1942 nihil
1535 1906 1678 1943 habere

207 1972 447 2017 compertum
470 1972 576 2004 certo
598 1966 698 2005 scio:
731 1965 823 2003 nihil
840 1967 938 2003 enim
954 1966 1032 2004 tale
1050 1966 1183 2004 fecisse
1200 1980 1259 2004 me
1278 1974 1510 2018 compertum
1531 1967 1677 2012 habeo;

209 2041 333 2078 neque
352 2028 456 2078 quod
478 2029 623 2066 factum
645 2041 722 2066 non
750 2035 810 2066 est
835 2029 930 2066 scire
963 2029 1166 2079 quisquam
1200 2029 1338 2080 possit.
1397 2029 1464 2066 Sin
1498 2029 1677 2079 opinione

210 2089 352 2126 ductus
374 2089 584 2133 accusavit,
615 2089 765 2127 duab—us
793 2103 880 2127 eum
901 2090 1112 2127 rationibus
1133 2103 1209 2127 non
1232 2096 1335 2128 recte
1365 2097 1500 2141 putare
1519 2091 1682 2129 docebo.

212 2150 312 2188 Nam
343 2164 471 2201 neque
493 2151 523 2188 si
542 2151 764 2197 voluissem,
793 2151 1023 2202 potuissem,
1044 2165 1171 2203 neque
1192 2152 1222 2189 si
1243 2154 1470 2203 potuissem,
1490 2165 1535 2190 ea
1556 2154 1681 2191 facere

210 2210 432 2249 voluissem.

266 2283 305 2318 2.
336 2281 507 2319 Primum
528 2287 655 2320 autem
677 2295 754 2320 non
771 2295 886 2334 posse
903 2295 963 2320 me
981 2282 1200 2320 ostendam.
1259 2283 1476 2333 Oportebat
1496 2282 1597 2319 enim
1619 2282 1685 2320 ali-

215 2342 318 2394 quod
339 2343 559 2394 praecedere
573 2343 798 2394 proditionis
816 2344 979 2388 initium,
996 2345 1111 2395 idque
1131 2344 1268 2382 fuisset
1284 2344 1544 2394 colloquium:
1567 2344 1687 2394 siqui-

216 2405 305 2442 dem
333 2405 446 2442 factis
468 2406 585 2443 verba
605 2419 766 2444 necesse
795 2413 856 2444 est
882 2406 1127 2444 antecedere.
1186 2406 1394 2449 Quomodo
1422 2413 1551 2443 autem
1572 2407 1687 2443 verba

217 2467 299 2505 sine
319 2474 513 2505 conventu
534 2467 701 2505 fierent?
741 2468 940 2518 quomodo
968 2482 1083 2520 porro
1111 2475 1326 2505 conventus
1357 2468 1578 2512 haberetur,
1599 2481 1685 2505 cum

218 2542 292 2567 nec
311 2529 373 2566 ille
394 2528 444 2566 ad
466 2542 524 2566 me
543 2542 614 2567 nec
637 2542 711 2579 ego
732 2530 782 2568 ad
798 2530 904 2567 illum
926 2542 1146 2581 quenquam
1168 2528 1388 2567 misissem?
1419 2542 1547 2579 neque
1568 2529 1685 2566 etiam

218 2604 288 2641 per
308 2590 437 2628 literas
459 2591 666 2641 quicquam
694 2592 840 2643 absque
860 2591 1060 2630 tabellario
1080 2591 1297 2628 nuntiatum
1317 2598 1388 2628 est.
1448 2590 1526 2627 Sed
1550 2597 1591 2626 ut
1610 2589 1687 2627 hoc

219 2652 300 2689 fieri
319 2666 433 2702 posse
449 2652 582 2690 demus
601 2667 610 2697 ;
643 2660 761 2704 atque
780 2667 857 2692 una
882 2653 1163 2703 colloquamur.
1222 2652 1428 2695 Quomodo
1447 2651 1461 2688 ἲ
1491 2652 1577 2701 quis
1598 2664 1687 2688 cum

222 2712 324 2764 quo?
354 2713 519 2752 Graecus
543 2728 631 2753 cum
661 2716 840 2754 barbaro.
897 2715 986 2756 Quo
1013 2721 1127 2764 pacto
1157 2713 1311 2751 audiam
1344 2720 1411 2750 aut
1439 2711 1602 2763 loquar?
1639 2725 1686 2750 an

223 2774 331 2812 solus
360 2787 448 2812 cum
478 2775 590 2814 solo?
619 2784 754 2814 neuter
786 2775 947 2814 alterum
982 2774 1173 2825 intelligit.
1233 2775 1293 2812 An
1317 2787 1384 2825 per
1414 2774 1690 2825 interpretem?

225 2835 382 2874 Tertius
415 2848 509 2887 ergo
538 2850 662 2875 rerum
688 2837 732 2875 fit
760 2837 1080 2875 occultandarum
1109 2837 1233 2874 testis.
1305 2838 1359 2874 At
1380 2844 1423 2874 ut
1441 2837 1514 2874 hoc
1536 2849 1690 2886 quoque

226 2898 379 2944 demus,
399 2898 574 2949 quamvis
590 2907 650 2937 est
668 2900 824 2937 falsum.
882 2899 994 2937 Fides
1014 2905 1150 2950 postea
1170 2899 1300 2936 danda
1314 2898 1384 2936 fuit
1400 2907 1438 2937 ct
1454 2898 1690 2949 accipienda.

229 2959 419 3004 Quaenam
438 2972 485 2998 ea
510 2958 676 3000 fuisset?
706 2959 1017 3012 Jusjurandum?
1046 2960 1131 3011 quis
1152 2966 1234 2999 erat
1255 2960 1345 3000 mihi
1365 2960 1550 3013 proditori
1570 2959 1693 2998 credi-
