1870 3277
255 161 333 196 200
851 163 1136 203 ISOCRATls

253 269 361 313 puto,
381 264 446 314 qui
473 264 521 302 de
549 265 595 303 iis
617 267 728 304 rebus
751 267 846 305 alios
877 281 1057 306 accusare
1081 268 1241 313 audent,
1267 268 1406 319 quibus
1434 269 1505 320 ipsi
1527 267 1726 308 constricti

253 331 455 370 tenentum
485 327 591 377 quod
613 328 865 380 Lysimachus
883 329 987 368 fecit.
1046 330 1136 375 Qui,
1152 343 1269 380 quum
1289 330 1370 380 ipse
1385 330 1432 368 de
1446 332 1590 381 scripto
1607 331 1726 376 dicat,

255 386 302 424 de
324 388 417 426 meis
438 389 589 442 scriptis
610 391 720 442 plura
735 392 850 429 verba
870 391 1089 442 fecitquam
1108 392 1190 429 aliis
1213 391 1260 428 de
1280 392 1394 428 rebus
1414 393 1607 436 omnibus,
1622 392 1728 443 quod

253 449 416 499 perinde
447 458 507 489 est
539 465 584 490 ac
615 453 645 490 si
672 453 756 503 quis
788 453 903 490 alium
940 454 1130 504 sacrilegii
1157 466 1262 491 reum
1299 460 1444 504 ageret,
1474 455 1538 504 qui
1568 455 1728 492 donaria

253 510 414 548 deorum
435 512 515 563 ipse
536 514 573 551 in
594 515 770 551 manibus
789 514 963 552 liaberet.
1021 515 1281 553 Vehementer
1301 523 1428 553 autem
1444 515 1580 553 vellem
1600 529 1658 553 me
1680 517 1728 554 ab

253 585 300 610 eo
320 580 397 611 tam
419 574 669 625 eloquentem
686 575 868 626 judicari,
892 589 1008 627 quam
1031 577 1133 628 apud
1161 590 1229 614 vos
1250 575 1375 615 deit:
1406 589 1604 627 nunquam
1625 577 1726 614 enim

252 636 449 686 negotium
471 637 562 674 milii
579 637 768 676 facessere
788 638 1032 676 instituisset.
1092 639 1207 677 Nunc
1227 652 1304 686 me,
1320 652 1432 690 quem
1455 653 1611 677 causam
1633 639 1730 678 iufe-

251 697 389 735 riorem
412 698 577 736 dicendo
598 712 715 750 posse
737 700 862 737 facere
888 700 1121 751 superiorem
1146 701 1212 747 ait,
1236 714 1360 752 usque
1382 702 1480 739 adeo
1500 703 1726 747 contemnit,

252 766 295 796 ut
310 759 390 810 ipse
407 767 536 811 speret
556 774 596 799 se
616 761 865 800 mentientem
879 775 970 800 vera
987 763 1140 800 dicente
1163 776 1223 800 me
1242 763 1355 801 facile
1377 764 1456 802 fore
1477 765 1729 816 superiorem.

250 821 383 860 Tantis
409 823 586 874 equidem
612 824 660 861 ab
694 824 798 862 omni
824 832 934 875 parte
962 824 1254 863 difficultatibus
1286 825 1500 872 conflictor,
1522 834 1577 872 ut,
1606 841 1726 878 quum

249 884 313 923 alii
333 886 550 925 calumnias
571 887 809 925 orationibus
829 886 1012 933 refutent,
1035 900 1138 926 meas
1158 888 1412 940 Lysimachus
1433 890 1624 928 orationes
1646 903 1727 928 ma-

250 947 352 986 xime
368 948 592 995 traduxerit,
609 956 666 995 ut,
683 949 714 987 si
726 949 882 1000 quidem
897 950 1134 989 satisfecisse
1151 963 1280 988 causae
1295 950 1441 997 videar,
1455 951 1490 988 in
1510 964 1569 988 me
1583 951 1728 989 haerere

250 1017 436 1062 appareat
463 1012 701 1062 eloquentiae
732 1012 877 1050 crimen
901 1012 949 1050 ab
970 1025 1015 1050 eo
1042 1012 1131 1050 mihi
1153 1013 1329 1059 allatum,
1350 1013 1407 1050 sin
1438 1014 1589 1051 tenuius
1611 1028 1727 1064 quam

249 1085 320 1123 pro
341 1085 388 1110 ea
413 1073 705 1124 exspectatione
725 1086 841 1124 quam
869 1073 974 1125 apud
1001 1086 1071 1111 vos
1101 1074 1150 1112 de
1173 1087 1232 1112 me
1259 1074 1470 1113 concitavit
1495 1075 1727 1121 disseruero,

249 1146 311 1171 me
333 1147 493 1173 causam
522 1135 754 1174 deteriorem
779 1135 922 1174 habere
951 1136 1109 1187 putetis.
1168 1136 1252 1174 Vos
1280 1137 1397 1187 igitur
1427 1150 1492 1175 oro
1527 1144 1568 1175 ut
1598 1138 1724 1176 verbis

248 1196 458 1235 adversarii
477 1197 592 1235 fidem
612 1211 684 1235 nec
704 1197 882 1236 habeatis
903 1212 976 1236 nec
996 1198 1207 1249 abrogetis,
1228 1206 1437 1250 antequam
1459 1198 1726 1239 defensionem

250 1271 404 1310 quoque
424 1266 598 1297 nostram
620 1266 741 1297 totam
761 1259 1000 1306 audiveritis,
1018 1260 1238 1311 cogitantes
1260 1273 1589 1312 supervacaneum
1605 1262 1728 1301 fuisse

248 1322 321 1359 reis
342 1334 410 1372 pro
431 1335 470 1359 se
491 1321 645 1360 dicendi
667 1328 900 1372 potestatem
922 1321 1020 1369 dari,
1042 1322 1072 1360 si
1095 1335 1140 1360 ex
1163 1323 1399 1361 accusatoris
1422 1324 1593 1362 oratione
1621 1332 1727 1364 recte

249 1382 335 1420 ferri
361 1382 554 1421 sententia
578 1383 780 1434 potuisset.
839 1383 970 1429 Nunc,
993 1389 1120 1421 utrum
1142 1383 1242 1421 bene
1263 1396 1311 1422 an
1332 1397 1421 1422 vero
1450 1385 1550 1423 male
1568 1399 1725 1424 causam

249 1444 498 1495 peroraverit,
514 1458 629 1483 nemo
644 1445 708 1496 qui
725 1445 836 1483 adest
851 1445 1026 1496 ignorat:
1056 1459 1105 1484 an
1120 1452 1248 1484 autem
1261 1459 1353 1484 vera
1365 1445 1516 1491 dixerit,
1528 1447 1728 1497 judicibus

248 1519 295 1543 ex
315 1506 489 1544 oratione
511 1506 646 1558 prioris
666 1506 880 1557 intelligere
909 1520 987 1544 non
1015 1507 1068 1545 ita
1088 1514 1309 1558 promptum
1330 1514 1401 1553 est,
1422 1507 1491 1545 sed
1517 1508 1609 1546 boni
1631 1523 1726 1547 con-

249 1568 454 1607 sulendum
476 1568 507 1606 si
528 1581 575 1606 ex
596 1569 795 1618 utriusque
815 1568 941 1606 verbis
961 1567 1164 1606 veritatem
1185 1568 1322 1606 elicere
1344 1568 1509 1619 possint.

303 1633 341 1670 9.
374 1633 512 1684 Neque
532 1646 621 1670 vero
649 1645 715 1671 eos
747 1646 822 1683 ego
854 1633 970 1671 miror
999 1632 1066 1684 qui
1097 1632 1184 1684 plus
1212 1633 1394 1685 temporis
1424 1644 1662 1674 consumunt
1687 1636 1725 1674 in

249 1694 481 1732 accusandis
514 1694 789 1746 impostoribus
819 1707 937 1746 quam
971 1695 1009 1733 in
1044 1695 1263 1746 semetipsis
1298 1694 1569 1742 defendendis,
1600 1712 1726 1749 neque

247 1755 336 1794 illos
351 1756 465 1795 etiam
486 1756 551 1808 qui
570 1757 704 1794 dicunt
725 1770 918 1795 summum
941 1757 1086 1795 malum
1107 1769 1193 1795 esse
1213 1757 1472 1796 calumniam:
1506 1757 1598 1809 quid
1621 1756 1723 1793 enim

248 1831 295 1856 ea
322 1818 400 1857 fieri
432 1819 558 1870 possit
589 1818 903 1857 maleficentius?
932 1832 1020 1870 quae
1047 1818 1140 1856 facit
1170 1825 1213 1856 ut
1242 1818 1290 1856 de
1319 1819 1594 1857 mentientibus
1624 1819 1725 1856 bene

248 1880 502 1927 existimetur,
522 1888 567 1920 ut
591 1881 708 1932 plane
735 1881 966 1920 innocentes
995 1880 1120 1932 injurii
1151 1893 1239 1918 esse
1266 1880 1482 1928 videantur,
1503 1888 1546 1919 ut
1570 1880 1725 1932 judices

249 1943 436 1993 pejerent,
458 1957 543 1994 quae
572 1943 742 1993 denique
763 1943 934 1982 veritatis
956 1942 1083 1981 lucem
1111 1942 1338 1993 exstinguit,
1365 1949 1403 1980 et
1423 1942 1587 1994 caligine
1616 1955 1725 1980 men-

250 2003 449 2043 daciorum
467 2005 705 2043 auditoribus
720 2005 905 2043 involutis
917 2004 1090 2056 quemvis
1099 2004 1242 2042 civium
1257 2017 1322 2055 per
1334 2004 1510 2056 injuriam
1527 2002 1726 2042 interficit?

252 2067 384 2110 Quare
415 2066 701 2118 providendum
723 2066 833 2105 vobis
863 2073 924 2104 est
954 2079 1002 2104 ne
1035 2065 1109 2104 tale
1130 2065 1223 2117 quid
1246 2065 1466 2110 usuveniat,
1495 2071 1564 2103 aut
1588 2065 1660 2116 ipsi
1680 2078 1726 2103 ea

249 2129 499 2168 committatis
515 2143 602 2181 quae
623 2131 671 2168 ab
692 2129 774 2168 aliis
796 2129 898 2167 facta
917 2128 1257 2180 reprehenderitis.
1314 2128 1492 2166 Arbitror
1508 2136 1635 2166 autem
1654 2141 1724 2166 vos

249 2204 328 2230 non
348 2191 526 2242 ignorare
553 2200 727 2230 nostram
749 2192 885 2229 urbem
908 2204 1013 2242 saepe
1041 2190 1266 2242 poenituisse
1288 2190 1525 2241 judiciorum
1552 2203 1640 2241 quae
1659 2203 1727 2241 per

248 2252 486 2291 iracundiam
505 2253 631 2306 potius
650 2266 767 2305 quam
786 2267 826 2292 re
847 2253 1067 2291 examinata
1086 2253 1191 2291 facta
1216 2252 1389 2299 fuerunt,
1410 2252 1509 2290 adeo
1535 2258 1578 2289 ut
1609 2252 1725 2302 paulo

211 2314 214 2315 ⁷
247 2323 337 2369 post
356 2322 395 2354 et
413 2315 644 2366 impostores
663 2315 798 2367 punire
827 2315 1069 2363 desiderarit,
1090 2322 1131 2354 et
1149 2314 1355 2354 calumniis
1375 2327 1581 2366 oppressos
1609 2315 1725 2353 rebus

250 2378 305 2416 uti
328 2378 623 2416 secundioribus
640 2390 755 2428 quam
775 2377 881 2428 prius
902 2378 1060 2428 optarit.

309 2441 371 2478 10.
402 2440 500 2477 Haec
532 2439 648 2490 igitur
679 2438 850 2477 tenenda
887 2445 992 2484 sunt,
1026 2452 1075 2477 ne
1107 2439 1230 2477 verbis
1267 2444 1542 2478 accusatorum
1579 2444 1725 2477 temere

250 2501 428 2548 credatis,
449 2514 574 2552 neque
602 2514 691 2540 cum
722 2500 892 2538 tumultu
913 2506 952 2538 et
973 2500 1122 2538 saevitia
1141 2514 1291 2543 reorum
1319 2500 1638 2539 excusationibus
1658 2501 1727 2539 ad-

249 2563 468 2602 versemini.
526 2563 666 2614 Neque
681 2562 780 2601 enim
796 2562 909 2600 decet
923 2569 966 2600 ut
979 2561 1044 2613 qui
1061 2561 1145 2600 aliis
1161 2563 1201 2600 in
1214 2563 1327 2600 rebus
1341 2561 1556 2600 clementiae
1570 2562 1725 2600 nomine

249 2639 329 2678 prae
362 2625 515 2664 Graeeis
552 2625 731 2664 omnibus
761 2624 1040 2677 praedicamini,
1074 2624 1113 2661 in
1152 2623 1210 2662 his
1236 2623 1395 2675 judiciis
1434 2635 1481 2673 ea
1514 2623 1724 2662 videamini

251 2689 378 2726 facere
397 2701 485 2739 quae
504 2688 567 2726 isti
587 2687 663 2726 sint
681 2687 853 2739 opinioni
872 2685 1085 2730 contraria;
1119 2691 1171 2730 et,
1191 2698 1310 2736 quum
1332 2685 1422 2723 alibi
1442 2684 1555 2722 moris
1576 2685 1625 2723 sit
1645 2686 1725 2724 cal-

251 2750 426 2790 culorum
446 2757 593 2801 partem
616 2750 653 2787 in
667 2749 825 2801 judiciis
845 2748 1074 2800 capitalibus
1091 2747 1164 2785 reis
1180 2747 1284 2795 addi,
1298 2747 1403 2799 apud
1424 2760 1492 2785 vos
1510 2761 1577 2786 eos
1597 2749 1663 2799 qui
1684 2748 1724 2786 in

251 2811 464 2863 periculum
486 2811 644 2850 adducti
667 2818 758 2850 sunt
780 2810 969 2850 deteriore
988 2809 1104 2849 etiam
1124 2822 1209 2848 esse
1233 2809 1456 2848 conditione
1478 2822 1593 2861 quam
1617 2810 1728 2848 calu—-

251 2874 483 2917 mniatores;
515 2879 566 2920 et,
581 2887 700 2925 quum
716 2872 927 2926 quotannis
934 2871 1072 2925 juretis
1089 2884 1156 2910 vos
1172 2872 1310 2910 eadem
1324 2871 1509 2923 aequitate
1525 2871 1726 2911 audituros

249 2943 326 2975 tam
347 2949 433 2975 reos
453 2948 569 2986 quam
590 2942 853 2982 accusatores,
870 2941 947 2975 tam
967 2934 1083 2987 longe
1100 2935 1148 2973 ab
1163 2934 1424 2985 aequabilitate
1444 2933 1512 2973 illa
1527 2933 1726 2981 recedere,
