1870 3277
610 180 851 218 HELENAE
886 179 1185 217 LAUDATIO.
1558 181 1626 216 1:37

162 286 199 316 et
219 287 447 330 potestatem
468 281 635 320 divinam
656 289 865 320 consecuta
886 283 1046 332 primum
1067 283 1203 320 fratres
1230 285 1294 334 qui
1322 284 1401 321 fato
1425 284 1505 335 jam
1533 297 1627 321 con-

159 349 356 379 cesserant
385 343 482 380 inter
510 343 604 381 deos
633 343 786 380 retulit:
816 343 878 380 cui
909 343 1108 380 mutationi
1138 356 1257 393 quum
1287 345 1558 382 auctoritatem
1588 352 1627 381 et

161 401 273 438 fidem
295 402 428 440 afferre
446 403 572 450 vellet,
587 403 751 441 honores
772 403 824 440 ita
845 403 1068 441 manifestos
1089 404 1141 441 eis
1162 404 1282 449 dedit,
1304 411 1348 441 ut
1369 405 1405 441 in
1425 406 1518 442 mari
1540 418 1629 443 con-

160 464 282 513 specti
301 464 564 513 periclitantes
585 469 737 503 servent
755 464 977 515 quicunque
993 465 1097 514 ipsos
1112 465 1170 515 pie
1186 465 1413 502 invocarint.
1471 466 1627 504 Deinde

160 524 340 562 Menelao
362 533 504 563 tantam
526 524 687 576 gratiam
708 525 839 562 retulit
860 539 925 575 pro
946 525 1143 564 laboribus
1164 534 1202 563 et
1220 526 1400 576 periculis
1422 540 1491 564 sua
1508 539 1627 564 causa

160 587 366 636 susceptis,
391 593 434 623 ut
463 599 581 636 quum
612 599 738 636 genus
770 599 883 624 omne
915 587 1187 638 Pelopidarum
1215 588 1409 625 interisset
1434 588 1543 625 malis
1569 588 1626 625 in-

158 647 446 697 explicabilibus
480 660 724 697 oppressum,
752 660 830 684 non
864 655 1012 685 tantum
1043 661 1090 685 ex
1123 648 1197 686 illis
1226 649 1509 686 calamitatibus
1536 662 1624 686 eum

157 708 348 757 eripuerit,
370 709 438 745 sed
465 716 504 745 et
525 708 731 746 mortalem
760 709 841 759 ejus
868 717 1011 747 sortem
1043 709 1242 748 divinitate
1273 711 1429 748 mutarit
1459 724 1625 761 eumque

157 769 473 806 contubernalem
495 769 565 806 sibi
587 775 627 807 et
647 782 880 807 assessorem
903 770 940 807 in
962 783 1074 808 omne
1092 785 1217 808 aevum
1235 772 1492 810 constituerit.
1523 773 1627 814 Qua·
1670 792 1674 798 -

155 842 237 867 rum
259 830 348 866 mihi
370 843 495 868 rerum
517 831 798 881 Spartiatarum
824 831 915 868 urbs
944 831 1244 882 diligentissima
1263 834 1463 871 vetustatis
1492 840 1624 872 custos

153 903 193 928 re
213 891 297 941 ipsa
317 892 580 929 testimonium
603 892 840 943 perhibebit:
872 905 961 930 nam
979 894 1015 930 in
1033 893 1135 931 hunc
1151 907 1275 944 usque
1291 894 1391 932 diem
1408 895 1624 946 Therapnis

154 953 192 990 in
214 953 382 991 Laconia
403 953 524 1004 patrio
545 953 618 991 ritu
640 962 773 992 sancte
793 954 869 991 illis
885 967 994 992 sacra
1013 955 1174 1002 faciunt,
1197 969 1273 993 non
1293 962 1336 993 ut
1355 956 1534 994 heroibus
1556 957 1625 995 sed

153 1014 307 1064 utrique
326 1021 367 1051 ut
386 1013 497 1051 divis.

206 1078 272 1113 28.
304 1075 486 1113 Ostendit
507 1076 623 1114 etiam
644 1076 869 1114 Stesichoro
884 1085 1010 1128 poetae
1029 1091 1137 1116 suam
1154 1078 1365 1130 potentiam
1383 1092 1392 1116 ε
1421 1079 1486 1130 qui
1503 1092 1623 1130 quum

152 1138 259 1175 initio
281 1137 339 1174 sui
366 1138 546 1175 carminis
575 1151 659 1176 earn
688 1138 862 1176 nonnihil
893 1140 1179 1189 perstrinxisset
1206 1140 1434 1186 maledictis,
1457 1141 1624 1178 surrexit

151 1199 273 1237 oculis
294 1200 466 1244 orbatus,
489 1198 557 1236 sed
578 1200 642 1237 ubi
663 1212 782 1237 causa
802 1201 886 1250 ejus
907 1200 1138 1239 calamitatis
1161 1201 1361 1240 intellecta
1386 1201 1622 1252 palinodiam

150 1277 266 1314 quam
288 1271 428 1302 vocant
450 1264 552 1309 fecit,
573 1265 674 1302 illius
700 1265 887 1302 beneficio
914 1265 1038 1302 visum
1068 1266 1227 1316 recepit.
1287 1266 1509 1309 Quinetiam
1540 1267 1622 1304 Ho-

149 1325 379 1363 meridarum
398 1325 555 1375 quidam
573 1326 692 1372 aiunt,
708 1338 791 1362 eam
811 1333 927 1363 noctu
949 1326 1122 1364 Homero
1139 1326 1334 1364 adstitisse
1351 1340 1395 1364 ac
1412 1327 1620 1365 mandasse

148 1394 191 1424 ut
213 1386 260 1424 de
280 1387 324 1424 iis
345 1386 530 1423 scriberet
549 1387 614 1437 qui
635 1387 684 1424 ad
704 1387 857 1437 Trojam
878 1387 1121 1433 militassent,
1138 1401 1215 1438 quo
1234 1401 1335 1426 mors
1357 1401 1488 1426 eorum
1509 1396 1621 1439 opta-

147 1447 259 1485 bilior
286 1460 401 1498 quam
428 1447 588 1485 aliorum
609 1448 688 1485 vita
709 1448 956 1494 redderetur;
989 1462 1033 1486 ac
1055 1449 1201 1500 poesim
1221 1449 1315 1500 ejus,
1337 1463 1386 1487 ex
1407 1457 1513 1500 parte
1535 1451 1621 1500 qui-

149 1510 237 1547 dem
270 1509 431 1547 Homeri
460 1509 573 1546 etiam
606 1509 775 1553 solertia,
805 1509 843 1546 in
872 1509 1002 1560 primis
1031 1523 1123 1548 vero
1154 1519 1307 1562 propter
1335 1511 1539 1557 Helenam,
1557 1511 1620 1550 vita

149 1571 359 1621 gratiosam
379 1578 417 1609 et
438 1571 541 1621 apud
562 1584 696 1608 ornnes
717 1571 908 1609 celebrem
928 1584 1012 1609 esse
1034 1572 1189 1610 factam.

202 1633 268 1669 29.
301 1633 376 1670 Eos
396 1633 512 1683 igitur
531 1633 597 1683 qui
618 1633 755 1683 opibus
778 1632 926 1683 pollent
945 1632 1114 1671 donariis
1135 1641 1174 1671 et
1193 1633 1392 1671 sacrificiis
1414 1641 1452 1671 et
1472 1634 1619 1686 suppli—

148 1694 365 1732 cationibus
396 1694 625 1744 caeterisque
663 1693 831 1731 cultibus
862 1693 1018 1743 placare
1052 1701 1091 1733 et
1124 1695 1268 1733 honare
1302 1695 1415 1733 decet
1449 1709 1548 1742 eam,
1581 1705 1620 1734 et

147 1755 318 1793 eruditos
339 1756 480 1806 aliquid
503 1755 551 1793 de
573 1768 617 1793 ea
638 1754 766 1792 dicere
787 1754 890 1805 quod
914 1755 1109 1805 praeclaris
1131 1756 1252 1806 ipsius
1276 1755 1430 1794 dotibus
1457 1757 1618 1807 dignum

140 1817 348 1863 habeatur,
369 1824 411 1854 ut
430 1830 516 1867 quae
539 1824 620 1854 tum
649 1816 818 1866 irrogare
839 1829 990 1866 poenam
1018 1829 1099 1854 tum
1122 1817 1285 1868 gratiam
1309 1818 1447 1855 referre
1468 1818 1617 1868 possit:

145 1891 233 1915 nam
254 1878 460 1916 liberaliter
481 1878 677 1916 institutos
694 1878 791 1915 tales
809 1878 843 1915 ei
864 1877 1047 1928 primitias
1071 1879 1207 1917 offerre
1223 1879 1424 1917 convenit.

202 1941 265 1978 30.
297 1939 414 1977 Plura
445 1944 691 1977 sunt‘autem
723 1952 810 1988 quae
843 1940 1009 1989 praeterii
1040 1954 1154 1990 quam
1187 1955 1276 1991 quae
1301 1942 1615 1979 commemoravi.

147 2000 251 2038 Nam
270 2009 410 2052 praeter
431 2008 531 2038 artes
551 2008 589 2039 et
608 2001 808 2050 ingeniose
836 2000 1007 2050 cogitata
1035 2009 1276 2052 caeterasque
1306 2002 1505 2047 utilitates,
1527 2016 1616 2054 quae

144 2064 182 2100 in
205 2062 308 2099 illam
329 2061 616 2113 Trojanumque
633 2061 776 2098 bellum
793 2061 923 2099 referri
940 2063 1209 2114 ,possent,jure
1223 2063 1261 2100 id
1277 2077 1434 2114 quoque
1452 2064 1616 2102 Helenae

144 2124 399 2170 adscribetur,
431 2124 535 2174 quod
569 2124 739 2161 barbaris
774 2136 851 2161 non
883 2124 1084 2161 servimus.
1144 2125 1311 2163 Constat
1343 2126 1459 2171 enim,
1494 2139 1615 2176 quum

142 2193 299 2237 propter
332 2199 416 2223 eam
450 2185 581 2223 Graeci
614 2185 865 2223 concordiam
900 2185 1077 2223 iniissent
1108 2193 1147 2223 et
1177 2200 1421 2225 communem
1457 2188 1614 2238 expedi-

137 2248 283 2285 tionem
319 2255 455 2284 contra
487 2247 670 2284 barbaros
706 2246 987 2297 suscepissent,
1023 2254 1104 2285 tum
1138 2248 1300 2298 primum
1336 2249 1532 2299 Europam
1564 2250 1612 2287 de

143 2310 235 2348 Asia
263 2309 549 2359 triumphasse;
579 2309 684 2346 unde
711 2322 769 2346 rcs
797 2315 941 2345 nostrae
967 2308 1019 2345 ita
1051 2316 1211 2347 mutatae
1243 2316 1346 2356 sunt,
1368 2316 1411 2347 ut
1440 2312 1613 2360 superio-

141 2371 245 2408 ribus
267 2370 516 2421 temporibuS,
535 2370 565 2407 si
586 2370 650 2420 qui
671 2369 775 2421 apud
797 2370 981 2407 barbaros
1004 2370 1224 2409 calamitate
1244 2372 1531 2422 premebantur,
1547 2371 1614 2408 im-

136 2431 284 2482 perium
313 2433 347 2468 in
371 2431 530 2468 Graecas
560 2432 672 2468 urbes
703 2431 772 2468 sibi
802 2439 1039 2481 arrogarent,
1062 2445 1149 2469 nam
1173 2432 1337 2470 Danaus
1366 2445 1413 2469 ex
1434 2431 1610 2483 AEgypto

140 2493 327 2543 profugus
369 2493 494 2542 Argos
533 2492 751 2543 occupavit,
784 2492 958 2529 Cadmus
998 2492 1181 2530 Sidonius
1214 2493 1355 2530 Thebis
1396 2493 1609 2543 imperavit,

142 2554 260 2591 Cares
289 2553 433 2591 insulas
462 2559 683 2598 tenuerunt,
707 2553 848 2603 Pelops
870 2553 1025 2592 Tantali
1053 2554 1156 2592 {ilius
1183 2555 1397 2591 universam
1419 2554 1611 2606 Pelopon-

142 2629 278 2654 nesum
313 2615 489 2665 subegit:
524 2623 612 2666 post
645 2614 739 2651 illud
775 2622 904 2652 autem
936 2615 1079 2652 bellum
1113 2623 1256 2652 nostrae
1287 2615 1409 2665 gentis
1439 2628 1531 2666 opes
1559 2617 1611 2655 ita

141 2686 264 2714 auctae
285 2684 444 2722 sunt,ut
464 2684 504 2714 et
524 2688 683 2727 magnas
705 2678 820 2714 urbes
841 2676 878 2714 et
900 2676 1041 2714 multas
1064 2677 1278 2727 provincias
1295 2677 1467 2714 barbaris
1483 2679 1608 2729 eripu-

141 2737 223 2774 erit.
282 2739 426 2783 Quare,
447 2739 477 2775 si
506 2739 571 2789 qui
603 2745 693 2775 sunt
722 2737 785 2788 qui
812 2737 897 2775 haec
918 2738 1038 2775 velint
1066 2737 1240 2788 expolire
1270 2744 1308 2775 et
1333 2738 1508 2785 dilatare,
1533 2753 1608 2777 non

144 2798 198 2835 eis
221 2799 374 2836 occasio
402 2799 585 2837 defutura
611 2805 672 2836 est
691 2799 854 2836 Helenae
883 2805 992 2836 extra
1012 2810 1058 2835 ea
1076 2811 1164 2848 quae
1193 2798 1360 2836 diximus
1387 2799 1610 2846 laudandae,

144 2859 212 2896 scd
242 2859 363 2898 multa
389 2862 446 2911 [et
476 2859 679 2911 praeclara]
710 2867 749 2897 et
778 2871 878 2897 nova
905 2858 953 2897 de
979 2872 1025 2896 ea
1051 2858 1207 2898 dicendi
1238 2860 1398 2899 materia
1426 2862 1609 2913 suppedi-

144 2919 297 2957 tabitur.

863 2993 885 3011 w
