1870 3277
444 177 514 213 DE
543 175 875 214 ARISTARCHI
907 175 1264 212 HEREDITATE.
1494 177 1572 214 405

142 276 309 315 omnium
337 277 445 314 istaec
478 276 766 327 probabuntur?
822 276 906 326 Ego
929 275 1104 325 equidem
1133 276 1208 314 hoc
1237 277 1444 315 certissime
1476 285 1588 316 teneo

142 351 266 388 neque
281 339 533 376 Xenaenetum
554 352 674 388 neque
690 338 803 375 alium
815 349 1034 387 quenquam
1051 336 1188 374 docere
1205 349 1320 387 posse
1335 337 1584 376 hereditatem

146 399 244 437 hanc
264 399 312 436 ad
332 406 487 437 matrem
510 412 629 438 meam
656 400 707 436 nil
729 398 930 449 quicquam
952 397 1155 448 pertinere,
1180 411 1290 447 quam
1310 399 1344 435 ei
1365 399 1478 436 frater
1508 399 1592 436 De-

148 459 344 500 mochares
360 461 526 510 reliquit:
554 460 694 509 quodsi
705 466 830 498 tamen
846 458 1089 496 nihilominus
1103 465 1236 496 contra
1251 458 1419 496 audeant
1428 460 1587 505 hiscere,

143 521 276 572 jubete
296 521 382 560 illos
402 529 439 559 et
457 522 580 571 legem
602 521 702 558 illam
722 520 834 559 edere
861 520 1068 558 secundum
1089 533 1204 570 quam
1224 520 1325 557 facta
1347 521 1395 558 sit
1422 521 1592 559 Aristar.-

151 582 212 620 chi
239 582 430 633 [junioris]
459 582 667 632 adoptatio,
688 588 726 619 et
749 593 836 619 eum
856 582 1049 619 nominare
1069 581 1134 631 qui
1156 581 1366 631 adoptavit.
1427 582 1588 632 AEquum

153 643 250 680 enim
271 643 310 680 id
332 650 404 680 est.
434 642 550 692 Atqui
573 643 686 692 probe
708 643 794 680 novi
815 655 880 680 eos
895 655 970 680 non
992 642 1160 680 facturos
1182 655 1304 693 neque
1321 655 1434 693 posse
1450 643 1590 680 facere.

205 704 247 742 6.
277 703 336 741 De
357 704 415 740 his
435 703 576 752 itaque,
594 703 698 752 quod
725 703 916 741 hereditas
944 703 1027 740 haec
1053 703 1164 741 matri
1188 717 1283 741 meae
1306 704 1353 741 de
1379 704 1466 754 jure
1486 716 1590 742 com-

154 772 260 817 petat
277 772 315 803 et
327 778 349 803 a
362 765 545 815 principio
566 764 654 803 inde
673 765 755 816 ejus
770 766 895 811 fuerit,
915 773 955 802 et
973 764 1078 815 quod
1091 773 1210 803 mater
1223 778 1308 802 mea
1322 778 1388 816 per
1401 778 1595 804 summum

155 828 262 866 nefas
278 827 358 877 ejus
381 826 609 876 usucapione
628 827 676 864 ab
695 826 752 864 his
773 827 928 864 exclusa
943 826 1004 872 sit,
1017 827 1176 864 arbitror
1190 840 1250 865 me
1264 828 1356 864 satis
1377 827 1594 877 disputasse

153 895 268 938 atque
296 887 445 937 planam
477 887 711 938 evictamque
732 901 806 925 rem
839 888 992 926 dedisse
1021 894 1101 925 tum
1131 900 1197 938 per
1223 901 1268 925 ea
1288 900 1374 937 quae
1404 888 1596 939 disputavi

156 956 236 987 tum
265 962 332 1000 per
361 949 632 986 affirmationes
662 950 817 987 testium
847 956 884 987 et
914 950 1079 1000 denique
1108 962 1176 1000 per
1205 949 1332 1000 legum
1367 949 1595 987 sanctiones.

156 1011 300 1047 Verum
321 1009 359 1048 hi
381 1009 452 1060 ipsi
473 1009 695 1060 [adversarii
721 1010 811 1059 mei]
838 1010 907 1049 sibi
935 1010 1078 1050 conscii
1104 1018 1194 1048 sunt
1212 1023 1234 1048 a
1252 1023 1292 1048 se
1311 1011 1412 1048 bona
1430 1009 1513 1048 haec
1531 1022 1598 1061 per

156 1072 264 1111 nefas
283 1071 415 1118 teneri,
436 1077 474 1108 et
502 1071 685 1122 injustitia
708 1071 801 1122 ipsis
828 1085 895 1110 sua
913 1079 989 1110 tam
1010 1079 1070 1110 est
1094 1071 1236 1122 liquida
1255 1079 1293 1110 et
1312 1071 1511 1122 perspicua
1538 1079 1595 1116 ut,

156 1141 280 1172 tutum
300 1146 377 1173 non
396 1133 620 1175 arbitrantes
641 1147 680 1171 se
706 1134 786 1173 solo
805 1134 869 1173 illo
888 1135 956 1173 niti
975 1141 1201 1185 argumento
1221 1134 1323 1184 quod
1352 1134 1596 1173 Aristarchus

158 1196 327 1247 legitime
354 1195 558 1246 adoptatus
589 1196 650 1241 sit,
669 1195 785 1233 etiam
810 1195 936 1234 adhuc
964 1196 1066 1234 aliud
1095 1195 1164 1234 sibi
1189 1195 1409 1246 praesidium
1439 1195 1598 1233 circurn-

159 1257 335 1308 spiciant,
354 1264 497 1308 patrem
519 1256 665 1295 scilicet
683 1257 789 1295 aiunt
804 1271 915 1296 suum
933 1258 1046 1309 hujus
1065 1257 1286 1296 hereditatis
1304 1271 1395 1308 ergo
1414 1258 1597 1296 mulctam

159 1318 198 1356 in
229 1318 310 1356 foro
336 1318 538 1369 irrogatam
569 1318 617 1357 de
646 1319 799 1370 peculio
830 1333 900 1357 suo
930 1319 1187 1370 dependisse;
1215 1332 1292 1370 quo
1323 1319 1495 1371 perfugio
1523 1318 1598 1357 hoc

158 1392 293 1430 nempe
313 1385 490 1430 quaerunt
514 1386 569 1424 ut,
590 1380 621 1416 si
642 1381 734 1418 satis
760 1381 909 1418 firmum
934 1380 1152 1432 praesidium
1179 1381 1218 1418 in
1248 1381 1490 1431 adoptatione
1514 1380 1596 1417 Ari-

159 1440 300 1481 starchi
315 1441 440 1478 minus
460 1440 509 1478 sit
529 1454 652 1491 neque
671 1441 858 1479 hactenus
877 1442 1079 1480 videantur
1093 1443 1195 1479 bona
1210 1442 1440 1493 nostrajure
1455 1442 1598 1492 optimo

157 1508 301 1548 tenere,
328 1501 453 1541 saltim
474 1509 602 1540 tamen
622 1515 668 1541 ex
696 1502 815 1541 altero
839 1503 904 1541 illo
924 1503 1035 1541 titulo
1054 1503 1140 1540 aeris
1169 1503 1329 1554 depensi
1351 1503 1416 1554 jus
1437 1502 1599 1554 aliquale

157 1561 407 1601 hereditatem
425 1562 527 1602 illam
542 1576 609 1614 pro
631 1563 741 1603 arrha
758 1564 867 1615 quasi
883 1564 1070 1602 retinendi
1083 1564 1174 1615 ipsis
1189 1565 1395 1602 accessisse
1409 1564 1598 1602 videatur.

160 1623 245 1674 Ego
272 1637 374 1670 vero,
399 1624 562 1674 judices,
593 1625 704 1664 etiam
732 1625 805 1663 hoc
835 1639 900 1664 eos
935 1626 1098 1669 mentiri,
1126 1625 1284 1676 planum
1312 1626 1418 1664 vobis
1446 1626 1595 1664 faciam‘

160 1685 260 1724 Nam
282 1686 311 1723 si
340 1699 420 1724 sors
445 1686 528 1724 haec
558 1699 631 1724 aere
661 1687 785 1725 alieno
804 1700 988 1737 oppressa
1014 1686 1162 1732 fuisset,
1192 1699 1307 1736 quam
1335 1686 1442 1724 aiunt
1464 1686 1597 1731 fuisse,

160 1759 237 1786 non
258 1746 294 1786 hi
316 1747 486 1798 profecto
517 1759 586 1797 pro
606 1747 670 1786 illa
696 1756 798 1786 sorte
818 1748 977 1786 luissent
995 1748 1042 1785 de
1070 1761 1202 1785 suo—
1220 1760 1344 1798 neque
1365 1748 1464 1785 enim
1493 1760 1597 1785 com-

160 1809 315 1859 petebat
333 1808 404 1846 hoc
419 1808 522 1858 ipsis,
543 1809 609 1848 sed
624 1809 694 1848 illis
713 1810 851 1860 quibus
866 1811 928 1861 jus
942 1817 980 1848 et
1000 1817 1168 1860 potestas
1188 1816 1269 1847 erat
1288 1816 1446 1848 matrem
1462 1823 1596 1855 meam,

161 1877 204 1908 ut
239 1871 422 1921 virginem
459 1870 635 1912 heredem
665 1872 822 1916 factam,
859 1872 929 1910 sibi
966 1871 1001 1908 in
1034 1871 1314 1909 matrimonium
1348 1870 1597 1921 deposcendi,

161 1933 320 1983 ejusque
347 1933 671 1984 adjudicationem
692 1947 714 1972 a
729 1933 923 1984 judicibus
949 1933 1203 1983 impetrandi;
1233 1933 1304 1970 hos
1327 1934 1527 1983 oportebat
1550 1932 1598 1971 de

160 1993 285 2031 alieno
313 2007 388 2032 aere
413 1995 596 2034 reluendo
625 1995 820 2046 providere
840 2018 904 2039 —‚
924 2007 1045 2044 neque
1075 1994 1244 2044 profecto
1271 1994 1532 2032 Aristarchum
1558 1994 1597 2031 in

161 2053 347 2104 ejusmodi
362 2063 500 2093 sortem
515 2057 721 2095 obaeratam
737 2056 995 2101 immisissent,
1011 2068 1033 2093 a
1045 2068 1122 2105 qua
1133 2055 1429 2093 emolumentum
1443 2056 1599 2106 quidem

162 2114 324 2152 ablaturi
342 2123 449 2153 erant
466 2117 627 2164 nullum,
647 2118 789 2157 damna
802 2124 928 2155 autem
945 2117 1125 2167 ingentia.
1183 2115 1256 2154 Alii
1275 2117 1441 2167 quidem,
1460 2117 1598 2167 quibus

161 2190 220 2215 res
241 2178 454 2216 domestica
469 2192 621 2230 pessum
635 2180 728 2226 ierit,
742 2192 892 2230 operam
909 2179 1004 2216 dant
1015 2186 1056 2216 ut
1069 2177 1174 2216 liberi
1188 2179 1242 2216 sui
1257 2178 1400 2216 alienas
1415 2178 1451 2216 in
1465 2180 1600 2217 domos

162 2240 460 2290 emancipentur,
491 2248 534 2279 ut
560 2249 731 2280 exsortes
758 2241 925 2279 infamiae
949 2240 1043 2278 fiant
1067 2240 1148 2292 ejus
1179 2253 1256 2290 qua
1279 2247 1407 2291 patres
1436 2240 1600 2291 perculsi

160 2299 349 2339 fuissent:
379 2301 416 2339 hi
437 2310 577 2348 autem,
601 2303 759 2347 scilicet,
780 2304 815 2341 in
843 2303 1092 2340 substantiam
1122 2303 1327 2340 obaeratam
1355 2302 1454 2339 ultro
1479 2309 1601 2340 semet

161 2362 353 2413 ingerunt,
374 2370 416 2404 ut
434 2378 509 2404 non
530 2365 653 2404 solum
682 2365 814 2404 alienis
843 2365 981 2403 debitis
1002 2365 1252 2411 satisfaciant,
1273 2365 1339 2403 sed
1360 2364 1473 2402 etiam
1499 2365 1599 2402 bona

161 2424 234 2474 ipsi
264 2438 334 2462 sua
359 2426 532 2476 perdant.
592 2427 682 2465 Alia
708 2427 847 2465 omnia.
904 2427 1030 2465 Nolite
1060 2427 1228 2473 credere,
1250 2426 1415 2477 judices.
1474 2426 1598 2476 Nugae

161 2485 221 2522 hae
240 2494 331 2524 sunt
348 2495 386 2524 et
405 2488 620 2538 praestigiae..
651 2488 741 2526 Sors
762 2489 845 2527 haec
864 2489 948 2527 aeris
967 2489 1078 2526 alieni
1101 2497 1180 2526 erat
1200 2501 1330 2526 exsors
1351 2495 1389 2526 et
1408 2488 1476 2525 soli
1491 2488 1599 2526 matri

162 2558 258 2584 meae
291 2547 339 2585 de
366 2547 453 2598 jure
484 2551 748 2601 competebat:
778 2549 816 2588 hi
853 2556 996 2594 autern,
1025 2562 1047 2587 a
1078 2548 1285 2599 cupiditate
1317 2561 1387 2586 sua
1418 2548 1601 2586 stimulati

163 2619 338 2646 nummos
358 2615 397 2646 et
423 2621 514 2659 opes
534 2622 758 2650 coacervare
784 2610 985 2659 gestiente,
1004 2609 1086 2647 haec
1105 2610 1232 2648 omnia
1250 2611 1317 2647 sibi
1338 2610 1542 2648 commenti
1563 2617 1602 2648 et

165 2667 370 2707 machinati
389 2677 477 2708 sunt
495 2683 572 2721 quo
591 2678 747 2710 matrem
767 2685 889 2711 meam
903 2674 989 2719 jure
1008 2670 1193 2721 bonisque
1215 2671 1292 2709 suis
1314 2670 1599 2710 defraudarent.

219 2730 256 2767 7.
286 2729 369 2767 Erit
383 2731 538 2769 forsitan
558 2732 595 2770 in
616 2746 773 2772 numero
793 2740 931 2777 vestm,
948 2732 1116 2783 judices,
1137 2732 1202 2781 qui
1221 2732 1387 2776 miretur,
1409 2745 1476 2770 cur
1489 2733 1598 2770 bonis

166 2790 304 2829 nostris
324 2804 389 2841 per
409 2799 484 2829 tam
503 2793 753 2845 longinquum
775 2793 955 2844 temporis
974 2793 1135 2844 spatium
1155 2793 1298 2832 exclusi
1316 2795 1545 2833 tacuerimus
1564 2802 1602 2833 et

168 2864 271 2889 nunc
297 2852 449 2892 demum
475 2866 520 2892 ea
548 2856 782 2905 postulatum
816 2855 1024 2893 veniamus.
1082 2855 1168 2906 Ego
1201 2868 1290 2894 vero
1318 2869 1470 2906 aequum
1498 2857 1600 2896 haud

167 2926 307 2953 censeo
327 2927 413 2954 esse
433 2927 501 2954 nos
520 2915 605 2956 ideo
632 2930 750 2958 causa
778 2917 914 2955 cadere
933 2924 998 2954 aut
1018 2916 1104 2966 jura
1130 2917 1236 2956 nobis
1263 2925 1390 2957 nostra
1417 2918 1599 2964 imminui,
