1870 3277
259 171 334 206 444
840 167 1109 206 DINARCHI

259 270 462 312 exsistant,
484 268 513 306 si
535 269 711 320 mysteria
731 270 995 319 perficiantur3
1027 282 1185 320 quorum
1208 270 1311 320 quod
1329 270 1418 307 nihil
1445 271 1585 309 habeat
1609 283 1698 308 con-

259 331 410 379 tingens
430 329 664 379 Aristogiton
693 330 760 379 ipsi
793 331 968 368 ostendo.
1028 332 1128 367 Loco
1155 331 1252 368 enim
1282 344 1357 380 quo
1384 332 1601 381 parentibus
1621 332 1700 370 suis

257 391 514 435 benefaceret,
533 391 595 427 ille
621 392 828 439 genitorem
857 405 968 429 suum
990 392 1154 442 pessime
1176 392 1349 441 excepit:
1380 392 1535 442 quando
1556 406 1643 430 vero
1664 394 1699 429 in

258 452 390 503 praelio
417 465 484 489 vos
505 465 636 489 omnes
669 452 932 498 desudabatis,
959 453 1019 490 ille
1041 454 1076 488 in
1097 451 1258 489 vinculis
1287 452 1553 491 delitescebat:
1585 454 1700 491 talem

257 526 362 559 vero,
384 513 650 555 Athenienses,
676 514 733 550 sui
763 513 983 551 memoriam
1010 514 1156 564 parenti
1189 526 1257 550 suo
1289 514 1426 551 habere
1457 515 1636 564 permisit,
1662 524 1703 552 ut

259 588 381 626 neque
402 575 438 612 in
462 575 606 611 Eretria
625 574 794 623 genitore
816 587 885 611 suo
915 582 1034 611 morte
1063 576 1266 625 absumpto
1287 574 1396 612 isthic
1417 575 1448 612 ei
1469 575 1576 624 justa
1595 587 1700 612 cura·

256 637 375 674 verit:
419 636 500 673 aliis
533 647 621 672 vero
654 636 949 673 Atheniensibus
984 637 1165 673 tributum
1193 650 1239 673 ex
1269 637 1430 687 propriis
1457 637 1702 675 facultatibus

255 697 575 748 persolventibus,
591 696 651 733 ille
668 710 714 734 ne
736 709 783 734 ex
800 697 960 747 publicis
980 697 1130 747 quidem
1148 698 1282 747 hisque
1299 698 1490 735 obnoxius
1507 707 1701 749 argentum

258 771 370 796 omne
398 758 590 808 persolvit.
649 757 700 795 Ut
725 758 866 795 clarius
897 758 1035 804 dicam,
1055 761 1263 797 contrarias
1295 761 1450 797 omnino
1476 773 1534 798 res
1555 761 1703 811 legibus

259 819 445 857 universis
465 819 638 870 perfecit,
659 832 822 869 eumque
846 819 970 857 solum
990 819 1092 869 quod
1123 833 1169 856 ex
1186 821 1385 872 Areopa—go
1414 821 1616 859 concilium
1647 822 1704 858 his

257 882 322 932 qui
341 881 584 932 inquirebant
603 889 865 931 noverantque
885 881 1077 918 exhibuit:
1110 894 1232 931 neque
1252 883 1352 919 enim
1374 895 1440 920 vos
1457 884 1503 920 ab
1524 896 1570 921 eo
1590 883 1704 920 inter-

257 942 379 994 rogati
408 942 620 992 improbum
655 942 768 978 istum
798 942 1058 992 injustumque
1086 954 1171 979 esse
1208 944 1456 992 cognoscitis,
1488 944 1556 980 sed
1585 957 1704 981 unus-

256 1004 419 1054 quisque
439 1009 609 1040 vestrum
638 1001 747 1039 istius
775 1002 983 1052 nequitiam
1003 1003 1157 1054 penitus
1177 1004 1293 1040 novit.
1332 1004 1391 1041 Ita
1409 1010 1450 1041 ut
1469 1004 1569 1041 istud
1593 1011 1707 1042 antea

255 1077 344 1102 vere
364 1063 508 1101 dictum
529 1063 666 1100 iterum
686 1062 892 1100 dicendum
914 1070 986 1109 est,
1015 1076 1084 1101 vos
1120 1064 1349 1101 sententiam
1375 1064 1422 1102 de
1450 1064 1516 1102 illo
1551 1065 1705 1115 quidem

255 1126 416 1171 laturos,
433 1124 480 1163 de
497 1124 604 1162 vobis
625 1136 713 1161 vero
729 1124 961 1162 circumfusa
980 1124 1184 1162 multitudo
1205 1125 1412 1175 caeterique
1426 1137 1571 1162 omnes.

311 1188 348 1224 5.
379 1186 507 1229 Quare
541 1191 579 1222 et
610 1184 839 1234 prudentum
872 1193 931 1223 est
961 1185 1152 1236 judicum,
1188 1185 1455 1231 Athenienses,
1477 1198 1602 1236 neque
1636 1187 1705 1224 sibi

255 1248 348 1300 ipsis
375 1259 592 1298 repugnans
613 1247 811 1284 decretum
831 1259 956 1297 neque
986 1248 1161 1285 omnibus
1195 1246 1279 1284 aliis
1299 1247 1598 1285 Atheniensibus
1618 1261 1706 1298 pro-

257 1310 448 1354 nuntiare,
470 1309 537 1347 sed
569 1308 649 1359 pari
676 1321 870 1346 consensu
897 1322 1030 1346 omnes
1058 1309 1255 1347 sententiis
1277 1310 1411 1347 vestris
1431 1309 1706 1348 condemnatos

253 1371 299 1409 iis
320 1371 369 1409 ad
397 1370 438 1408 id
460 1382 600 1407 munus
621 1370 841 1407 constitutis
862 1377 983 1408 morte
1000 1370 1241 1408 mulctandos
1264 1370 1427 1415 tradere,
1447 1384 1572 1420 neque
1592 1372 1707 1409 etiam

255 1433 432 1471 deserere
469 1444 592 1481 neque
624 1430 822 1481 negligere
856 1438 1027 1469 sanctam
1067 1439 1245 1482 recteque
1271 1432 1434 1482 juratam
1464 1432 1705 1478 sententiam,

255 1505 442 1531 memores
460 1493 516 1529 uti
552 1505 638 1529 eum
668 1492 873 1529 concilium
908 1492 1103 1529 damnavit
1137 1506 1182 1530 eo
1217 1492 1320 1543 quod
1353 1499 1485 1530 contra
1504 1506 1570 1530 vos
1602 1492 1706 1530 dona

251 1555 450 1605 receperit,
474 1554 527 1591 ita
545 1567 629 1591 eum
655 1561 762 1603 pater
790 1566 883 1590 suus
903 1553 1009 1590 vivus
1037 1555 1279 1603 moriensque
1306 1553 1488 1604 injustum
1510 1567 1595 1592 esse
1621 1568 1706 1604 pro·

252 1615 457 1659 nuntiavit,
485 1614 554 1652 sed
579 1614 671 1665 quid
699 1614 909 1651 mitioribus
937 1621 1023 1651 utor
1055 1614 1209 1651 verbis?
1249 1616 1363 1652 istum
1391 1622 1512 1652 morte
1545 1614 1705 1665 dignum

254 1677 450 1715 aestimans
481 1675 585 1713 vobis
617 1675 664 1712 ad
696 1675 942 1726 plectendum
971 1675 1134 1726 populus
1167 1675 1337 1713 tradidit.
1397 1675 1464 1713 Ille
1492 1676 1555 1726 qui
1586 1677 1705 1715 multa

254 1737 419 1789 pessime
434 1745 658 1788 perpetrans
675 1737 711 1774 in
728 1737 868 1774 talibus
890 1736 1119 1787 injustorum
1140 1738 1305 1787 negotiis
1326 1750 1428 1774 nunc
1444 1737 1708 1788 deprehensus

253 1806 325 1845 est,
344 1800 382 1837 in
402 1799 541 1850 quibus
562 1799 857 1849 ignominiosum
880 1799 986 1835 vobis
1012 1805 1115 1835 esset
1141 1798 1370 1836 sententiam
1390 1799 1520 1836 laturis
1540 1800 1704 1850 impuni-

253 1868 335 1898 tum
364 1860 470 1897 illum
492 1860 695 1897 dimittere.
753 1859 840 1902 Qua
859 1858 974 1907 igitur
992 1859 1152 1903 ratione,
1170 1859 1436 1903 Athenienses,
1463 1859 1511 1897 de
1541 1860 1623 1897 aliis
1652 1863 1704 1899 rei

252 1921 423 1972 quaesitae
450 1921 738 1972 probationibus
770 1920 999 1957 sententiam
1031 1919 1189 1957 feretis?
1229 1927 1266 1957 et
1294 1920 1490 1970 quomodo
1521 1921 1704 1971 tergiver-

254 1982 423 2020 sationes
444 1995 575 2019 eorum
594 1981 657 2031 qui
690 1981 859 2019 accusati
889 1987 977 2018 sunt
1005 1980 1291 2031 dijudicabitis?
1319 1981 1378 2019 vel
1408 1995 1474 2032 per
1507 1982 1599 2032 quid
1631 1982 1705 2022 hoc

253 2042 358 2094 quod
377 2042 579 2080 concilium
600 2041 753 2092 quidem
774 2042 945 2079 exhibuit
965 2041 1044 2078 auri
1065 2049 1280 2092 receptores
1312 2042 1410 2080 serio
1439 2043 1703 2091 manifestetis,

246 2104 400 2155 veljam
421 2116 468 2141 ex
488 2103 563 2142 alio
594 2102 736 2141 indicio
768 2102 1044 2140 condemnatos
1073 2102 1301 2140 exsistentes
1331 2103 1526 2154 puniatis?
1583 2104 1701 2144 Porro

250 2178 375 2215 neque
395 2164 609 2214 singulares
634 2164 748 2201 hasce
766 2164 999 2214 quaestiones
1020 2170 1154 2201 contra
1183 2177 1250 2202 eos
1277 2165 1380 2202 solos
1411 2165 1476 2215 qui
1507 2179 1608 2203 nunc
1637 2180 1704 2217 pro

244 2228 391 2280 judicio
409 2226 579 2264 damnati
598 2234 688 2264 sunt
707 2240 791 2264 esse
812 2226 1058 2271 arbitramini,
1073 2227 1140 2264 sed
1160 2239 1383 2264 communes
1405 2227 1588 2265 adversus
1610 2228 1702 2267 alios

250 2289 445 2327 mortales.
502 2288 551 2324 Et
579 2299 667 2324 vero
698 2301 896 2325 munerum
928 2288 1079 2338 largitio
1109 2288 1350 2339 proditioque
1378 2287 1492 2326 hodie
1513 2289 1615 2339 apud
1635 2303 1703 2328 vos
1728 2331 1731 2335 ,

251 2347 495 2402 dijudicanda
515 2348 679 2386 duorum
701 2348 862 2386 alterum
885 2349 1095 2399 praestabit,
1109 2349 1169 2387 vel
1188 2349 1283 2387 alios
1310 2349 1348 2385 in
1370 2361 1462 2386 auro
1478 2350 1703 2400 accipiendo

251 2418 387 2450 eontra
402 2423 472 2448 vos
492 2409 717 2447 audaciores
738 2417 871 2460 utpote
888 2423 1037 2460 poenam
1054 2424 1129 2448 non
1150 2410 1321 2457 daturos,
1336 2409 1395 2447 vel
1415 2416 1588 2448 verentes
1608 2411 1704 2449 acci-

249 2486 338 2524 pere
358 2471 557 2509 criminum
574 2470 753 2508 videlicet
766 2483 883 2521 poena
900 2471 1174 2521 accipientibus
1190 2470 1411 2509 constituta.
1459 2471 1520 2507 An
1535 2471 1702 2527 nescitis,

250 2535 340 2586 quia
367 2540 407 2572 et
434 2546 538 2571 nunc
558 2533 672 2570 vestri
703 2533 816 2570 timor
849 2546 979 2571 secum
1008 2545 1118 2583 super
1146 2533 1231 2571 haee
1259 2539 1471 2571 statuentes
1491 2545 1701 2583 aurumque

249 2602 384 2634 contra
410 2607 480 2632 vos
507 2594 716 2632 adveniens
748 2593 936 2632 adhibeat·
956 2592 1122 2643 facitque
1155 2606 1230 2631 non
1259 2606 1343 2631 raro
1369 2606 1390 2629 a
1416 2593 1637 2631 muneribus
1659 2602 1698 2633 et

251 2657 423 2695 sordibus
449 2655 677 2694 abhorrere?
734 2655 785 2693 Et
810 2655 938 2706 populi
962 2655 1172 2700 decretum,
1193 2655 1296 2705 quod
1320 2654 1522 2692 concilium
1545 2656 1592 2693 de
1620 2655 1694 2693 illis

250 2718 330 2756 auri
354 2718 574 2756 muneribus
593 2718 784 2768 inquirere
798 2717 980 2768 postulat,
999 2730 1128 2755 nonne
1149 2729 1281 2754 aurum
1299 2717 1334 2753 in
1354 2716 1549 2767 regionem
1571 2717 1689 2755 adve-

250 2778 385 2816 hentes
399 2779 510 2817 fateri
530 2778 746 2830 compulit?
790 2778 929 2816 Pulcre
948 2791 1073 2830 porro,
1095 2777 1363 2822 Athenienses,
1383 2778 1515 2829 pulcre
1534 2780 1697 2829 majores

250 2839 368 2877 nostri
394 2852 508 2889 super
537 2839 622 2877 haec
652 2839 907 2877 deliberantes
942 2840 1157 2877 columnam
1189 2839 1226 2876 in
1260 2852 1383 2877 arcem
1404 2839 1696 2885 transtulerunt,

247 2899 336 2949 quia
372 2898 584 2937 Arthmium
622 2899 874 2950 Pythonactis
920 2900 1185 2938 Zeleutensem
1217 2912 1351 2938 aurum
1384 2899 1628 2948 inquirebant
1658 2900 1695 2938 in
