1870 3277
250 195 299 230 ⁶4
845 204 1134 243 JSOCRATls

244 309 283 338 et
304 302 474 341 honestis
503 306 720 344 actionibus
753 308 950 355 refertum,
983 310 1065 360 ejus
1087 309 1239 360 generis
1261 315 1387 348 tamen
1419 311 1483 362 qui
1507 311 1625 349 virum
1657 310 1725 349 de-

244 364 389 402 sideret
423 380 500 403 non
532 381 650 418 parva
678 369 901 420 eloquentia
926 371 1147 422 praeditum.
1206 372 1248 408 In
1280 385 1395 422 quem
1417 374 1446 410 si
1471 374 1602 425 junior
1630 373 1725 411 inci-

244 426 404 473 dissem,
438 437 578 467 vestrae
608 431 765 469 familiae
802 440 1002 470 auctorem
1037 441 1075 471 et
1116 433 1323 484 prudentia
1354 442 1393 472 et
1426 435 1653 473 liberalitate
1689 441 1728 472 et

241 488 396 539 justitia
416 492 504 542 plus
529 494 804 532 antecelluisse
822 495 1060 546 superiorum
1084 503 1299 546 temporum
1315 495 1727 534 hominibusomnibus

247 565 365 600 quam
405 555 542 593 robore
576 557 747 611 corporis
780 558 892 595 facile
922 557 1276 596 demonstrassem:
1308 572 1412 596 nunc
1452 559 1516 596 ubi
1548 558 1596 596 ad
1621 558 1726 596 illum

249 615 412 659 accessi,
432 624 469 654 et
489 631 607 667 quam
629 619 750 656 multa
771 619 938 657 dicendo
956 620 1189 671 explicanda
1216 621 1332 657 insint
1352 621 1443 665 vidi,
1467 634 1552 658 Cum
1583 621 1728 671 ingenii

246 676 473 716 facultatem
509 695 597 731 quae
630 681 702 719 hoc
742 689 915 734 tempore
950 683 1039 720 mihi
1075 689 1134 720 est
1172 683 1353 733 imparem
1387 697 1472 721 csse
1508 685 1728 734 argumenti

249 740 426 789 gravitati
458 742 649 794 intelligo,
681 751 761 781 tum
793 747 1007 782 orationem
1040 744 1160 795 duplo
1194 744 1273 782 fore
1309 745 1521 796 longiorem
1554 745 1727 783 animad-

247 808 368 838 verto.
427 803 589 842 Caeteris
610 805 724 855 igitur
745 805 804 844 his
826 806 875 843 de
897 806 1026 844 causis
1049 807 1264 856 praeteritis,
1288 819 1401 844 unam
1424 807 1516 844 inde
1533 808 1725 845 actionem

246 862 387 913 delegi,
420 879 507 916 quae
538 867 695 917 quidem
718 877 888 918 cognata
916 876 956 906 et
983 869 1218 906 conveniens
1249 869 1307 907 his
1329 877 1390 907 est
1419 884 1508 920 quae
1539 870 1729 921 praedicta

247 933 353 970 sunt,
369 934 407 963 et
429 941 555 979 neque
577 928 728 968 brevior
749 943 875 981 neque
893 930 1073 982 prolixior
1090 944 1203 981 quam
1222 944 1267 968 ea
1283 945 1371 982 quae
1392 931 1560 970 dicenda
1579 939 1729 970 restant

249 989 467 1036 postulent.

304 1053 369 1089 47.
401 1053 504 1091 Nam
523 1053 555 1092 is
576 1066 696 1104 quum
719 1054 879 1092 vidisset
899 1054 1092 1092 Graeciam
1115 1055 1260 1093 fervere
1275 1055 1385 1092 bellis
1408 1061 1446 1093 et
1468 1055 1724 1093 seditionibus

246 1123 285 1153 et
306 1115 437 1152 multis
468 1115 553 1153 aliis
576 1115 696 1161 malis,
725 1117 859 1166 sopitis
888 1116 962 1154 illis
994 1124 1032 1154 et
1054 1130 1150 1167 pace
1174 1117 1273 1154 inter
1294 1117 1410 1154 urbes
1441 1117 1546 1154 facta
1566 1117 1726 1155 demon-

249 1177 386 1215 stravit
418 1177 598 1227 posteris,
629 1177 772 1228 quibus
801 1178 915 1215 sociis
942 1178 1100 1216 adscitis
1134 1186 1270 1215 contra
1298 1191 1394 1228 quos
1426 1177 1530 1215 bella
1560 1179 1731 1229 gerenda

247 1245 394 1277 essent.
438 1239 543 1289 [Nec
563 1239 664 1276 enirn
685 1240 763 1277 otio
784 1246 824 1277 et
844 1239 1021 1290 languori
1041 1254 1082 1278 se
1104 1240 1287 1289 dedidit]
1347 1239 1605 1291 Expeditione
1626 1240 1727 1278 enim

249 1303 437 1341 adversus
474 1302 628 1354 Trojam
659 1309 854 1354 suscepta,
894 1316 984 1353 quae
1016 1310 1096 1340 tum
1135 1303 1173 1339 in
1205 1302 1303 1340 Asia
1337 1302 1608 1353 potentissima
1633 1310 1729 1346 erat,

249 1371 359 1402 tanto
393 1364 472 1402 dux
501 1364 749 1415 praestantior
782 1365 854 1402 fuit
884 1365 928 1402 iis
960 1364 1024 1415 qui
1049 1370 1137 1415 post
1166 1364 1332 1402 eandem
1364 1372 1656 1415 oppugnarunt,
1687 1372 1730 1402 ut

246 1440 363 1479 quam
385 1427 439 1465 illi
464 1427 584 1465 totius
605 1427 774 1465 Graeciae
804 1426 947 1464 viribus
976 1426 1186 1464 contractis
1206 1426 1270 1463 vix
1298 1439 1402 1464 anno
1423 1426 1575 1463 decimo
1606 1439 1728 1476 expu-

249 1497 434 1541 gnarunt,
466 1489 529 1527 hic
567 1489 818 1540 paucioribus
854 1488 991 1526 diebus
1024 1502 1139 1539 quarn
1179 1488 1232 1525 illi
1267 1488 1392 1533 annis,
1431 1501 1549 1538 quum
1580 1501 1728 1539 paucos

251 1553 410 1590 omnino
436 1552 577 1589 milites
611 1552 786 1597 haberet,
815 1551 930 1589 facile
960 1564 1027 1602 per
1054 1551 1130 1587 vim
1159 1550 1320 1600 ceperit.
1380 1550 1430 1586 Et
1455 1549 1595 1587 deinde
1616 1563 1730 1600 reges

251 1615 425 1666 gentium
454 1614 493 1651 in
516 1622 679 1665 utraque
706 1614 813 1651 Asiae
841 1627 908 1652 ora
938 1613 1159 1651 accolentes
1180 1613 1380 1650 universos
1408 1612 1608 1658 occiderit,
1631 1625 1729 1663 quos

252 1691 453 1729 nunquam
483 1684 753 1728 perempturus
782 1677 867 1723 fuit,
897 1676 968 1714 nisi
1000 1684 1039 1714 et
1071 1676 1203 1727 copias
1230 1675 1383 1712 illorum
1414 1675 1583 1712 vicisset.
1629 1675 1729 1713 >His

252 1741 366 1778 rebus
388 1740 508 1790 gestis
535 1739 739 1777 columnas
760 1738 845 1776 illas
865 1752 962 1789 quas
992 1738 1207 1776 Herculeas
1231 1744 1375 1775 vocant
1393 1737 1608 1783 constituit,
1628 1743 1672 1774 ut
1691 1744 1730 1775 et

252 1802 468 1852 trophaeum
489 1801 740 1839 barbarorum
758 1808 902 1846 essent,
919 1807 958 1838 et
978 1807 1273 1838 monumentum
1294 1800 1445 1837 virtutis
1467 1813 1548 1837 suae
1568 1813 1614 1838 ac
1630 1813 1729 1851 prae-

248 1864 400 1910 liorum,
421 1870 460 1902 et
487 1864 645 1901 ditionis
678 1863 908 1901 Graecorum
928 1864 1083 1901 limites.
1143 1863 1242 1900 Haec
1263 1875 1310 1900 ea
1329 1863 1377 1900 de
1397 1876 1518 1901 causa
1538 1863 1604 1900 tibi
1627 1876 1730 1901 com-

251 1928 458 1966 memoravi
474 1934 610 1965 utnon
628 1927 722 1965 alias
742 1940 803 1964 res
827 1927 990 1965 suadere
1010 1927 1077 1964 tibi
1094 1927 1307 1964 orationem
1328 1939 1454 1964 meam
1475 1926 1727 1976 intelligeres,

249 2004 367 2042 quam
389 2003 485 2041 quas
506 1990 675 2041 majores
700 1990 754 2027 tui
775 1989 887 2027 factis
919 1989 1012 2040 ipsis
1035 1989 1284 2027 declararunt
1312 2002 1354 2026 se
1374 1988 1529 2026 caeteris
1549 1988 1729 2026 omnibus

255 2066 406 2091 summa
420 2065 510 2090 cum
525 2052 642 2090 laude
664 2052 949 2103 anteposuisse.

306 2116 372 2152 48.
403 2115 541 2165 Itaque
562 2127 652 2152 cum
681 2114 850 2164 reliquos
872 2126 1007 2151 omnes
1036 2112 1151 2150 decet
1171 2113 1207 2149 in
1230 2112 1418 2164 optimum
1450 2111 1649 2162 exemplar
1669 2111 1725 2148 in-

250 2183 404 2215 tuentes
423 2176 554 2214 conari
574 2176 609 2213 id
628 2177 856 2226 exprimere,
873 2183 955 2213 turn
979 2187 1067 2212 vero
1087 2181 1123 2212 te
1144 2174 1204 2211 vel
1226 2175 1262 2211 in
1284 2174 1430 2224 primis.
1487 2174 1589 2211 Nam
1607 2187 1728 2224 quum

250 2238 438 2290 exemplis
460 2238 528 2275 tibi
550 2251 628 2275 non
656 2237 791 2275 alienis
814 2238 1000 2275 utendum
1028 2236 1090 2282 sit,
1110 2236 1180 2274 sed
1208 2236 1465 2274 domesticum
1493 2236 1530 2273 in
1549 2238 1728 2287 promptu=

247 2302 409 2345 habeas,
439 2314 568 2338 annon
602 2300 694 2338 illud
728 2307 764 2337 te
792 2300 978 2337 excitabit
1006 2306 1048 2336 ut
1079 2312 1230 2336 summa
1259 2298 1511 2336 contentione
1543 2310 1611 2348 par
1640 2311 1729 2335 esse

252 2364 411 2403 Herculi
433 2364 488 2401 tui
509 2363 660 2414 generis
681 2362 872 2401 conditori
904 2361 1092 2400 studeas?
1152 2362 1289 2412 Neque
1309 2374 1401 2399 vero
1420 2367 1458 2398 te
1477 2360 1608 2398 omnia
1627 2360 1730 2398 Her-

251 2427 350 2466 culis
371 2427 477 2465 facta
496 2425 635 2464 imitari
655 2438 771 2477 posse
797 2425 886 2463 dico
904 2448 958 2452 ——
978 2438 1067 2462 nam
1089 2424 1126 2461 id
1147 2424 1208 2462 vel
1228 2423 1386 2461 deorum
1414 2423 1570 2474 quidam
1593 2422 1728 2473 nequi-

251 2497 336 2528 rent
354 2512 419 2536 —‚
441 2489 525 2534 sed,
548 2488 579 2526 si
600 2494 752 2525 tantum
769 2500 895 2525 mores
916 2487 996 2538 ejus
1011 2486 1214 2524 facillimos
1234 2492 1273 2524 et
1291 2485 1573 2523 humanitatem
1594 2491 1633 2522 et
1659 2485 1727 2522 be-

251 2552 513 2592 nevolentiam
540 2551 578 2588 in
608 2550 770 2588 Graecos
799 2556 954 2588 secutus
981 2548 1113 2593 fueris,
1147 2548 1196 2586 ad
1218 2547 1468 2586 consiliorum
1496 2546 1599 2584 illius
1627 2545 1730 2583 simi-

248 2615 451 2654 litudinem
484 2613 710 2652 accesseris.
768 2611 885 2654 Quod
905 2611 936 2649 si
965 2610 1057 2648 mihi
1082 2610 1271 2662 parueris,
1304 2622 1390 2647 eam
1420 2603 1581 2660 gloriam
1612 2621 1726 2658 quam

248 2678 333 2729 ipse
363 2677 471 2714 voles
503 2674 752 2727 adipisceris:
783 2673 938 2712 facilius
970 2673 1072 2711 enim
1104 2679 1164 2710 est
1189 2672 1262 2709 isto
1289 2683 1414 2708 rerum
1441 2678 1594 2707 tuarum
1621 2675 1728 2707 statu

250 2752 386 2792 parare
418 2738 733 2789 pulcherrimam,
762 2749 877 2787 quam
910 2736 954 2772 iis
984 2735 1099 2772 rebus
1128 2747 1216 2784 quae
1246 2733 1354 2770 initio
1385 2732 1453 2770 tibi
1480 2731 1728 2781 contigerunt

251 2815 335 2840 earn
355 2814 433 2852 qua
453 2813 558 2837 nunc
589 2799 728 2837 frueris
749 2798 949 2848 consequi.
1008 2795 1111 2835 Illud
1135 2794 1339 2833 considera
1365 2806 1425 2831 me
1448 2805 1545 2838 non,
1575 2799 1618 2830 ut
1637 2806 1727 2831 cum

249 2864 424 2903 barbaris
443 2869 579 2900 contra
594 2874 662 2899 eos
683 2861 803 2899 ducas
824 2860 1034 2898 exercitum
1055 2871 1154 2910 quos
1175 2856 1393 2908 oppugnari
1412 2856 1525 2893 nefas
1544 2861 1615 2900 est,
1636 2854 1726 2892 hor-

250 2927 336 2970 tari,
358 2925 428 2964 sed
447 2930 490 2962 ut
510 2936 598 2962 cum
617 2923 767 2961 Graecis
782 2923 968 2961 adversus
984 2934 1051 2960 eos
1067 2920 1211 2960 bellum
1233 2918 1423 2970 suscipias
1437 2930 1535 2968 quos
1557 2917 1605 2956 ab
1623 2917 1723 2955 Her-

247 2988 347 3027 culis
367 2986 531 3038 posteris
551 2984 769 3036 oppugnari
786 2984 911 3023 decet.
