1870 3277
270 159 343 195 386
939 163 1049 199 lSAEl

274 260 364 297 mihi
384 273 459 298 non
478 268 572 306 erat,
594 265 794 313 oportebat
813 262 912 302 bunc
934 265 1054 315 ipsum
1077 277 1229 315 quoque
1250 264 1552 315 [competitorem
1574 264 1717 311 meum]

275 335 335 359 me
352 323 566 369 extrudere,
582 324 788 368 eliminare,
806 337 827 362 a
842 327 1025 364 societate
1040 339 1166 376 operae
1181 327 1218 364 in
1234 326 1482 377 pollingendo
1500 339 1558 363 me
1576 338 1717 363 arcere.

275 382 365 420 Non
393 384 492 421 enim
521 397 672 423 eramus
700 399 768 424 nos
795 387 906 424 ambo
931 387 1149 426 conditione
1177 400 1310 438 pares:
1341 400 1428 424 nam
1448 399 1521 436 ego
1541 387 1718 437 equidem

275 457 359 481 eum
376 445 544 484 sinebam
561 448 616 497 [et
631 455 802 498 poteram
819 461 970 498 quoque
987 449 1092 487 salvo
1106 449 1190 499 jure
1206 461 1291 486 meo
1306 447 1447 496 sinere]
1462 449 1498 485 in
1515 448 1573 485 avi
1588 448 1718 485 sunere

273 505 444 543 curando
464 520 611 545 mecum
629 508 826 545 assiduum
840 522 936 554 esse,
948 510 1094 560 ,quippe
1109 510 1173 560 qui
1192 510 1274 560 ejus
1287 522 1307 547 e
1322 522 1447 546 sorore
1464 522 1582 559 nepos
1594 516 1718 551 esset;

272 565 374 604 illius
394 575 521 606 autem
542 569 722 607 intererat
743 576 779 606 et
800 570 963 608 decebat
991 570 1088 609 adeo
1110 584 1195 608 eum
1223 583 1296 608 non
1322 569 1400 620 pati
1426 578 1467 607 ut
1490 582 1563 620 ego
1587 581 1719 606 secum

272 630 561 668 contumulandi
590 630 738 669 Cironis
767 644 919 681 operam
947 632 1226 683 participarem,
1253 632 1284 669 si
1312 644 1400 669 vera
1426 639 1533 669 erant
1560 643 1606 668 ea
1633 644 1720 680 quae

273 703 375 728 nunc
395 690 712 742 audentjactare.
770 691 1107 731 verumenimvero
1128 701 1201 731 tarn
1223 700 1305 731 erat
1324 694 1375 731 rei
1397 693 1555 730 veritate
1576 691 1722 742 percul-

274 763 354 796 sus,
374 758 417 789 ut
434 764 482 789 ne
502 757 580 789 tum
601 752 766 802 quidem,
786 767 874 791 cum
899 767 971 804 ego
992 767 1011 792 e
1036 762 1224 805 suggestu
1245 755 1360 792 verba
1385 753 1527 790 faciens
1555 754 1608 802 [in
1637 764 1721 790 ora—

273 812 376 850 tione
403 814 607 864 parentali]
629 814 677 853 de
701 815 834 853 Diocle
856 829 1046 866 quererer,
1066 817 1130 866 qui
1156 823 1235 853 tum
1255 816 1404 853 Cironis
1431 814 1642 852 hereditate
1662 826 1721 851 me

274 873 478 924 spoliatum
494 875 578 920 iret,
593 883 673 913 tum
689 877 790 914 hunc
807 877 1130 926 [competitorem]
1149 877 1239 913 mihi
1255 877 1470 913 immitteret
1485 875 1587 913 litem
1604 887 1721 925 super

273 936 483 974 hereditate
502 950 651 974 mecum
671 949 908 981 exorsururn,
924 944 980 981 ut,
996 937 1163 987 inquam,
1180 936 1241 973 hic
1259 936 1485 987 competitor
1506 949 1552 973 ne
1572 936 1720 974 hiscere

274 996 428 1046 quidem
445 1003 525 1034 tum
543 1003 676 1034 contra
690 996 859 1041 auderet,
876 996 1017 1033 nedum
1034 1004 1076 1034 ut
1091 1010 1137 1034 ea
1153 996 1337 1047 proferret
1355 1009 1441 1046 quae
1459 1008 1560 1033 nunc
1574 996 1721 1046 jactare

275 1057 327 1095 nil
348 1070 435 1095 eum
455 1057 587 1108 pudet,
631 1058 732 1097 Vera
745 1057 828 1095 haec
844 1070 865 1096 a
880 1070 940 1095 me
960 1057 1035 1096 dici
1052 1071 1127 1112 quo
1143 1064 1310 1105 constet,
1327 1058 1402 1096 cita
1421 1065 1462 1095 tu
1482 1057 1574 1094 mihi
1591 1064 1722 1096 testes.

893 1164 1107 1203 TESTES.

329 1243 366 1281 9.
399 1241 511 1280 Unde
530 1242 588 1280 fas
609 1248 668 1280 est
686 1241 802 1280 fidem
822 1243 934 1282 dictis
955 1242 1132 1281 adstrui?
1161 1242 1300 1293 ecquid
1321 1254 1387 1280 vos
1413 1242 1461 1280 ad
1487 1240 1724 1287 credendum

275 1302 460 1342 inducere
493 1303 678 1342 debebit?
720 1317 797 1343 non
833 1304 1082 1343 testimonia?
1139 1305 1313 1342 Arbitrer
1350 1303 1542 1354 equidem.
1612 1302 1724 1341 Unde

275 1372 404 1403 autem
423 1365 580 1404 testium
596 1366 818 1404 testimonio
833 1366 929 1404 fides
945 1365 1164 1404 constabit?
1212 1365 1298 1403 Non
1319 1378 1340 1402 e
1355 1365 1580 1415 quaesitione
1598 1377 1725 1402 servo-

274 1439 358 1464 rum
383 1440 452 1478 per
475 1426 692 1465 tormenta?
748 1427 824 1466 Par
846 1427 885 1465 id
908 1428 1043 1478 utique
1062 1433 1123 1465 est
1142 1433 1255 1477 atque
1275 1432 1594 1464 consentaneum.
1653 1425 1727 1463 Ec-

274 1489 368 1541 quid
388 1503 498 1541 porro
518 1504 585 1529 vos
604 1491 772 1529 movebit
790 1498 832 1529 ut
849 1492 983 1528 horum
1004 1491 1282 1542 [competitoris
1298 1490 1367 1528 mei
1386 1498 1425 1527 et
1441 1490 1592 1528 Dioclis
1608 1497 1725 1540 atque

274 1552 531 1601 consortium]
553 1552 713 1590 orationi
733 1552 946 1590 diffidatis?
1003 1552 1092 1590 Non
1112 1553 1201 1598 hoc,
1221 1551 1326 1602 quod
1350 1551 1591 1589 adminiculis
1615 1564 1724 1589 coar-

275 1613 457 1664 guitionis
477 1613 534 1651 uti
551 1613 802 1652 recusarunt?
856 1614 974 1652 Caret
991 1613 1030 1651 id
1049 1613 1204 1664 quidem
1225 1612 1328 1650 omni
1349 1611 1479 1650 dubio.
1537 1612 1613 1654 Qui
1632 1624 1725 1662 ergo

274 1676 354 1719 fiat,
372 1681 416 1712 ut
436 1675 643 1713 dilucidius
663 1675 866 1726 quisquam
889 1675 1029 1713 doceat
1048 1674 1199 1713 Cironis
1226 1673 1343 1711 filiam
1367 1674 1574 1723 genuinam
1600 1685 1724 1710 meam

275 1743 437 1775 matrem
455 1749 554 1783 esse,
568 1748 684 1787 quam
705 1736 736 1773 si
755 1736 894 1775 doceat
912 1749 958 1774 eo
977 1736 1093 1774 modo
1108 1749 1184 1787 quo
1203 1748 1277 1787 ego
1296 1734 1440 1773 docui?
1468 1736 1632 1786 primum
1647 1735 1727 1784 qui-

275 1799 364 1837 dem
384 1799 434 1837 de
452 1800 566 1837 rebus
585 1805 701 1837 aetate
721 1804 870 1849 patrum
890 1798 1009 1849 gestis
1029 1812 1096 1837 eos
1117 1806 1236 1837 testes
1258 1797 1459 1843 exhibens,
1479 1797 1546 1847 qui
1564 1796 1725 1835 affirma-

273 1869 360 1900 rent
379 1875 420 1900 se
438 1863 513 1900 ista
527 1861 769 1911 amajoribus
789 1867 882 1899 natu
902 1859 1048 1898 dudum
1068 1859 1262 1898 defunctis
1282 1858 1433 1896 audisse
1452 1857 1523 1895 sibi
1543 1857 1727 1895 narranti-

274 1925 369 1968 bus;
393 1930 481 1962 'tum
507 1923 554 1961 de
578 1921 851 1960 recentioribus
876 1928 996 1960 testes
1017 1921 1236 1973 producens
1256 1920 1381 1958 adhuc
1402 1918 1640 1970 superstites,
1661 1919 1726 1968 qui

274 1985 412 2035 quibus
426 1985 473 2023 de
486 1985 601 2022 rebus
616 1990 848 2021 testarentur
861 1995 926 2020 eas
939 1996 999 2021 res
1013 1995 1148 2021 omnes
1162 1982 1280 2033 probe
1294 1980 1471 2030 cognitas
1485 1987 1725 2031 perspectas—

275 2061 350 2098 que
376 2048 564 2086 haberent
588 2059 791 2096 earumque
812 2045 909 2083 bene
928 2052 1060 2084 essent
1075 2044 1233 2090 conscii,
1255 2050 1298 2080 ut
1317 2042 1382 2094 qui
1401 2042 1543 2081 scirent
1562 2049 1724 2080 matrem

277 2122 400 2147 meam
420 2110 458 2146 in
479 2109 594 2146 domo
613 2108 763 2145 Cironis
782 2120 851 2158 pro
870 2107 949 2144 filia
967 2107 1185 2151 educatam,
1203 2106 1262 2143 bis
1287 2117 1375 2143 cum
1403 2104 1492 2142 dote
1517 2103 1723 2149 elocatam‚

274 2170 331 2208 bis
351 2170 605 2221 desponsam;
634 2176 821 2220 praeterea
838 2168 908 2206 hos
927 2170 1030 2220 ipsos
1052 2166 1306 2221 [adversarios
1325 2165 1453 2214 meos]
1474 2165 1725 2203 certissimam

274 2232 381 2270 hisce
400 2231 448 2268 de
466 2232 579 2268 rebus
599 2230 878 2269 convictionem
897 2242 948 2267 ex
967 2242 1031 2268 ore
1051 2240 1246 2267 servorum
1265 2227 1524 2277 defugientes‚
1539 2226 1605 2276 qui
1626 2226 1724 2264 servi

275 2294 349 2332 ista
366 2293 495 2331 omnia
511 2292 629 2343 probe
649 2298 800 2329 norant.
857 2292 941 2342 Ego
960 2291 1150 2342 equidem,
1168 2291 1222 2328 ita
1241 2302 1302 2327 me
1321 2288 1374 2326 dii
1393 2295 1523 2326 ament
1541 2287 1726 2339 Olympii,

275 2355 510 2394 documenta
529 2353 672 2404 majora
691 2360 729 2390 et
747 2353 1003 2391 luculentiora
1017 2353 1061 2390 iis
1075 2366 1159 2403 quae
1174 2350 1286 2390 attuli
1301 2350 1405 2388 haud
1424 2348 1723 2393 habeoafferr'e3

275 2429 495 2467 quanquam
515 2428 602 2466 quae
621 2414 730 2453 attuli
749 2413 841 2451 satis
861 2426 907 2451 ea
924 2414 1005 2451 fore
1026 2414 1186 2452 arbitror
1205 2413 1357 2451 idonea.

333 2479 399 2515 10:
423 2476 618 2528 Agedum,
639 2476 784 2514 docebo
805 2475 886 2526 jam
911 2488 1015 2512 nunc
1037 2475 1140 2512 bona
1160 2473 1418 2525 Cironis‘jure
1445 2471 1580 2523 potiori
1608 2477 1723 2522 atque

273 2541 441 2592 propiori
462 2540 553 2578 mihi
573 2545 788 2590 competere
803 2551 918 2588 quam
935 2537 1046 2580 huic;
1076 2549 1297 2587 quanquam
1311 2535 1418 2574 vobis
1434 2535 1540 2586 ipsis,
1553 2534 1724 2585 judices,

274 2602 376 2640 ultro
387 2601 469 2652 jam
490 2600 638 2638 dudum
655 2600 730 2638 hoc
749 2599 904 2651 planum
923 2605 962 2637 et
981 2598 1225 2649 perspicuum
1247 2597 1407 2635 arbitror
1426 2608 1524 2641 esse,
1541 2595 1579 2632 in
1600 2594 1725 2645 gradi-

273 2665 347 2702 bus
377 2661 720 2713 consanguinitatis
748 2674 824 2699 non
859 2659 1098 2699 collaterales
1136 2658 1302 2709 aliquem
1338 2656 1494 2708 propius
1533 2656 1722 2706 attingere

274 2737 391 2776 quam
414 2731 519 2762 recta
543 2723 583 2761 in
604 2723 704 2762 linea
725 2722 1006 2761 descendentes
1022 2743 1074 2749 —
1093 2720 1205 2771 ecqui
1229 2719 1343 2757 etiam
1370 2731 1482 2756 secus
1507 2717 1584 2755 sit?
1612 2717 1721 2756 alteri

275 2785 378 2823 enim
402 2784 517 2823 modo
536 2791 628 2823 sunt
646 2789 854 2834 συγγενεῖς,
875 2796 944 2822 seu
963 2781 1118 2833 cognati
1135 2781 1312 2832 alicujus,
1333 2780 1444 2818 alteri
1462 2793 1553 2818 vero
1574 2786 1722 2818 suntet

276 2845 519 2899 appellantur
543 2845 706 2895 ἔκγονοι,
728 2859 797 2885 seu
821 2859 869 2884 ex
893 2857 939 2884 eo
961 2844 1043 2883 nati
1060 2856 1139 2882 —:
1167 2855 1299 2882 verum
1318 2842 1409 2893 quia
1428 2843 1542 2881 rebus
1560 2842 1721 2880 itasese

272 2908 503 2948 habentibus
519 2907 767 2947 nihilominus
787 2914 915 2946 tamen
936 2905 975 2944 hi
999 2911 1136 2958 petere·
1153 2904 1297 2944 audent
1321 2903 1719 2951 hereditatem,·etiam
