1870 3277
223 157 301 193 230
816 157 1102 195 lSOCRATlS

219 270 310 296 vero
331 257 423 308 quid
444 258 488 295 >ni
510 258 670 296 stultum
694 259 740 297 sit
762 273 828 298 eos
849 261 911 311 qui
934 261 1065 298 viliora
1088 267 1223 298 curant
1251 260 1373 310 magis
1395 261 1552 299 laudare
1572 275 1686 313 quain

219 320 286 368 qui
307 319 508 365 nobiliora,
529 327 566 359 et
585 321 741 371 quidem
773 323 984 360 scientibus
1007 322 1158 360 cunctis
1180 323 1228 360 ob
1258 323 1399 360 bonurn
1431 324 1601 374 corporis
1624 323 1690 360 lia-

218 379 342 417 bitum
364 381 513 419 nullum
536 395 704 433 unquam
726 384 871 420 clarum
901 383 1055 422 facinus
1077 385 1124 422 ab
1152 384 1226 422 hac
1248 385 1338 422 urbe
1368 398 1455 422 esse
1485 394 1691 436 patratum,

220 439 290 477 viri
321 447 450 480 autem
472 442 623 493 [unius]
651 443 859 494 prudentia
887 445 1151 483 beatissimam
1173 452 1212 483 ct
1240 445 1443 483 maximam
1466 446 1690 485 Graecarum

219 501 373 540 urbium
394 502 572 541 effectam
594 517 695 542 esse.

271 563 362 601 262*
387 565 452 602 24.
486 565 541 603 Ac
576 566 699 603 multo
735 566 864 616 plures
902 578 1113 618 congerere
1148 575 1281 620 posset
1313 567 1448 606 horum
1491 568 1687 607 hominum

217 626 496 676 repugnantias
516 626 548 664 is
568 627 634 677 qui
651 627 783 678 junior
803 641 863 666 me
884 637 986 666 esset
1007 642 1051 667 ac
1072 630 1272 681 praesentis
1294 630 1474 681 temporis
1503 632 1688 669 rationem

216 699 292 725 non
320 687 502 726 haberet:
547 688 615 727 sed
647 690 705 726 sin
736 690 862 727 minus
889 690 986 736 haec,
1021 699 1124 729 certe
1155 692 1282 729 adhuc
1314 705 1434 729 unum
1467 692 1514 729 de
1550 693 1686 730 iisdem

214 749 423 789 dicendum
443 759 515 790 est.
573 751 658 802 Age
676 752 791 799 enim,
806 753 836 791 si
855 753 919 804 qui
942 753 1071 791 multis
1092 754 1231 792 divitiis
1249 754 1418 805 acceptis
1438 768 1460 792 a
1480 755 1689 806 majoribus

215 813 296 850 suis
314 814 397 851 urbi
415 827 492 852 non
513 821 646 852 essent
666 815 794 859 utiles,
811 815 915 853 cives
933 824 1130 861 vexarent,
1151 830 1292 868 pueros
1315 830 1359 855 ac
1381 817 1554 854 foeminas
1573 817 1688 855 deho-

213 882 424 922 nestarent,
460 889 551 913 num
587 877 673 928 quis
707 890 823 928 opum
855 878 1167 916 accumulatores
1202 892 1363 929 arguere
1397 879 1568 925 auderet,
1608 893 1686 917 non

214 943 342 975 autem
362 938 466 988 ipsos
487 938 551 988 qui
574 946 740 989 peccant
761 939 978 989 puniendos
999 940 1180 991 putaret?
1229 940 1361 983 Quid?
1392 940 1423 978 si
1452 942 1517 990 qui
1537 949 1687 979 certare

213 998 330 1035 armis
351 998 488 1036 eruditi
505 1005 638 1037 contra
656 999 789 1037 hostes
811 999 967 1049 quidem
987 1001 1149 1037 scientia
1167 1014 1244 1038 non
1266 1008 1476 1046 uterentur,
1499 1002 1687 1040 seditione

213 1065 344 1096 autem
360 1058 463 1097 facta
483 1059 628 1097 multos
649 1059 750 1097 cives
771 1060 1046 1107 interimerent,
1063 1060 1124 1098 vel
1152 1063 1367 1112 pugilatum
1388 1068 1427 1099 et
1445 1063 1686 1112 pancratium

212 1132 328 1170 quam
348 1121 493 1171 optime
514 1120 640 1158 edocti
667 1133 814 1172 agones
835 1121 991 1172 quidem
1019 1122 1274 1173 negligerent,
1295 1123 1430 1161 obvios
1455 1131 1582 1162 autem
1606 1125 1690 1175 pul-

212 1188 356 1228 sarent,
381 1181 471 1232 quis
497 1193 575 1219 non
606 1181 742 1220 horum
773 1184 980 1234 magistros
1009 1183 1198 1231 laudaret,
1231 1185 1332 1223 male
1363 1193 1493 1224 autem
1524 1186 1568 1224 iis
1596 1200 1685 1237 quae

210 1241 430 1281 didicerunt
458 1249 613 1281 utentes
635 1242 864 1282 occideret?
913 1244 1082 1295 Oportet
1111 1245 1228 1297 igitur
1249 1253 1286 1284 et
1307 1259 1400 1297 erga
1424 1247 1682 1297 eloquentiam

210 1303 348 1343 eadem
375 1310 505 1342 mente
541 1317 643 1351 esse,
676 1317 750 1356 qua
780 1319 875 1356 erga
905 1313 1057 1352 caetera,
1085 1319 1157 1345 nec
1191 1307 1239 1345 de
1271 1308 1458 1346 similibus
1493 1310 1687 1347 contraria

201 1365 396 1417 judicare,
418 1379 544 1417 neque
572 1380 612 1404 se
632 1367 803 1418 praebere
824 1367 860 1405 in
883 1380 967 1406 eam
991 1368 1234 1419 disciplinam
1255 1369 1440 1416 infensos,
1460 1384 1482 1409 a
1507 1383 1583 1421 qua
1604 1385 1682 1422 prae

209 1427 389 1465 omnibus
420 1441 508 1478 quae
541 1428 579 1465 in
610 1435 749 1466 natura
775 1427 944 1466 humana
979 1436 1070 1466 sunt
1098 1429 1198 1467 bona
1225 1429 1390 1481 plurima
1421 1430 1682 1469 dimanarunt.

210 1489 389 1542 Namque
410 1490 493 1529 aliis
517 1503 606 1541 quae
633 1490 834 1537 habemus,
865 1492 921 1528 uti
942 1491 1024 1542 jam
1046 1498 1135 1529 ante
1165 1491 1358 1539 dicebam,
1377 1492 1470 1530 nihil
1490 1506 1512 1530 a
1539 1493 1679 1531 belluis

207 1550 434 1597 differimus,
475 1551 592 1589 immo
635 1551 764 1590 multis
799 1552 1008 1597 celeritate,
1042 1554 1193 1600 robore,
1230 1553 1391 1605 aliisque
1430 1554 1680 1593 facultatibus

205 1614 404 1653 inferiores
426 1627 577 1652 sumus:
609 1614 730 1652 indita
752 1620 881 1652 autem
900 1614 1011 1652 nobis
1031 1613 1294 1666 persuadendi
1315 1615 1478 1653 invicem
1499 1616 1534 1653 vi
1551 1615 1681 1654 decla-

205 1676 392 1727 randique
421 1676 520 1714 inter
540 1689 611 1714 nos
632 1675 738 1727 ipsos
767 1676 956 1727 quidquid
979 1677 1156 1722 velimus,
1176 1690 1253 1716 non
1275 1677 1392 1716 modo
1412 1690 1434 1715 a
1460 1677 1581 1716 ferina
1602 1678 1681 1716 vita

207 1738 470 1783 discessimus,
485 1738 555 1776 sed
570 1745 609 1775 et
622 1738 848 1789 congregati
863 1739 976 1776 urbes
992 1738 1251 1784 condidimus,
1268 1739 1377 1790 leges
1390 1738 1562 1785 tulimus,
1578 1745 1678 1778 artes

204 1799 436 1846 invenimus,
450 1807 671 1851 cunctaque
686 1813 798 1851 paene
812 1813 899 1851 quae
918 1813 983 1850 per
1001 1813 1070 1838 nos
1085 1801 1305 1851 excogitata
1322 1808 1411 1838 sunt
1425 1814 1550 1839 sermo
1566 1801 1678 1839 nobis

204 1862 455 1914 comparavit.
513 1862 589 1900 Hic
613 1862 713 1900 enim
739 1862 834 1914 justi
856 1870 894 1900 et
913 1862 1058 1913 injusti,
1085 1862 1240 1900 honesti
1259 1870 1298 1900 et
1318 1862 1452 1914 turpis,
1474 1863 1563 1914 jura
1585 1876 1675 1901 san-

202 1927 308 1974 civit,
324 1926 463 1979 quibus
482 1926 584 1964 haud
605 1926 823 1965 constitutis
844 1926 924 1964 fieri
944 1939 1021 1964 non
1040 1933 1172 1977 posset
1190 1933 1233 1964 ut
1258 1926 1372 1965 simul
1402 1926 1676 1964 habitaremus.

205 1988 292 2026 Hoc
321 1995 361 2027 et
390 1988 511 2026 malos
539 1988 737 2039 arguimus
767 1995 806 2026 et
834 1988 957 2026 bonos
987 1987 1207 2025 laudamus.
1265 1989 1353 2026 Hoc
1381 1994 1422 2026 et
1449 1988 1676 2039 insipientes

203 2050 404 2089 erudimus
438 2058 479 2088 et
513 2051 708 2101 sapientes
737 2050 1012 2102 exploramus:
1044 2062 1133 2087 nam
1168 2050 1296 2088 dicere
1331 2058 1374 2088 ut
1399 2057 1549 2101 oportet
1573 2057 1675 2088 recte

203 2111 395 2156 sentiendi
427 2111 635 2149 maximum
674 2111 858 2149 indicium
894 2119 1091 2162 putamus,
1125 2124 1330 2162 sermoque
1361 2124 1492 2158 verax,
1523 2125 1674 2162 aequus,

194 2174 342 2226 justus,
365 2173 504 2211 animae
523 2173 636 2211 bonae
656 2180 693 2212 et
715 2173 875 2211 sincerae
898 2173 1025 2224 imago
1048 2180 1120 2211 est.
1181 2173 1267 2210 Hoc
1290 2180 1329 2210 et
1349 2173 1397 2211 de
1415 2175 1673 2211 controversis

201 2236 444 2287 disputamus
473 2242 512 2274 et
541 2235 739 2286 incognita
767 2237 1001 2287 quaerimus:
1033 2249 1121 2273 nam
1152 2235 1292 2286 quibus
1321 2236 1556 2286 argumentis
1586 2249 1674 2287 per-
1708 2269 1711 2273 ,

202 2298 412 2336 suademus
433 2297 515 2335 aliis
536 2296 714 2343 dicendo,
737 2297 873 2335 iisdem
896 2297 1156 2335 deliberantes
1182 2297 1347 2341 utimur3
1379 2304 1418 2334 et
1445 2297 1673 2347 eloquentes

200 2359 357 2412 quidem
376 2362 561 2397 vocamus
589 2359 656 2410 qui
675 2358 725 2412 ad
749 2359 934 2410 populum
950 2358 1083 2403 dicere
1104 2365 1284 2411 possunt,
1307 2358 1514 2410 prudentes
1544 2366 1670 2397 autem

200 2428 383 2473 putamus
413 2421 478 2472 qui
509 2420 614 2472 apud
648 2433 688 2458 se
719 2420 823 2471 ipsos
849 2421 991 2471 optime
1023 2420 1071 2458 de
1100 2420 1215 2458 rebus
1249 2420 1429 2472 gerendis
1458 2420 1671 2471 disputant.

201 2483 317 2526 Quod
340 2483 372 2520 si
400 2482 621 2520 summatim
642 2481 690 2519 de
718 2481 791 2519 hac
817 2481 1003 2519 facultate
1024 2481 1231 2519 dicendum
1261 2489 1331 2528 est,
1351 2481 1443 2519 nihil
1465 2482 1674 2532 prudenter

199 2544 345 2583 factum
376 2543 612 2596 reperiemus
646 2537 727 2581 sine
759 2555 950 2589 sermone,
988 2543 1057 2581 sed
1089 2534 1127 2581 et
1159 2556 1318 2594 operum
1353 2550 1392 2580 et
1420 2542 1669 2580 consiliorum

200 2607 370 2644 omnium
401 2606 542 2644 ducem
566 2605 687 2643 fuisse
718 2604 836 2652 hunc,
857 2617 904 2642 ac
932 2617 978 2642 eo
1009 2604 1178 2642 maxime
1201 2617 1291 2641 usos
1320 2604 1386 2655 qui
1415 2603 1670 2643 cordatissimi

197 2669 366 2707 fuerunt.
425 2669 599 2710 Quarum
621 2680 746 2705 rerum
774 2666 921 2704 nullam
949 2665 1138 2703 rationem
1159 2665 1309 2703 babens
1330 2665 1582 2716 Lysimachus
1602 2679 1669 2705 eos

198 2742 382 2769 accusare
399 2742 514 2768 ausus
530 2737 591 2769 est
605 2730 671 2782 qui
685 2729 774 2767 huic
793 2729 1008 2780 disciplinae
1027 2724 1198 2775 student,
1213 2742 1301 2779 quae
1319 2736 1376 2767 tot
1396 2735 1669 2781 tantorumque

198 2794 385 2831 bonorum
407 2805 526 2830 causa
548 2800 619 2831 est.

252 2854 343 2892 26.ss
372 2855 437 2891 25.
470 2854 580 2902 Quid
600 2861 730 2892 autem
750 2854 855 2891 hunc
877 2852 1070 2899 miremur,
1091 2865 1209 2903 quum
1240 2853 1397 2903 quidam
1419 2853 1533 2891 etiam
1555 2866 1599 2891 ex
1622 2854 1667 2891 iis

198 2916 263 2968 qui
295 2916 333 2954 in
363 2915 617 2954 contentiosis
653 2915 890 2954 orationibus
925 2922 1166 2960 exercentur,
1199 2915 1372 2953 similiter
1402 2915 1663 2975 eloquentiam
