1870 3277
119 219 173 245 f.
194 187 253 211 s
759 183 986 222 Busuus.
1528 182 1602 217 139

143 286 301 331 habent,
321 292 366 324 ut
393 286 495 324 hanc
524 286 634 336 quasi
659 286 797 336 stipem
824 286 924 323 ultro
948 285 1154 323 conferant
1180 283 1229 321 ad
1255 295 1322 321 eos
1344 281 1604 321 sublevandos

145 346 209 397 qui
230 346 338 384 nulla
357 360 430 384 sua
448 346 566 397 culpa
585 346 798 384 calamitosi
826 345 1072 397 philosophia
1092 344 1272 382 docenda
1291 357 1370 382 rem
1390 344 1517 382 facere
1539 355 1605 381 co-

145 414 284 447 nantur
303 429 369 453 —,
390 408 460 446 sed
491 408 581 458 quia
609 407 782 445 nondum
808 407 861 444 ita
888 406 1050 457 contigit
1075 413 1119 444 ut
1138 406 1445 451 conveniremus,
1467 411 1608 443 caetera

143 469 298 520 quidem
319 468 552 514 differemus,
572 468 662 505 dum
679 480 809 505 coram
829 468 1023 518 copiosius
1044 467 1215 517 colloqui
1234 465 1396 511 licuerit,
1411 479 1497 515 quae
1517 478 1607 506 vero

142 531 180 568 in
200 530 407 581 praesentia
426 530 494 568 tibi
514 530 688 567 conferre
704 542 872 579 possem,
888 542 935 567 ea
953 536 996 567 ut
1016 530 1065 568 ad
1087 536 1123 567 te
1145 527 1349 567 scribenda
1371 528 1425 565 sic
1445 535 1606 566 caeteros

142 605 293 630 summo
320 592 449 630 studio
474 591 637 629 celanda
660 604 745 629 esse
776 591 880 628 duxi.
940 591 1023 629 Etsi
1050 598 1180 629 autem
1213 589 1389 639 intelligo
1415 589 1606 639 plerisque

141 653 248 691 velut
278 653 452 690 innatum
478 665 566 690 esse
594 660 639 689 ut
666 665 784 702 quum
813 652 1071 690 admonentur
1096 665 1174 689 non
1200 651 1251 688 ad
1277 657 1475 688 secuturas
1504 650 1608 687 utili-

142 721 241 752 tates
263 714 481 764 respiciant,
496 713 564 751 sed
580 713 896 764 reprehensiones
914 720 1022 752 tanto
1038 713 1293 764 iniquioribus
1310 711 1446 750 animis
1462 711 1606 756 serant,

143 784 289 827 quanto
320 776 508 814 severiore
539 788 702 813 censura
732 775 770 812 in
800 783 925 814 errata
953 777 1178 827 inquisitum
1210 775 1350 813 fuerit:
1392 774 1608 813 subeundae

142 845 271 876 tamen
292 838 353 876 hae
375 844 465 876 sunt
486 837 720 876 offensiones
741 838 800 875 his
821 837 883 888 qui
905 838 1099 889 aliquibus
1121 851 1169 876 ex
1189 837 1317 875 animo
1343 838 1440 875 bene
1462 836 1608 883 volunt,

142 912 335 949 operaque
359 899 490 937 danda
514 906 573 937 est
598 906 638 937 ut
661 899 727 950 qui
753 899 829 937 hoc
856 900 972 939 modo
993 913 1087 951 erga
1107 899 1346 937 consiliarios
1368 898 1497 937 affecti
1518 904 1610 936 sunt

143 961 190 998 ab
207 960 278 998 ista
298 960 476 1011 opinione
499 960 755 999 deducantur.

195 1024 232 1059 2.
264 1022 391 1065 Quum
426 1022 542 1073 igitur
571 1023 873 1061 animadvertam
905 1022 1133 1060 defensione
1154 1020 1345 1060 Busiridis
1373 1029 1411 1059 et
1437 1021 1609 1060 Socratis

142 1086 391 1123 accusatione
418 1093 456 1123 te
478 1086 537 1123 vel
564 1086 601 1123 in
632 1085 758 1135 primis
789 1085 954 1135 gloriari,
975 1085 1180 1123 ostendere
1211 1085 1276 1122 tibi
1307 1085 1477 1122 conabor
1505 1090 1543 1122 te
1571 1083 1608 1121 in

141 1153 305 1197 utraque
325 1147 493 1184 oratione
516 1147 633 1197 longe
661 1147 708 1183 ab
737 1145 898 1184 oratoris
929 1146 1056 1184 officio
1083 1147 1297 1183 aberrasse.
1356 1145 1457 1182 Nam
1488 1158 1608 1195 quum

142 1221 257 1247 nemo
278 1208 429 1258 ignoret
449 1208 482 1245 ei
504 1221 618 1258 quem
639 1208 798 1245 laudare
819 1207 997 1245 volumus
1026 1207 1229 1245 tribuenda
1258 1220 1342 1244 esse
1367 1206 1478 1257 plura
1504 1207 1611 1244 bona

143 1282 259 1319 quam
287 1282 417 1306 revera
441 1268 597 1313 habeat,
626 1269 664 1306 in
692 1267 946 1319 vituperando
973 1275 1100 1305 autem
1133 1268 1365 1305 contrariam
1393 1267 1493 1305 viam
1524 1279 1609 1305 esse

141 1329 413 1375 insistendam,
435 1336 585 1367 tantum
616 1330 725 1366 abest
751 1336 795 1367 ut
822 1342 907 1367 eam
927 1329 965 1365 in
987 1328 1153 1367 dicendo
1176 1329 1362 1366 rationem
1384 1335 1424 1366 tu
1448 1334 1607 1365 secutus

144 1392 211 1435 sis,
230 1397 273 1428 ut
299 1390 488 1428 Busiridis
515 1390 778 1428 defensionem
800 1391 1000 1441 professus
1021 1403 1098 1428 non
1129 1389 1246 1427 modo
1267 1389 1427 1427 erimina
1449 1402 1536 1439 quae
1557 1389 1611 1426 illi

144 1452 376 1503 objiciuntur
393 1465 469 1489 non
486 1451 676 1496 refutaris,
695 1451 764 1489 sed
785 1458 824 1489 et
843 1458 919 1489 tam
940 1451 1134 1502 insignem
1155 1450 1190 1488 ei
1211 1458 1342 1488 notam
1359 1450 1611 1488 immanitatis

143 1514 339 1559 inusseris,
359 1521 402 1551 ut
423 1514 515 1551 nihil
542 1513 858 1552 contumeliosius
880 1513 1091 1563 excogitari
1110 1519 1249 1563 queat:
1281 1525 1385 1558 nam,
1407 1525 1526 1562 quum
1548 1511 1612 1549 alii

142 1576 282 1626 quibus
305 1575 359 1612 illi
385 1575 615 1613 maledicere
636 1576 758 1613 visum
778 1582 837 1613 est
856 1587 969 1612 unam
989 1574 1027 1611 in
1047 1587 1094 1612 eo
1114 1574 1386 1612 mactationem
1412 1573 1611 1624 hospitum

145 1644 407 1683 exsecrentur,
420 1644 460 1674 tu
477 1636 593 1674 etiam
607 1637 793 1675 devorare
806 1636 982 1674 homines
1000 1635 1154 1673 solitum
1170 1649 1209 1674 es
1223 1635 1448 1674 criminatus
1463 1649 1472 1679 ;
1490 1647 1611 1685 quum

143 1711 232 1736 vero
263 1699 459 1736 Socratem
487 1711 672 1736 accusare
696 1697 947 1742 instituisses,
971 1697 1214 1735 Alcibiadem
1247 1698 1279 1734 ei
1309 1696 1421 1747 quasi
1452 1696 1612 1734 laudare

142 1759 263 1797 velles
284 1759 516 1809 discipulum
538 1759 717 1803 tribuisti,
734 1772 848 1809 quem
870 1759 918 1795 ab
940 1771 986 1796 eo
1007 1758 1127 1795 fuisse
1144 1758 1337 1795 eruditum
1356 1769 1470 1794 nemo
1487 1762 1613 1803 norat,

145 1820 214 1858 sed
235 1821 350 1871 longe
371 1820 454 1858 aliis
471 1820 742 1858 antecelluisse
758 1832 890 1857 omnes
905 1820 1156 1857 confitentur.
1215 1819 1351 1869 Itaque
1369 1819 1400 1856 si
1415 1818 1612 1856 defunctis

144 1889 317 1932 potestas
349 1882 505 1919 daretur
535 1894 604 1918 suo
629 1881 814 1918 arbitratu
840 1880 887 1918 de
915 1880 991 1918 tuis
1021 1880 1260 1918 orationibus
1286 1879 1497 1924 statuendi,
1517 1879 1614 1917 alter

143 1944 259 1981 talem
282 1943 349 1981 tibi
371 1943 534 1994 gratiam
555 1943 717 1980 haberet
735 1955 805 1992 pro
827 1942 1076 1980 accusatione
1097 1941 1251 1992 qualem
1271 1940 1415 1978 nemini
1435 1940 1613 1978 laudato-

145 2017 228 2041 rum
259 2017 430 2049 suorum,
451 2003 563 2047 alter,
588 2003 741 2040 tametsi
761 2004 798 2040 in
819 2003 913 2040 alios
937 2003 1076 2040 suisset
1101 2002 1415 2047 humanissimus,
1438 2002 1494 2039 sic
1514 2001 1614 2039 indi-

145 2072 330 2115 gnaretur
355 2071 398 2102 ut
423 2070 488 2102 tua
506 2064 623 2101 verba
651 2064 786 2114 quovis
817 2064 1006 2115 supplicio
1038 2063 1262 2101 vindicaret.
1320 2063 1380 2100 An
1412 2074 1503 2100 vero
1536 2075 1613 2101 non

145 2125 454 2164 erubescendum
480 2125 608 2176 potius
634 2133 694 2163 est
720 2124 773 2162 illi
801 2138 918 2176 quam
947 2124 1204 2176 gloriandum,
1225 2137 1340 2174 quem
1361 2123 1468 2174 diligi
1489 2123 1614 2174 magis

145 2196 298 2226 constet
323 2188 371 2226 ab
401 2188 445 2226 iis
475 2200 571 2238 quos
598 2187 822 2238 vituperarit
843 2200 960 2238 quam
981 2187 1029 2225 ab
1051 2186 1094 2224 iis
1114 2198 1215 2236 quos
1236 2185 1454 2224 laudandos
1483 2197 1615 2223 susce-

146 2249 272 2301 pent?

202 2314 239 2349 3.
270 2311 380 2349 Adeo
401 2316 530 2348 autem
550 2310 617 2348 tibi
639 2324 743 2348 curae
771 2324 848 2348 non
878 2310 951 2347 fuit
978 2316 1243 2348 consentanea
1271 2308 1390 2359 loqui,
1410 2314 1454 2346 ut
1473 2307 1615 2346 dixeris

146 2385 235 2410 eum
257 2373 356 2410 AEoli
376 2380 416 2410 et
433 2372 576 2423 Orphei
607 2372 767 2422 gloriam
792 2373 1015 2410 aemulatum
1045 2384 1145 2416 esse,
1166 2370 1346 2420 idemque
1374 2369 1616 2407 demonstres

145 2433 240 2471 nihil
256 2433 307 2470 illi
327 2433 457 2471 studio
474 2433 591 2470 fuisse
607 2433 711 2482 quod
731 2447 818 2472 cum
841 2446 970 2471 eorum
988 2440 1221 2483 congrueret
1239 2430 1436 2469 institutis.
1495 2431 1617 2469 Num-

146 2496 238 2546 quid
269 2495 368 2533 enim
399 2494 570 2532 facinora
600 2495 710 2533 istius
730 2508 817 2532 cum
838 2496 953 2532 sactis
974 2494 1076 2532 AEoli
1095 2507 1183 2544 quae
1205 2500 1463 2530 memorantur
1483 2491 1616 2530 confe-

147 2555 305 2594 remus?
353 2556 405 2592 At
435 2555 466 2592 is
497 2555 651 2606 quidem
679 2556 853 2606 hospites
881 2556 917 2592 in
944 2568 1056 2592 suum
1088 2555 1179 2592 litus
1211 2554 1357 2604 ejectos
1384 2553 1421 2589 in
1452 2553 1617 2603 patriam

150 2630 328 2669 quenque
356 2629 465 2655 suam
498 2617 744 2655 reducendos
773 2617 944 2655 curavit:
976 2617 1047 2654 iste
1069 2629 1172 2661 vero,
1201 2615 1231 2652 si
1264 2614 1331 2651 tibi
1363 2614 1516 2664 quidem
1548 2614 1617 2652 ha-

147 2679 275 2717 benda
295 2679 389 2717 fides
409 2685 480 2723 est,
496 2678 668 2729 hospites
686 2679 905 2716 immolatos
923 2678 1134 2716 devoravit.
1192 2677 1309 2714 Anne
1328 2689 1415 2713 eum
1435 2689 1522 2713 cum
1545 2675 1619 2714 Or-

150 2740 237 2791 phei
266 2740 378 2778 factis
404 2740 742 2790 comparabimus?
790 2740 922 2778 Athis
944 2748 1115 2777 mortuos
1137 2738 1183 2776 ab
1208 2737 1336 2774 inferis
1363 2737 1526 2783 reduxit,
1547 2737 1617 2775 iste

152 2802 324 2840 viventes
351 2810 440 2840 ante
469 2802 592 2840 fatum
622 2815 712 2840 orco
742 2801 914 2840 tradidit.
972 2800 1101 2844 Quare
1125 2811 1365 2850 summopere
1385 2799 1482 2837 scire
1504 2799 1617 2836 velim

151 2865 244 2915 quid
264 2865 296 2903 is
316 2865 489 2903 facturus
509 2865 658 2912 fuisset,
679 2865 710 2903 si
729 2878 795 2904 eos
822 2863 1136 2914 contempsisset,
1157 2875 1270 2912 quem
1298 2862 1335 2899 in
1363 2860 1616 2899 admiratione

153 2926 300 2965 virtutis
333 2939 464 2965 eorum
497 2927 625 2965 omnia
659 2925 853 2965 contraria
889 2924 1019 2963 studio
1055 2923 1239 2962 habuisse
1276 2930 1441 2961 constat.
1514 2919 1616 2957 Illud
