1870 3277
633 209 1127 249 PANATHENAICUS.
1542 204 1613 240 173

159 288 176 297 s.

155 327 333 352 cessuum
351 315 655 365 magnitudinem
673 315 760 353 elati
779 314 956 364 superbia
971 318 1009 349 et
1031 323 1126 349 sana
1145 315 1272 347 mente
1293 308 1431 345 amissa
1452 306 1489 343 in
1506 306 1616 343 dete·

157 375 292 413 riorem
313 375 427 413 etiam
450 382 488 414 et
506 376 745 414 humiliorem
767 375 889 426 priore
911 374 1103 411 fortunam
1125 370 1362 413 deseruntur,
1383 368 1453 405 sed
1475 367 1617 404 talibus

158 437 335 475 omnibus
355 438 505 476 evitatis
535 438 708 476 instituta
727 444 858 474 vetera
877 436 927 472 ob
952 440 1097 472 rectam
1124 430 1346 482 reipublicae
1377 428 1620 465 administra-

156 497 298 536 tionem
328 500 581 545 retinuerunt,
602 499 723 549 magis
744 497 829 535 freti
855 496 971 534 animi
993 494 1052 532 sui
1079 493 1216 530 virtute
1237 502 1385 540 suaque
1415 488 1621 539 prudentia

157 572 272 609 quam
294 560 436 610 praeliis
450 560 680 604 commissis,
696 559 920 610 majoreque
941 558 976 594 in
1000 554 1250 593 admiratione
1270 551 1391 589 habiti
1407 550 1510 600 apud
1527 550 1621 586 alios

158 621 208 658 ob
244 622 501 659 constantiam
536 622 638 658 hanc
675 627 714 658 et
751 620 995 658 sobrietatem
1034 630 1151 667 quam
1189 621 1346 666 propter
1380 611 1622 649 tolerantiam

159 681 332 720 laborum
349 690 388 720 et
406 683 685 734 periculorum:
717 694 852 718 omnes
868 679 968 718 enim
984 679 1168 716 videbant
1182 676 1325 714 multos
1341 673 1454 712 etiam
1470 671 1624 722 flagitiis

158 751 358 795 coopertos
384 745 577 783 animosos
604 757 689 782 esse
711 744 747 781 in
772 742 927 794 praeliis,
948 740 1016 779 sed
1042 737 1317 777 moderationis
1339 742 1376 773 et
1395 733 1624 785 prudentiae,

159 818 245 855 quae
264 806 376 843 rebus
397 806 434 843 in
454 806 629 843 omnibus
651 804 754 842 utilis
780 816 912 842 omnes
929 804 1064 852 juvare
1083 800 1222 852 possit,
1251 804 1426 849 expertes
1447 808 1532 833 esse
1554 795 1622 831 im-

157 867 315 917 probos,
335 873 373 904 et
391 865 491 904 hanc
511 867 699 918 propriam
720 878 851 904 eorum
872 877 956 903 esse
976 862 1131 901 laudem
1154 861 1219 912 qui
1239 861 1336 898 bene
1352 857 1430 896 nati
1450 858 1625 906 beneque

158 927 313 965 educati
341 935 378 966 et
414 928 578 966 instituti
606 935 710 973 sunt,
742 925 958 977 cujusmodi
988 925 1142 962 fuerunt
1178 922 1233 960 illi
1271 921 1337 971 qui
1374 927 1454 957 tum
1490 918 1624 955 urbem

158 996 352 1034 rexerunt,
383 990 522 1040 quibus
548 1002 753 1028 successus
783 987 836 1024 illi
865 1000 963 1037 quos
994 985 1160 1024 diximus
1189 995 1322 1022 omnes
1351 987 1441 1020 sunt
1476 978 1626 1030 accepti

160 1050 366 1088 referendi.

215 1112 278 1148 80.
309 1112 499 1161 Equidem
520 1112 632 1150 video
652 1111 747 1149 alios
767 1109 945 1148 maximis
967 1108 1199 1146 facinoribus
1216 1112 1254 1143 et
1273 1106 1311 1142 in
1333 1103 1463 1155 primis
1483 1114 1628 1140 memo·

161 1172 346 1210 rabilibus
366 1172 599 1210 concludere
628 1172 754 1210 solere
775 1171 982 1214 orationes,
1011 1176 1126 1218 atque
1147 1180 1213 1205 eos
1234 1166 1299 1217 qui
1321 1165 1375 1203 sic
1392 1165 1572 1216 judicant
1590 1170 1629 1200 et

163 1240 283 1284 agunt
308 1246 442 1284 sapere
462 1247 618 1278 censeo,
649 1234 716 1272 sed
745 1241 873 1270 tamen
898 1233 950 1269 ita
978 1230 1120 1268 accidit
1137 1236 1180 1266 ut
1201 1241 1274 1279 ego
1296 1227 1404 1264 aliter
1432 1227 1571 1264 faciam
1592 1230 1632 1263 et

163 1295 274 1345 plura
307 1294 433 1332 dicere
464 1307 625 1332 necesse
658 1294 835 1332 habeam.
894 1291 1009 1336 Quod
1040 1304 1107 1329 cur
1143 1303 1165 1327 a
1194 1303 1253 1327 me
1287 1289 1366 1333 fiat,
1396 1287 1512 1338 paulo
1541 1293 1632 1338 post

162 1357 382 1402 ostendam,
402 1356 467 1394 ubi
489 1369 615 1407 pauca.
634 1356 790 1393 omnino
807 1355 911 1405 prius
931 1353 1078 1391 dixero.

218 1418 282 1454 81.
313 1416 473 1455 Tantam
512 1417 626 1465 hujus
665 1416 849 1454 orationis
882 1422 1029 1465 partem
1066 1412 1335 1464 perscriptam,
1368 1416 1514 1461 quanta
1546 1409 1629 1459 jam

162 1479 322 1517 recitata
335 1487 409 1524 est,
423 1492 509 1517 cum
526 1477 828 1516 adolescentulis
841 1477 963 1514 tribus
976 1481 1042 1513 aut
1055 1480 1219 1524 quatuor
1233 1472 1468 1510 familiariter
1483 1483 1633 1508 mecum

165 1540 290 1579 vivere
317 1540 439 1579 solitis
466 1541 730 1591 corrigebam:
761 1553 847 1590 quae
874 1550 992 1589 quum
1019 1536 1130 1575 nobis
1163 1534 1452 1573 recensentibus
1474 1533 1636 1585 probata

166 1602 416 1640 conclusione
436 1609 587 1640 tantum
613 1602 786 1652 indigere
813 1600 1022 1644 videretur,
1043 1598 1265 1636 consultum
1287 1610 1374 1635 esse
1399 1596 1491 1634 duxi
1513 1609 1635 1647 quen·

167 1663 271 1709 dam,
286 1664 349 1715 qui
372 1677 431 1702 me
452 1670 691 1715 praeceptore
706 1676 802 1700 usus
823 1669 941 1712 atque
957 1660 994 1698 in
1012 1659 1223 1710 oligarchia
1243 1665 1420 1697 versatus
1440 1670 1485 1696 eo
1507 1657 1636 1696 animo

167 1733 249 1763 erat
270 1733 312 1763 ut
333 1732 518 1777 perpetuo
533 1725 710 1763 laudaret
727 1722 1058 1768 Lacedaemonios,
1074 1733 1288 1766 accersere,
1308 1727 1363 1765 ut,
1377 1720 1408 1757 si
1428 1719 1520 1770 quid
1537 1719 1638 1757 forte

167 1786 266 1825 falso
287 1786 433 1824 dictum
453 1799 523 1823 nos
545 1785 805 1836 praeteriisset,
826 1784 864 1822 id
884 1783 947 1821 ille
968 1782 1280 1821 animadversum
1301 1781 1411 1818 nobis
1433 1780 1638 1819 indicaret.

169 1849 286 1886 Venit
302 1849 417 1899 igitur
434 1848 498 1886 ille
512 1856 671 1886 vocatus
690 1856 729 1886 et
743 1848 846 1886 lecta
859 1847 1031 1885 oratione
1046 1867 1098 1872 —
1111 1857 1198 1882 nam
1215 1857 1303 1894 quae
1320 1843 1395 1881 alia
1410 1842 1638 1880 intercesse-

169 1918 258 1949 runt
278 1911 371 1961 quid
393 1911 524 1948 multis
544 1910 673 1949 dicere
695 1910 832 1948 attinet
847 1909 862 1946 ?
876 1914 1165 1946 -caeterorum
1187 1919 1273 1956 quae
1295 1905 1524 1956 scripseram
1544 1903 1638 1941 nihil

171 1972 330 2010 moleste
361 1971 518 2016 ferebat,
543 1971 612 2009 sed
639 1977 678 2008 et
707 1970 867 2008 summis
895 1968 1076 2006 laudibus
1108 1967 1304 2016 efferebat,
1333 1972 1372 2003 et
1397 1965 1446 2003 de
1473 1965 1639 2015 singulis

169 2033 342 2085 partibus
376 2033 514 2070 eadem
543 2033 622 2070 fere
654 2032 811 2070 dicebat
838 2044 929 2081 quae
956 2042 1027 2067 nos
1057 2041 1211 2078 quoque
1242 2028 1528 2066 sentiebamus:
1558 2039 1639 2064 non

171 2095 376 2136 obscuram
406 2100 534 2132 tamen
566 2093 887 2144 significationem
918 2092 1037 2129 dabat
1068 2090 1138 2127 sibi
1167 2089 1370 2140 displicere
1399 2101 1445 2126 ea
1473 2102 1561 2139 quae
1591 2088 1641 2126 de

173 2154 479 2194 Lacedaemoniis
503 2154 752 2192 dixissemus.
811 2152 936 2202 quue
961 2164 1049 2188 mox
1077 2150 1269 2188 ostendit:
1302 2162 1420 2187 ausus
1448 2156 1509 2188 est
1534 2149 1636 2187 enim

172 2217 314 2264 dicere,
334 2216 482 2255 etiamsi
502 2215 651 2252 nullum
681 2213 786 2251 aliud
808 2214 844 2250 in
866 2213 1027 2251 Graecos
1047 2211 1277 2250 beneficium
1298 2211 1569 2258 contulissent,
1589 2212 1641 2249 ob

172 2278 267 2316 illud
297 2287 426 2316 tamen
453 2277 506 2315 eis
533 2278 619 2328 jure
641 2288 774 2314 omnes
801 2276 963 2326 gratiam
995 2274 1207 2320 habituros,
1235 2273 1354 2324 quod,
1374 2273 1640 2325 pulcherrimis

174 2340 357 2379 institutis
374 2340 552 2384 inventis,
569 2339 706 2377 eadem
721 2344 760 2375 et
779 2337 851 2388 ipsi
874 2343 1122 2388 usurpassent
1138 2343 1178 2374 et
1195 2336 1278 2373 aliis
1293 2336 1640 2374 demonstrassent.

218 2403 295 2443 82.
327 2401 414 2439 Hoc
433 2400 487 2438 ita
504 2400 671 2438 breviter
692 2405 731 2436 et
751 2399 884 2450 paucis
905 2398 1053 2436 dictum
1074 2398 1111 2435 in
1131 2410 1250 2435 causa
1266 2397 1339 2435 fuit
1360 2410 1407 2435 ne
1427 2397 1476 2434 ibi
1494 2397 1638 2434 finirem

176 2463 386 2501 orationem
404 2462 469 2499 ubi
490 2462 750 2505 decreveram,
768 2473 812 2498 ac
833 2466 943 2511 turpe
966 2460 1048 2498 fore
1068 2459 1248 2497 ducerem
1271 2458 1502 2508 minimeque
1521 2459 1644 2496 feren-

177 2525 284 2571 dum,
303 2525 334 2562 si
360 2536 583 2574 quenquam
604 2536 651 2561 ex
671 2522 766 2560 meis
795 2521 995 2572 discipulis
1016 2521 1053 2559 in
1073 2527 1284 2571 conspectu
1312 2532 1398 2557 meo
1419 2520 1544 2557 verbis
1570 2519 1641 2557 im-

176 2587 304 2637 probis
325 2586 378 2624 uti
398 2592 558 2636 paterer.
620 2585 719 2622 Haec
739 2584 916 2634 cogitans
936 2583 1223 2633 interrogabam
1245 2581 1389 2619 nihilne
1405 2589 1558 2619 curaret
1575 2593 1642 2620 eos

178 2647 244 2698 qui
265 2639 464 2692 adessent,
485 2659 556 2684 nec
578 2645 694 2697 impia
712 2652 751 2683 et
777 2645 876 2682 falsa
896 2651 935 2682 et
954 2644 1084 2682 multis
1115 2642 1644 2682 contradictionibusreferta

178 2708 304 2747 dicere
325 2706 595 2746 erubesceret?
653 2706 909 2757 Intelliges
948 2712 1102 2744 autem
1133 2705 1320 2754 (inquam)
1354 2705 1421 2742 ita
1452 2717 1569 2749 esse,
1605 2705 1643 2743 si

180 2769 512 2820 prudentiores
552 2767 867 2818 interrogaris
905 2780 1005 2817 quae
1048 2764 1275 2803 instituta.
1322 2765 1644 2816 pulcherrima

181 2842 286 2868 esse
323 2829 521 2880 putent?
568 2828 736 2868 deinde
774 2835 998 2878 quantum
1036 2825 1266 2875 temporis
1304 2825 1556 2864 effluxerit
1590 2840 1643 2864 ex

182 2904 273 2942 quo
320 2891 544 2941 Spartani
591 2891 634 2928 in
683 2890 1021 2940 Peloponneso
1069 2887 1420 2926 consederunt?
1497 2888 1644 2926 Nemo

184 2952 302 2991 enim
336 2958 408 2990 est
437 2952 549 3002 quin
582 2951 861 3001 religiosum
894 2950 1073 2988 cultum
1104 2949 1293 2987 deorum
1331 2957 1376 2988 et
1402 2950 1643 2999 justitiam
