1870 3277
254 144 332 178 410
920 138 1036 174 lSAEl

259 240 396 278 beatis.
461 240 547 276 Jam
576 251 678 284 vero,
705 238 843 289 quibus
873 239 909 275 in
938 240 1051 276 rebus
1080 237 1333 286 interrogatus
1360 237 1462 274 haud
1491 235 1699 287 respondit,

260 308 377 339 testes
398 299 524 337 nullos
548 299 741 350 produxit,
761 299 1029 350 jusjurandum
1055 310 1129 335 non
1157 297 1266 342 dixit,
1291 297 1416 347 legem
1440 297 1583 335 nullam
1605 297 1698 334 alle-

259 361 377 412 gavit,
400 360 435 396 in
456 360 501 397 iis
521 368 650 411 sperat
671 373 738 398 vos
759 360 872 397 fidem
892 361 961 398 sibi
979 359 1174 397 habituros
1195 358 1309 396 aienti
1328 372 1414 409 quae
1433 359 1527 404 vult,
1547 372 1614 396 vos
1634 358 1699 409 qui

253 421 504 473 jurejurando
524 421 804 472 spoponderitis
832 434 852 458 e
878 429 1073 472 praecepto
1092 421 1220 471 legum
1241 421 1469 458 sententiam
1489 433 1554 457 vos
1573 421 1700 458 dictu-

259 497 336 530 ros,
356 490 394 521 et
412 483 465 520 sic
486 496 506 520 e
525 483 635 520 titulo
655 483 899 530 εἰσαγγελίας
925 484 1039 532 hujus
1066 496 1143 533 qua
1169 495 1226 519 me
1254 482 1502 519 denunciavit
1528 494 1588 518 me
1606 494 1699 518 con—

260 546 523 584 demnaturos:
562 552 638 581 tam
665 544 835 594 impurus
859 552 935 582 tam
962 544 1172 594 flagitiosus
1198 550 1236 581 et
1258 543 1462 594 impudens
1488 543 1602 580 homo
1627 549 1699 579 est.

262 607 346 657 Ego
365 613 496 644 contra
516 605 569 642 ita
587 618 644 642 me
664 613 705 642 ut
731 604 793 642 ille
813 618 890 642 non
911 618 1054 655 geram,
1076 605 1143 642 sed
1163 614 1201 642 et
1219 605 1326 655 cujas
1347 605 1415 641 sim
1437 604 1546 641 edam
1567 612 1605 641 et
1623 616 1700 653 quo

260 668 369 706 titulo
391 667 480 704 mihi
501 666 690 704 hereditas
710 673 916 716 competat,
935 674 973 703 et
993 666 1147 716 planum
1175 666 1311 704 faciam
1334 678 1409 702 non
1437 664 1539 702 hunc
1559 665 1701 702 solum-

262 729 377 766 modo
397 741 567 779 puerum,
597 728 665 765 sed
686 728 857 765 universe
877 728 1095 778 quicunque
1116 727 1180 765 alii
1205 726 1279 764 hac
1305 726 1352 764 de
1382 726 1592 764 hereditate
1613 739 1703 763 con-

259 791 478 835 tenderunt,
510 802 578 827 eos
609 796 714 827 extra
743 789 1066 840 propinquitatem
1096 802 1183 826 cum
1216 789 1371 839 Hagnia
1398 801 1496 838 esse,
1525 796 1569 826 ut
1597 789 1704 826 vobis

259 853 354 904 ipsis
376 851 636 890 confitendum
657 852 706 888 sit
725 864 784 888 me
804 864 894 888 vera
913 851 1121 901 disputare.
1160 850 1302 887 Verum
1322 850 1490 888 ordinem
1509 851 1558 888 rei
1579 858 1703 901 gestae

262 929 284 952 a
305 913 491 964 principio
511 911 601 949 inde
617 924 777 949 necesse
796 918 855 949 est
869 925 928 948 me
944 924 1138 954 enarrare;
1169 911 1270 948 unde
1288 911 1508 961 intelligetis
1527 921 1564 949 et
1584 925 1704 950 meam

258 988 348 1013 curn
366 972 522 1023 Hagnia
541 972 858 1023 propinquitatem
879 979 918 1009 et
935 971 995 1009 his
1014 972 1161 1009 nullum
1177 985 1262 1009 esse
1277 971 1340 1022 jus
1359 972 1471 1022 hujus
1488 973 1707 1011 hereditatis

260 1035 452 1086 petendae.

318 1098 354 1134 3.
386 1097 470 1147 Ego
490 1097 589 1134 enim
610 1104 648 1135 et
669 1098 860 1148 Hagnias‚
881 1098 1049 1150 judices,
1076 1104 1115 1135 et
1140 1096 1349 1135 Stratocles
1375 1104 1413 1135 et
1437 1098 1613 1143 Stratius,
1640 1098 1705 1148 qui

264 1158 429 1197 Stratius
454 1159 668 1197 avunculus
700 1160 866 1210 Hagniae
892 1167 964 1205 est,
994 1173 1014 1197 e
1044 1158 1280 1197 consobrinis
1311 1159 1391 1197 nati
1424 1172 1574 1197 sumus:
1617 1171 1705 1196 nam

261 1228 390 1270 patres
429 1220 548 1257 nostri
586 1227 696 1258 erant
728 1221 946 1258 consobrini
979 1228 1018 1258 et
1050 1229 1176 1272 patres
1208 1233 1338 1258 eorum
1371 1221 1524 1258 fuerant
1557 1221 1705 1258 fratres.

263 1279 437 1330 Hagnias
457 1280 585 1330 igitur,
613 1281 649 1317 in
676 1281 874 1331 procinctu
902 1289 1006 1319 stans
1035 1294 1122 1319 cum
1148 1294 1245 1319 nave
1272 1281 1320 1318 ad
1341 1280 1569 1332 legationem
1591 1282 1706 1332 profi-

262 1341 431 1380 ciscendi
461 1341 649 1392 ejusmodi
678 1342 714 1378 in
743 1355 861 1380 causa
889 1342 990 1393 unde
1020 1343 1112 1393 reip.
1142 1342 1439 1380 emolumentum
1470 1343 1708 1394 sperabatur,

261 1415 336 1440 non
358 1402 468 1440 nobis
489 1414 628 1453 genere
647 1402 826 1452 proximis
846 1404 948 1440 bona
974 1416 1056 1448 sua,
1085 1403 1115 1441 si
1135 1403 1228 1453 quid
1249 1403 1282 1440 ei
1305 1404 1428 1441 secius
1450 1404 1706 1455 contingeret,

263 1464 429 1514 reliquit,
455 1463 522 1500 sed
547 1476 616 1513 pro
640 1463 716 1501 filia
743 1463 811 1501 sibi
838 1464 1050 1514 adoptabat
1077 1465 1216 1502 sororis
1238 1478 1317 1501 suae
1337 1464 1473 1508 filiam3
1504 1465 1559 1502 sin
1580 1473 1708 1503 autem

260 1525 326 1563 illa
341 1537 494 1575 quoque
515 1536 537 1561 a
557 1524 709 1561 sinistro
728 1524 809 1562 fato
830 1524 1041 1569 tolleretur,
1063 1525 1256 1562 Glauconi
1277 1526 1379 1562 bona
1397 1539 1467 1562 sua
1487 1526 1709 1577 delegabat,

261 1586 327 1636 qui
356 1586 475 1623 frater
499 1585 532 1622 ei
558 1591 642 1622 erat
661 1586 849 1622 uterinus:
881 1593 919 1623 et
941 1585 1026 1623 haec
1056 1586 1091 1622 in
1120 1586 1261 1623 tabulis
1290 1599 1312 1623 a
1336 1600 1375 1624 se
1402 1588 1628 1638 conscriptis
1656 1588 1711 1626 ita

262 1646 534 1685 constituebat.
590 1645 778 1696 Tempore
799 1645 1000 1697 interjecto
1019 1653 1107 1697 post
1125 1647 1201 1684 vita
1220 1647 1372 1684 excedit
1393 1647 1617 1694 Eubulides‚
1636 1662 1709 1688 nec

262 1722 339 1747 non
367 1707 494 1759 puella
521 1707 569 1744 ab
591 1706 745 1757 Hagnia
763 1707 800 1744 in
821 1707 909 1745 filiae
929 1707 1057 1745 locum
1078 1708 1281 1759 adoptata3
1311 1718 1351 1747 et
1372 1710 1425 1747 sic
1445 1723 1466 1747 e
1487 1711 1710 1761 praescripto

262 1769 479 1809 testamenti
504 1769 757 1806 hereditatem
786 1769 917 1807 adibat
935 1769 1100 1808 Glauco.
1159 1771 1241 1808 Nos
1265 1784 1352 1809 vero
1378 1772 1550 1810 nondum
1576 1786 1709 1811 cense-

263 1833 399 1870 bamus
419 1830 606 1868 adversus
625 1830 722 1868 illud
741 1837 1015 1869 testamentum
1035 1833 1146 1870 nobis
1172 1846 1255 1870 esse
1276 1846 1390 1884 super
1414 1833 1480 1871 illa
1499 1833 1710 1873 hereditate

265 1892 592 1939 contendendum,
613 1892 680 1930 sed
703 1893 935 1944 putabamus
962 1893 1155 1932 testatoris
1175 1894 1410 1933 voluntatem
1429 1895 1568 1933 debere
1589 1904 1711 1934 ratam

265 1969 363 1993 esse.
438 1954 713 1991 Constitutioni
747 1954 828 2005 ejus
867 1955 993 2006 itaque
1028 1955 1248 1994 inhaesimus
1286 1963 1401 2007 atque
1436 1958 1710 2008 acquievimus.

268 2015 469 2054 Eubulidis
497 2022 626 2053 autem
653 2015 732 2053 filia
761 2029 839 2054 una
867 2029 956 2054 curn
985 2016 1069 2054 aliis
1097 2031 1252 2055 causam
1279 2031 1368 2056 cum
1399 2032 1443 2057 ea
1467 2032 1712 2058 communem

264 2078 491 2115 facientibus
513 2077 764 2115 hereditatem
794 2091 816 2115 a
839 2078 1036 2129 judicibus
1066 2079 1174 2129 petit,
1206 2087 1321 2132 atque
1350 2080 1486 2119 auffert
1505 2081 1614 2120 victis
1640 2082 1713 2121 iliis

266 2139 331 2189 qui
352 2151 433 2176 eam
456 2151 502 2175 ex
526 2139 612 2188 jure
635 2138 857 2177 testamenti
885 2140 1087 2190 petierant,
1113 2154 1333 2192 quanquam
1360 2149 1469 2180 extra
1487 2143 1713 2195 propinqui-

266 2207 385 2238 tatem
413 2205 512 2242 erat;
556 2212 686 2237 verum
718 2201 896 2251 sperabat
924 2200 1102 2238 illa—ut
1129 2201 1415 2241 videtur—nos
1445 2216 1576 2242 secum
1607 2204 1713 2243 litem

266 2261 370 2300 haud
390 2274 475 2298 esse
494 2273 713 2306 exorsuros,
733 2261 797 2311 qui
817 2262 1001 2300 adversus
1022 2269 1293 2302 testamentum
1313 2265 1364 2302 nil
1387 2278 1561 2304 essemus
1581 2266 1715 2304 moliti.
1734 2305 1736 2308 ,

267 2322 351 2360 Nos
371 2328 513 2367 autem,
529 2335 602 2373 ego
620 2329 658 2360 et
675 2322 839 2360 Stratius
860 2329 898 2360 et
913 2323 1133 2371 Stratocles,
1151 2326 1241 2376 quia
1261 2326 1379 2365 semel
1398 2327 1614 2377 patefactus
1635 2335 1717 2366 erat

268 2397 372 2421 nunc
385 2382 494 2421 locus
509 2383 691 2434 proximis
702 2383 923 2433 propinquis
940 2397 1055 2434 super
1070 2385 1282 2424 hereditate
1298 2386 1429 2438 injure
1439 2388 1714 2434 contendendi,

270 2447 499 2497 parabamus
530 2456 599 2482 nos
627 2457 760 2482 omnes
786 2443 833 2482 ad
862 2445 1090 2494 petendum:
1131 2449 1354 2498 priusquam
1381 2461 1471 2486 vero
1497 2449 1712 2488 sortitiones

268 2508 415 2551 fierent,
438 2505 694 2543 moriebantur
724 2505 887 2543 Stratius
914 2512 953 2543 et
978 2507 1206 2554 Stratocles,
1233 2517 1271 2547 et
1301 2509 1355 2548 sic
1375 2510 1618 2560 relinquebar
1637 2524 1711 2561 ego

269 2567 374 2605 solus
401 2573 593 2616 superstes
623 2573 644 2604 e
670 2573 785 2616 gente
811 2567 1124 2605 consobrinorum
1153 2569 1318 2620 Hagniae
1345 2583 1368 2608 a
1394 2578 1500 2621 parte
1531 2577 1710 2622 paterna;

270 2642 358 2666 nam
385 2640 479 2665 avus
509 2640 616 2664 meus
647 2634 829 2677 paternus
852 2627 969 2666 frater
993 2629 1116 2667 fuerat
1144 2631 1262 2680 patris
1292 2631 1471 2681 Hagniae,
1501 2639 1540 2670 et
1568 2633 1623 2671 sic
1643 2634 1716 2672 soli

271 2689 361 2726 mihi
387 2689 491 2727 facta
517 2695 577 2726 est
603 2688 775 2739 legitima
800 2689 914 2740 hujus
932 2689 1154 2728 hereditatis
1175 2691 1320 2743 petitio,
1346 2692 1495 2730 caeteris
1524 2693 1714 2740 omnibus,

273 2750 410 2800 quibus
429 2762 476 2787 ex
491 2749 600 2787 titulo
615 2749 960 2804 consanguinitatis
976 2764 1044 2802 par
1058 2758 1139 2789 erat
1151 2751 1216 2802 jus
1231 2753 1401 2803 petendi,
1417 2753 1492 2791 vita
1507 2754 1714 2793 defunctis.

274 2813 392 2855 Quod
413 2820 541 2860 autem
568 2813 668 2859 mihi,
684 2813 839 2864 quidem
865 2813 999 2852 titulus
1024 2815 1249 2865 ἀγχιστείας
1275 2828 1344 2860 seu
1369 2817 1659 2867 propinquitatis
1677 2825 1717 2856 et

270 2887 336 2925 per
356 2873 463 2911 illum
482 2873 633 2911 titulum
658 2873 721 2924 jus
749 2874 1001 2913 hereditatem
1027 2875 1184 2926 petendi
1209 2883 1415 2928 competat,
1437 2877 1563 2916 minus
1583 2884 1711 2917 autem
