1870 3277
273 209 321 244 78
858 207 1149 247 ISOCRATIS

271 320 341 358 ret,
369 315 478 365 plura
497 325 613 364 quam
634 312 838 365 oportebat
860 313 963 350 bella
983 313 1236 362 gerebamus;
1268 323 1372 348 nunc
1394 308 1626 348 necessitate
1647 309 1745 360 peri-

270 376 349 414 culi
377 376 568 414 subeundi
592 383 768 426 urgente,
794 373 915 412 otium
943 374 1162 425 expetimus
1190 381 1230 410 et
1249 372 1297 410 de
1317 372 1524 410 securitate
1545 370 1744 409 consulta-

269 451 371 476 mus.
441 438 559 489 Atqui
592 437 743 488 cupidis
779 435 967 473 libertatis
1007 436 1154 473 foedera
1185 448 1273 472 cum
1315 433 1498 471 mandato
1535 433 1743 483 conjuncta

268 500 456 551 fugienda
475 507 578 544 sunt,
609 511 747 550 parum
768 498 868 535 enim
891 496 1073 535 differunt
1093 510 1114 535 a
1136 497 1342 539 servitute;
1373 503 1453 532 tum
1476 507 1564 532 vero
1584 495 1741 532 demum

268 563 317 600 de
344 562 630 600 conditionibus
658 560 869 611 agendum,
891 572 1009 609 quum
1040 567 1107 597 aut
1129 559 1299 596 hostium
1331 558 1464 608 copias
1491 556 1651 594 vicerint
1677 562 1745 593 aut

269 637 383 662 suum
411 624 527 662 robur
558 623 709 660 illorum
740 622 883 659 viribus
914 621 1123 671 aequarint:
1159 633 1247 658 nam
1280 620 1395 658 talem
1422 618 1580 670 quidem
1609 631 1743 656 omnes

268 699 407 737 pacem
427 686 594 722 habituri
615 692 719 727 sunt,
748 682 902 734 qualem
923 682 1015 720 belli
1036 683 1151 719 finem
1173 681 1346 719 fecerint.

323 750 388 784 253.
422 747 523 783 Haec
545 745 755 796 cogitanda
777 744 886 782 nobis
911 753 1014 790 sunt,
1045 756 1169 794 neque
1190 742 1514 781 committendum
1535 750 1579 780 ut
1599 750 1742 780 temere

268 822 339 846 nos
362 809 398 845 in
420 817 551 859 turpes
582 809 780 859 pactiones
811 807 1064 854 conjiciamus
1096 813 1164 843 aut
1189 806 1300 857 pejus
1331 806 1379 843 de
1409 807 1533 856 patria
1555 817 1671 856 quam
1695 805 1742 842 de

266 871 349 908 aliis
367 870 536 908 solemus
556 869 792 907 mereamini.
843 869 922 906 Sed
942 868 1036 905 illud
1053 867 1348 913 recordandum,
1366 867 1551 918 superiori
1570 874 1743 918 ternpore

268 948 390 984 quum
414 947 435 971 e
463 933 577 971 sociis
599 932 820 971 civitatibus
849 931 961 969 alicui
989 932 1257 970 circumsessae
1280 930 1340 968 vel
1366 944 1467 968 nnus
1489 929 1741 969 Lacedaemo·

270 996 357 1034 nius
380 1008 493 1047 opem
514 995 681 1040 tulisset,
700 994 820 1032 fuisse
842 994 1033 1031 neminem
1056 994 1121 1043 qui
1144 993 1342 1031 dubitaret
1362 994 1453 1041 quin
1475 1006 1522 1031 ea
1546 1007 1613 1044 per
1634 993 1742 1030 illum

269 1066 499 1097 conservata
521 1065 636 1096 esset.
694 1059 751 1095 Ac
783 1058 917 1096 talium
940 1058 1106 1095 virorum
1134 1057 1314 1108 permulti
1340 1070 1363 1095 a
1391 1058 1606 1095 senioribus
1637 1070 1741 1095 com·

267 1127 541 1165 memorantur,
556 1119 827 1157 celeberrimos
845 1126 972 1157 autem
995 1126 1033 1156 et
1053 1132 1127 1169 ego
1144 1119 1475 1171 referrepossum.
1535 1119 1743 1157 Pedaritus

268 1182 371 1219 enim
401 1181 542 1218 Chium
566 1180 764 1232 profectus
795 1181 927 1218 urbem
958 1180 1221 1218 conservavit:
1266 1179 1447 1218 Brasidas
1476 1180 1743 1231 Amphipolim

269 1243 481 1294 ingressus,
516 1249 554 1281 et
588 1243 779 1281 instructa
813 1255 862 1280 ex
895 1242 1030 1292 paucis
1065 1255 1198 1280 eorum
1232 1241 1298 1292 qui
1333 1242 1614 1280 obsidebantur
1647 1243 1743 1288 acie,

266 1305 414 1343 multos
428 1305 491 1355 qui
513 1304 747 1342 obsidebant
767 1303 899 1355 praelio
922 1304 1028 1341 vicit:
1062 1303 1255 1355 Gylippus
1271 1304 1521 1356 Syracusanis
1537 1303 1744 1342 auxiliatus

268 1381 345 1406 non
365 1367 450 1405 illos
471 1366 597 1404 solum
619 1366 875 1410 conservavit,
895 1365 963 1403 sed
981 1366 1113 1416 copias
1128 1365 1295 1403 hostium
1313 1366 1429 1404 etiam
1446 1374 1546 1404 terra
1568 1366 1742 1417 marique

265 1429 479 1480 superiores
499 1428 536 1464 in
565 1435 795 1479 potestatem
821 1441 932 1465 suam
958 1426 1106 1477 redegit
1128 1427 1340 1466 universas.
1398 1427 1503 1471 Quid
1524 1441 1614 1465 vero
1636 1428 1743 1466 dictu

265 1492 404 1530 soedius
425 1499 485 1528 est
506 1504 621 1542 quam
642 1504 762 1541 quum
788 1490 878 1528 olim
907 1490 1047 1539 singuli
1077 1498 1251 1528 nostrum
1276 1491 1422 1529 alienas
1449 1491 1624 1530 civitates
1645 1491 1743 1529 tueri

266 1554 476 1605 potuerint,
501 1565 603 1590 nunc
625 1552 823 1590 universos
845 1553 894 1590 de
914 1558 1049 1589 nostra
1074 1552 1201 1602 patria
1220 1552 1469 1591 defendenda
1492 1553 1670 1591 dubitare
1697 1566 1742 1591 ac

267 1629 315 1653 ne
348 1614 479 1653 conari
512 1614 693 1665 quidem?
736 1627 855 1664 quum
887 1613 999 1651 bellis
1029 1626 1099 1664 pro
1132 1613 1295 1651 aliorum
1331 1614 1456 1653 salute
1489 1615 1669 1665 gerendis
1703 1621 1743 1652 et

265 1678 398 1715 Asiam
429 1685 469 1715 et
503 1676 698 1727 Europam
732 1676 917 1727 trophaeis
949 1676 1236 1726 repleverimuS‚
1272 1690 1341 1727 pro
1373 1678 1510 1728 patria,
1543 1691 1631 1729 qnae
1662 1685 1742 1716 tam

267 1739 409 1789 insigni
431 1752 507 1777 non
528 1738 666 1790 injuria
687 1738 757 1776 sed
778 1737 1016 1776 contumelia
1041 1737 1223 1783 afficitur,
1243 1738 1392 1776 nullum
1414 1739 1588 1789 praelium
1611 1739 1743 1790 aliquo

266 1801 420 1838 nomine
441 1800 601 1851 dignum
624 1798 888 1837 commisisse?
917 1812 1034 1849 quum
1057 1799 1140 1836 aliae
1168 1799 1343 1838 civitates
1371 1799 1491 1838 nostri
1517 1801 1650 1838 tuendi
1672 1802 1743 1838 im·

265 1862 357 1914 perii
377 1875 498 1900 causa
517 1869 707 1899 extremas
729 1861 954 1899 obsidiones
971 1860 1187 1907 tolerarint,
1203 1874 1274 1898 nos
1291 1861 1411 1912 ipsos,
1428 1875 1477 1899 ne
1492 1862 1583 1912 quid
1603 1870 1743 1913 praeter

258 1925 324 1977 jus
345 1931 383 1962 et
401 1937 558 1975 aequum
579 1924 704 1963 facere
726 1936 927 1973 cogamur,
949 1936 995 1961 eo
1014 1935 1100 1960 esse
1122 1923 1250 1961 animo
1273 1931 1314 1960 ut
1333 1936 1382 1962 ne
1403 1937 1563 1974 parvum
1585 1924 1740 1977 quidem

265 1986 557 2025 incommodum
594 1986 795 2023 ferendum
827 1985 937 2022 nobis
968 1984 1220 2022 arbitremur?
1259 1998 1379 2034 quum
1414 1985 1586 2036 insignes
1619 1998 1742 2036 equos

267 2048 416 2087 alamus
446 2049 564 2085 etiam
590 2061 708 2096 nunc,
739 2059 874 2098 pacem
907 2046 961 2084 ita
987 2045 1116 2084 facere
1142 2054 1186 2083 ut
1212 2047 1278 2096 qui
1307 2054 1480 2084 extrema
1508 2047 1743 2086 necessitate

265 2109 541 2148 conflictantur
561 2109 814 2158 omniumque
836 2121 959 2146 rerum
981 2108 1110 2158 inopia
1130 2108 1330 2146 laborant?

319 2172 389 2207 24.
422 2170 524 2207 Illud
546 2176 677 2207 autem
698 2169 869 2207 omnium
890 2168 1199 2218 indignissimum
1220 2177 1292 2215 est,
1312 2169 1419 2220 quod
1439 2171 1505 2220 qui
1526 2170 1744 2208 tolerantis-

268 2231 354 2270 simi
375 2232 548 2269 laborum
573 2231 669 2267 inter
685 2243 820 2268 omnes
837 2230 1001 2268 Graecos
1018 2230 1138 2267 habiti
1154 2243 1301 2275 sumus,
1318 2230 1377 2268 his
1392 2230 1441 2269 de
1457 2233 1572 2270 rebus
1584 2233 1742 2283 segnius

268 2307 382 2345 quam
404 2293 537 2331 caeteri
557 2292 831 2330 deliberamus.
882 2293 991 2336 Quos
1012 2292 1112 2330 enim
1136 2293 1312 2330 novimus
1329 2305 1495 2343 quorum
1513 2294 1573 2331 vel
1595 2296 1741 2333 mentio

266 2354 451 2393 facienda
470 2361 543 2400 est,
561 2354 627 2404 qui
648 2354 767 2391 semel
783 2354 872 2391 victi
897 2367 1050 2404 unaque
1072 2354 1325 2405 impressione
1346 2354 1450 2392 facta
1465 2355 1562 2394 adeo
1582 2355 1744 2393 effoemi·

266 2424 357 2455 nate
378 2424 608 2466 receperunt
626 2428 692 2453 eos
712 2415 900 2466 imperata
918 2416 1086 2453 facturos
1108 2429 1195 2453 esse
1215 2415 1369 2454 omnia?
1400 2416 1489 2460 Quo
1510 2425 1627 2468 pacto
1647 2417 1743 2456 tales

267 2480 488 2518 diuturnam
513 2478 773 2516 calamitatem
804 2477 1037 2515 tolerarent?
1079 2478 1209 2521 Quum
1239 2479 1427 2517 Messenii
1451 2480 1587 2530 viginti
1618 2493 1740 2518 annos

267 2541 305 2579 in
328 2541 401 2579 hac
423 2540 580 2591 regione
601 2539 752 2577 obsessi
779 2539 935 2584 fuerint,
958 2538 1025 2589 qui
1048 2552 1117 2577 nos
1141 2553 1219 2577 non
1247 2540 1587 2591 reprehenderent,
1607 2541 1639 2580 si
1659 2548 1738 2579 tam

267 2602 444 2640 celeriter
478 2614 544 2652 per
574 2601 775 2652 pactiones
805 2612 852 2638 ea
884 2601 978 2637 urbe
1012 2600 1254 2647 cederemus,
1287 2614 1334 2639 ne
1366 2599 1552 2653 majorum
1584 2602 1741 2653 quidem

268 2676 472 2707 memoreS‚
492 2670 532 2701 et
551 2676 667 2713 quam
688 2662 739 2699 illi
762 2661 888 2699 multis
909 2661 1103 2700 laboribus
1125 2669 1163 2700 et
1184 2662 1366 2714 periculis
1386 2671 1634 2714 paraverunt,
1655 2677 1739 2703 eam

269 2738 340 2763 nos
363 2725 523 2763 adducti
544 2724 669 2762 verbis
691 2723 979 2761 amitteremus?

323 2788 388 2823 25.
420 2786 572 2830 Quibus
593 2785 774 2823 omnibus
800 2784 977 2823 nonnulli
997 2784 1200 2835 neglectis,
1220 2785 1405 2836 nullaque
1427 2786 1650 2837 multiplicis
1671 2787 1740 2826 de-

267 2846 417 2886 decoris
437 2847 569 2884 habita
590 2846 750 2892 ratione,
779 2846 874 2884 talia
898 2847 1110 2884 consulunt
1129 2847 1252 2892 vobis,
1273 2847 1403 2897 qualia
1423 2848 1572 2899 reipub.
1596 2857 1739 2888 nostrae

266 2907 550 2947 contumeliosa
580 2907 710 2945 futura
737 2915 841 2946 sunt.
901 2908 958 2946 Ac
983 2915 1061 2946 tam
1090 2908 1231 2959 cupide
1253 2921 1321 2946 vos
1342 2909 1393 2947 ad
1415 2910 1639 2948 Messenam
1662 2918 1739 2949 tra-

265 2970 435 3009 dendam
463 2969 682 3014 hortantur,
717 2978 760 3007 ut
789 2977 828 3007 et
860 2977 1003 3008 nostrae
1038 2970 1139 3008 urbis
1167 2969 1474 3009 imbecillitatem
1505 2980 1544 3010 et
1574 2972 1740 3010 hostium

1031 3034 1046 3049 1·
