1870 3277
267 171 343 205 440
495 166 767 204 DlNARCHl
803 166 1028 203 CONTRA
1064 166 1498 204 DEMOSTHENEN.

264 269 448 313 conferte,
472 276 596 306 utrum
625 269 711 306 urbs
742 281 806 318 per
833 268 947 305 istum
978 270 1080 306 facta
1099 269 1149 305 sit
1176 268 1435 311 miserabilior,
1456 280 1503 303 an
1534 279 1620 304 vero
1646 278 1710 316 per

268 330 394 367 urbem
415 329 693 367 Demosthenes
710 329 724 365 ἲ
754 329 968 380 Reperietis
982 330 1079 367 enim
1095 330 1205 366 istum
1224 342 1269 366 ex
1285 341 1360 379 quo
1376 328 1424 365 ad
1440 327 1707 378 rempublicam

266 391 428 429 accessit
446 391 690 441 splendidum
711 403 794 428 esse
812 390 970 435 factum,
993 399 1030 428 et
1048 404 1114 441 pro
1134 391 1316 441 scriptore
1337 389 1548 427 orationum
1566 396 1603 425 et
1623 388 1710 426 Cte-

265 452 360 502 sippi
381 465 426 490 ac
447 451 684 490 Phormionis
706 450 902 489 causidico
921 452 1050 490 multis
1071 452 1150 489 aliis
1179 452 1325 489 civibus
1347 450 1643 501 locupletiorem,
1663 462 1708 487 ex

263 514 424 551 obscuro
449 522 488 551 et
513 514 617 552 nulla
648 514 768 565 patria
799 514 984 564 majorum
1021 515 1140 565 gloria
1168 522 1302 552 ornato
1336 514 1545 555 illustrem
1578 513 1706 550 urbem

264 582 389 612 autem
419 575 525 613 aliter
553 575 727 614 affectam
747 588 860 626 quam
887 588 955 626 pro
984 576 1169 626 dignitate
1200 588 1270 613 sua
1297 583 1333 613 et
1364 575 1484 625 gloria
1513 577 1707 622 majorum.

262 635 397 686 Itaque
418 636 614 687 repudiata
631 637 889 675 misericordia
908 644 947 675 et
962 637 1177 689 imposturis
1196 638 1302 675 istius
1324 644 1497 675 sanctum
1514 635 1707 686 etjustum

263 696 356 734 ferte
386 696 620 748 suffragium,
643 706 681 736 et
708 698 798 749 quid
828 698 975 750 patriae,
997 712 1072 737 non
1093 699 1183 749 quid
1218 698 1482 742 Demostheni,
1513 697 1708 742 conducat

264 758 527 796 considerate:
557 759 750 798 hoc.enim
770 766 830 797 est
849 761 1033 798 bonorum
1047 760 1221 811 judicum
1242 759 1416 797 officium.

317 821 381 857 21.
405 820 519 864 Quod
540 821 571 858 si
585 821 669 871 quis
685 821 930 859 adscenderit
945 821 1195 859 Demostheni
1211 821 1530 871 patrocinaturus,
1542 819 1708 871 cogitate

264 894 352 919 eum
377 881 582 927 hominem,
603 883 633 920 si
654 895 728 920 non
751 883 799 920 sit
826 882 1012 920 obnoxius
1032 882 1166 919 futuris
1189 881 1458 925 delationibus,
1480 882 1577 919 male
1609 880 1706 918 velle

263 943 495 993 reipublicae,
511 943 573 993 qui
596 955 666 980 nec
686 950 820 981 contra
831 942 1018 994 populum
1037 956 1194 981 munera
1206 949 1452 993 acceptantes
1467 955 1599 992 poeuas
1615 942 1706 980 dare

261 1004 374 1048 sinat,
394 1010 432 1041 et
449 1016 687 1041 communem
718 1017 919 1055 corporum
947 1010 1160 1042 vestrorum
1177 1003 1406 1047 custodiam,
1427 1015 1511 1053 quae
1533 1003 1706 1052 Areopa-

262 1064 376 1115 gitico
401 1071 461 1103 est
479 1065 641 1103 concilio
660 1066 877 1112 commissa,
899 1065 1072 1117 abrogari
1101 1064 1204 1111 velit,
1225 1072 1263 1103 et
1280 1064 1463 1103 confundi
1489 1065 1604 1102 totius
1619 1064 1707 1114 jura

263 1126 450 1164 civitatis:
481 1127 539 1164 siu
559 1134 685 1165 orator
711 1134 779 1166 aut
803 1127 1020 1179 imperator,
1047 1126 1159 1164 exiis
1186 1127 1250 1177 qui
1276 1132 1542 1177 exspectatum
1575 1132 1708 1163 contra

263 1201 304 1225 se
323 1187 503 1225 indicium
522 1187 598 1225 fide
612 1201 741 1227 carere
756 1189 902 1235 volunt,
918 1190 951 1227 ei
969 1188 1323 1240 patrocinabuntur,
1339 1200 1414 1224 non
1435 1187 1540 1224 vobis
1555 1186 1706 1225 auscul-

262 1249 421 1287 tandum
442 1249 512 1286 erit
531 1249 681 1287 illorum
700 1251 875 1296 orationi,
893 1249 960 1288 sed
982 1249 1178 1287 sciendum
1196 1249 1242 1286 ab
1258 1249 1433 1286 omnibus
1453 1248 1533 1286 istis
1552 1252 1706 1285 mutuas

247 1310 359 1349 ,tradi
379 1323 513 1360 operas
535 1310 571 1347 in
595 1311 765 1362 Harpalo
785 1319 823 1350 et
843 1311 1060 1362 recipiendo
1079 1317 1118 1348 et
1137 1309 1372 1347 dimittendo.
1432 1309 1708 1347 Existimantes

260 1372 388 1423 igitur,
406 1372 679 1420 Athenienses,
699 1380 834 1412 contra
853 1387 919 1412 vos
940 1374 1033 1412 istos
1054 1385 1186 1411 omnes
1207 1371 1441 1410 adscendere
1466 1378 1579 1422 atque
1599 1383 1705 1409 com·-

261 1446 395 1471 munes
414 1433 543 1472 hostes
562 1448 647 1472 esse
676 1435 806 1486 legum
826 1441 864 1472 et
890 1435 1005 1472 totius
1024 1434 1202 1479 civitatis,
1221 1446 1269 1470 ne
1297 1433 1511 1484 approbetis
1536 1445 1613 1477 eos,
1635 1431 1704 1470 sed

259 1496 515 1534 accusationis
536 1497 665 1546 capita
691 1497 833 1534 diluere
855 1496 1057 1547 jubetote3
1089 1507 1210 1545 neque
1235 1494 1347 1532 etiam
1374 1493 1483 1531 istius
1509 1494 1627 1544 ipsius
1647 1493 1702 1530 in-

262 1557 420 1601 saniam,
444 1557 508 1607 qui
535 1557 754 1607 eloquentia
773 1571 842 1595 sua
870 1569 1104 1607 magnopere
1129 1556 1250 1593 fretus
1277 1561 1356 1599 est3
1386 1567 1499 1604 quem
1519 1555 1581 1591 ubi
1609 1566 1703 1592 con-

261 1618 398 1656 stiterit
418 1618 522 1656 vobis
551 1626 751 1669 acceptare
779 1630 952 1664 munera,
972 1630 1048 1668 quo
1083 1617 1203 1668 magis
1231 1616 1339 1653 vobis
1368 1616 1497 1653 fucum
1526 1614 1628 1661 fecit,
1657 1628 1703 1654 eo

262 1680 383 1729 magis
408 1693 492 1717 eum
520 1693 588 1730 pro
615 1679 801 1730 dignitate
822 1684 950 1717 vestra
977 1686 1015 1717 et
1046 1679 1148 1716 urbis
1174 1676 1424 1721 ulciscimini:
1454 1676 1594 1726 alioqui
1623 1690 1702 1715 uno

258 1740 437 1792 suffragio
463 1754 617 1792 unoque
644 1740 791 1792 judicio
817 1740 993 1778 omnibus
1026 1740 1070 1777 iis
1098 1739 1162 1790 qui
1189 1739 1248 1777 vel
1280 1738 1396 1776 delati
1422 1738 1482 1776 vel
1510 1737 1702 1776 deferendi

261 1810 352 1840 sunt
368 1803 565 1846 absolutis,
585 1803 622 1839 in
634 1802 887 1853 vosmetipsos
908 1807 947 1839 et
966 1801 1148 1852 populum
1168 1799 1419 1851 corruptelam
1434 1811 1564 1837 eorum
1579 1805 1700 1837 trans-

260 1865 403 1910 feretis,
424 1877 469 1902 ac
484 1874 571 1915 post
590 1877 656 1902 eos
671 1864 734 1914 qui
747 1864 994 1901 absolverunt
1008 1863 1256 1907 accusabitis,
1272 1874 1360 1900 cum
1376 1860 1595 1899 accusando
1607 1860 1701 1899 nihil

261 1925 480 1976 proficietis.

315 1988 380 2024 22.
403 1987 694 2038 Ego‚quantum
704 1988 753 2025 ad
769 2000 890 2025 meam
906 1988 1160 2025 accusationis
1174 1994 1319 2038 partem
1335 1986 1483 2032 attinet,
1495 1998 1606 2037 opem
1618 1986 1700 2033 tuli,

262 2049 411 2086 caeteris
431 2042 543 2087 rebus
563 2049 750 2100 neglectis
780 2048 956 2087 omnibus
975 2055 1113 2100 praeter
1139 2049 1204 2100 jus
1237 2055 1276 2085 et
1300 2047 1501 2086 utilitatem
1519 2055 1698 2086 vestram.

262 2109 500 2160 Reipublicae
519 2123 595 2148 non
614 2110 733 2156 defui,
749 2122 826 2148 non
839 2109 925 2161 plus
939 2110 1069 2161 gratiae
1083 2110 1196 2148 tribui
1214 2122 1327 2160 quam
1349 2122 1370 2147 a
1383 2107 1526 2159 populo
1545 2108 1699 2147 decreto

260 2171 351 2208 mihi
369 2171 527 2209 muneri.
583 2172 670 2215 Quo
699 2171 836 2209 eodem
863 2170 989 2210 animo
1014 2177 1058 2209 ut
1089 2177 1128 2209 et
1147 2183 1214 2210 vos
1241 2170 1323 2209 sitis
1351 2175 1455 2221 peto,
1477 2175 1588 2219 atque
1617 2169 1699 2208 aliis

261 2233 548 2273 accusatoribus
568 2246 704 2285 aquam
725 2233 846 2272 trado.
