1870 3277
703 164 1107 203 PANEGYRICUS.
1599 165 1648 200 47

179 268 376 319 Europaeis
397 269 609 306 libertatem
641 268 863 313 restituunt,
888 268 969 318 jam
1001 267 1090 305 olim
1119 269 1315 317 abrogatae
1345 274 1432 304 sunt
1452 273 1491 304 et
1509 266 1650 304 frustra

178 329 265 378 pilis
286 330 500 380 inscriptae:
533 343 621 380 quae
641 342 731 367 vero
762 336 800 366 et
826 330 935 366 nobis
956 329 1137 367 dedecori
1158 335 1249 366 sunt
1270 336 1308 365 et
1328 329 1471 366 multos
1493 341 1513 366 e
1535 327 1648 366 sociis

177 390 341 427 barbaro
369 391 614 436 dediderunt,
636 404 691 428 eae
710 391 866 428 demum
901 391 1068 428 immotae
1089 398 1271 431 manent;
1303 390 1369 427 illa
1389 402 1521 427 omnes
1543 403 1648 427 com-

179 452 385 500 probamus
415 466 501 502 quae
532 452 708 489 tollenda
729 460 819 489 sunt
838 465 911 489 nec
932 466 1051 489 unum
1081 452 1181 489 diem
1202 451 1420 494 toleranda,
1438 464 1554 500 quum
1577 464 1650 501 pu-

181 513 299 550 tanda
314 514 524 565 sintjussa‚
539 526 613 550 non
629 514 842 563 pactiones.
883 514 979 557 Quis
997 514 1097 550 enim
1114 513 1236 550 nescit
1253 524 1319 549 eas
1336 524 1417 549 esse
1435 512 1650 561 pactiones,

181 589 300 626 quum
322 589 388 626 par
409 584 448 613 et
466 589 622 626 aequum
653 577 715 627 jus
742 575 916 625 utrisque
945 576 1138 619 tribuitur,
1154 574 1268 625 jussa
1288 586 1379 611 vero
1405 586 1521 623 quum
1544 572 1653 609 alteri

180 644 319 686 praeter
333 640 398 685 jus
416 645 454 674 et
480 651 635 687 aequum
658 637 852 675 deteriore
874 644 965 674 sunt
984 635 1233 674 conditione?
1291 636 1420 676 Quare
1441 635 1592 684 legatos
1613 641 1651 671 et

179 699 292 750 hujus
323 699 429 750 pacis
450 701 678 750 interpretes
703 700 788 750 jure
818 699 1036 750 culpamus,
1057 698 1160 748 quod
1184 696 1288 734 missi
1311 709 1332 733 a
1353 695 1503 732 Graecis
1525 694 1651 731 foedus

178 773 248 811 pro
268 762 440 798 barbaris
462 762 650 798 fecerunt.
711 761 791 798 Eos
814 761 912 798 enim
934 760 1146 802 decuisset,
1168 772 1234 796 seu
1255 758 1380 794 visum
1409 757 1548 794 fuisset
1573 756 1650 793 sin-

180 821 280 871 gulis
301 835 372 860 sua
393 823 575 867 tenenda,
596 823 676 860 sive
695 822 808 859 etiam
829 822 866 858 in
888 821 991 859 bello
1013 828 1148 871 captos
1164 820 1230 870 jus
1246 818 1486 863 habendum,
1503 817 1581 854 sive
1604 830 1652 854 ea

183 883 382 921 retinenda
403 897 487 921 esse
517 898 605 934 quae
637 883 743 934 pacis
777 891 948 933 ternpore
978 881 1264 923 habuissemus,
1287 892 1406 916 unum
1430 878 1574 928 aliquid
1605 890 1652 914 ex

177 944 252 982 illis
275 945 455 983 definisse
476 946 617 997 acjure
638 947 675 983 in
697 945 867 982 medium
887 943 1086 994 proposito
1109 942 1162 980 sic
1184 942 1221 978 in
1242 941 1370 978 literas
1390 954 1437 978 ea
1457 939 1652 977 retulisse.

183 1006 298 1044 Nunc
326 1008 409 1045 urbi
443 1014 584 1045 nostrae
617 1020 663 1044 ac
692 1005 1077 1044 Lacedaemoniorum
1109 1003 1201 1041 nihil
1235 1002 1393 1039 honoris
1423 1001 1653 1046 tribuerunt,

180 1068 385 1105 barbarum
403 1076 530 1106 autem
553 1068 672 1106 totius
692 1068 797 1104 Asiae
823 1067 1023 1103 dominum
1043 1065 1340 1109 constituerunt,
1360 1063 1470 1113 quasi
1492 1075 1562 1100 nos
1584 1075 1653 1112 pro

182 1141 228 1165 eo
248 1129 390 1166 bellum
412 1129 683 1179 gessissemus,
705 1134 772 1164 aut
792 1126 995 1163 Persarum
1016 1125 1216 1175 imperium
1233 1124 1432 1173 antiquum
1446 1129 1561 1167 esset,
1583 1135 1653 1160 nos

184 1203 317 1227 recens
338 1190 371 1226 in
392 1189 449 1227 his
471 1190 628 1226 urbibus
650 1188 980 1232 consedissemus,
1010 1193 1049 1223 et
1069 1198 1147 1222 non
1167 1185 1220 1222 illi
1252 1198 1374 1235 nuper
1404 1185 1479 1222 hoc
1506 1184 1653 1222 honore

182 1250 292 1300 potiti
313 1257 458 1296 essent,
490 1262 559 1287 nos
589 1256 716 1286 autem
747 1250 795 1286 ab
822 1247 926 1286 omni
956 1259 1040 1284 aevo
1071 1246 1329 1297 principatum
1352 1245 1515 1283 Graeciae
1547 1252 1654 1283 tene-

182 1323 325 1349 remus.

235 1376 301 1411 48.
323 1374 495 1412 Arbitror
511 1381 654 1418 autem,
668 1386 782 1424 quam
799 1372 1078 1411 contumeliose
1096 1372 1298 1409 nobiscum
1313 1377 1441 1410 actum
1457 1377 1495 1409 et
1507 1380 1653 1422 quanto

182 1449 248 1473 rex
281 1435 439 1473 meliore
470 1435 693 1474 conditione
723 1435 785 1480 sit,
807 1435 860 1472 sic
892 1434 974 1471 fore
1009 1433 1229 1471 dilucidius.
1290 1433 1392 1470 Nam
1413 1446 1532 1483 quum
1554 1441 1654 1472 terra

182 1498 373 1542 universa,
394 1511 481 1547 quae
501 1496 589 1535 coeli
616 1497 869 1534 circumflexu
897 1495 1053 1546 tegitur,
1084 1496 1121 1532 in
1149 1495 1246 1532 duas
1277 1494 1325 1532 sit.
1358 1494 1481 1532 divisa
1508 1503 1654 1546 partes,

183 1572 346 1610 quarum
367 1559 450 1596 haec
473 1559 641 1609 Europa,
672 1558 766 1596 Asia
794 1559 860 1595 illa
880 1557 1032 1601 dicitur,
1056 1557 1249 1594 semissem
1278 1557 1429 1607 accepit
1459 1569 1505 1594 ex
1525 1564 1656 1608 pacto,

185 1621 296 1671 quasi
318 1634 395 1658 non
416 1633 503 1658 curn
526 1620 746 1658 hominibus
773 1620 955 1671 jungeret
974 1618 1116 1664 foedus,
1136 1618 1203 1656 sed
1224 1632 1311 1656 cum
1332 1619 1433 1656 Jove
1453 1618 1657 1670 imperium

182 1682 402 1733 partiretur.
446 1682 496 1719 Et
512 1681 598 1719 haec
616 1681 745 1731 coegit
759 1694 830 1718 nos
848 1679 1010 1730 lapideis
1027 1680 1210 1729 inscripta
1225 1679 1415 1716 columnis
1437 1679 1474 1716 in
1494 1680 1656 1729 publicis

183 1743 337 1794 templis
371 1756 612 1787 consecrare,
645 1743 684 1779 id
715 1742 820 1793 quod
854 1741 978 1778 multo
1010 1740 1182 1791 pulcrius
1210 1741 1426 1792 trophaeum
1452 1748 1511 1779 est
1538 1755 1655 1792 quarn

184 1817 230 1842 ea
255 1817 342 1854 quae
363 1804 401 1840 in
428 1804 569 1855 praeliis
590 1810 838 1841 statuuntur:
868 1802 934 1839 illa
954 1802 1054 1839 enirn
1076 1803 1124 1839 ob
1144 1802 1461 1852 parvajquaedam
1483 1815 1598 1853 opera
1618 1810 1657 1841 et

183 1879 301 1903 unum
323 1872 518 1911 eventum,
536 1865 620 1902 haec
640 1878 729 1902 vero
756 1865 804 1902 de
837 1871 919 1902 toto
954 1863 1056 1901 bello
1076 1870 1116 1901 et
1141 1871 1276 1901 contra
1306 1870 1428 1901 totam
1461 1864 1655 1902 Graeciam

184 1934 392 1979 ponuntur.
451 1928 698 1978 Quapropter
728 1934 767 1964 et
798 1926 1043 1964 irascendum
1067 1932 1140 1970 est,
1160 1932 1198 1962 et
1216 1925 1386 1962 ineunda
1404 1925 1502 1963 ratio
1528 1926 1659 1976 aliqua

184 1996 282 2026 utet
299 1989 504 2039 superioris
526 1988 708 2038 temporis
738 1987 896 2037 injurias
915 1987 1148 2024 ulciscamur
1167 1993 1206 2024 et
1221 2000 1268 2024 ne
1288 1986 1379 2037 quid
1400 1986 1438 2023 in
1460 1994 1657 2037 posterum

187 2050 342 2088 Graecia
362 2049 582 2087 detrimenti
614 2048 745 2099 capiat
764 2048 1056 2099 prospiciamus.
1116 2047 1217 2084 Nam
1238 2061 1357 2097 quum
1388 2048 1559 2086 barbaris
1580 2049 1657 2099 pri-

184 2112 300 2149 vatim
331 2112 450 2149 servis
479 2110 661 2149 utendum
695 2123 939 2156 censeamus,
964 2115 1113 2147 tantam
1143 2110 1337 2146 sociorum
1369 2109 1657 2148 multitudinem

182 2187 250 2225 per
266 2173 482 2212 socordiam
502 2180 675 2211 nostram
691 2173 843 2210 illorum
867 2172 1067 2209 dominatu
1093 2171 1212 2222 premi
1233 2178 1345 2222 turpe
1366 2171 1505 2209 fuerit:
1537 2185 1655 2221 quum

163 2236 338 2287 >Trojani
366 2235 457 2273 belli
487 2241 660 2285 tempore
693 2234 856 2285 majores
884 2232 1005 2270 nostri
1026 2232 1139 2269 unius
1168 2231 1406 2269 mulierculae
1433 2239 1584 2283 raptum
1605 2233 1658 2270 ita

183 2296 458 2335 vindicandum
473 2295 712 2340 censuerint,
728 2303 771 2332 ut
790 2295 903 2332 finem
924 2293 1015 2331 belli
1037 2299 1126 2331 ante
1147 2305 1221 2330 non
1241 2292 1415 2337 fecerint,
1433 2305 1548 2342 quam
1566 2294 1656 2332 urbs

185 2361 268 2412 ejus
290 2373 311 2398 a
331 2373 407 2411 quo
427 2365 512 2397 orta
530 2359 655 2397 fuerat
681 2358 818 2409 injuria
845 2363 1102 2399 everteretur3
1135 2369 1219 2399 nos,
1245 2368 1363 2406 quum
1392 2362 1476 2393 tota
1505 2355 1660 2393 Graecia

183 2422 361 2467 violetur,
390 2421 438 2459 de
468 2421 615 2458 ultione
642 2420 799 2471 publica
818 2431 895 2456 non
917 2417 1205 2469 cogitabimus?
1236 2417 1447 2468 praesertim
1469 2429 1587 2466 quum
1610 2429 1656 2454 ea

185 2484 371 2534 perficere
386 2483 502 2520 liceat
517 2482 658 2532 quibus
675 2494 748 2518 nec
770 2480 893 2531 optari
917 2479 1074 2517 meliora
1094 2479 1261 2530 possint.
1310 2477 1442 2515 Solum
1459 2477 1560 2514 enim
1581 2477 1658 2516 hoc

184 2544 327 2582 bellum
349 2544 435 2595 paci
464 2550 638 2594 praestat,
665 2542 888 2592 spectaculo
908 2541 1036 2591 potius
1058 2553 1173 2590 quam
1204 2538 1440 2589 expeditioni
1461 2537 1598 2583 simile,
1620 2546 1659 2577 et

185 2606 358 2656 utrisque
379 2605 485 2651 utile,
504 2613 583 2642 tam
597 2604 737 2653 quietis
755 2602 975 2640 amantibus
995 2610 1111 2652 quam
1131 2600 1222 2637 belli
1238 2599 1522 2649 appetentibus.
1555 2599 1658 2636 Nam

185 2667 238 2705 illi
254 2667 412 2717 quidem
433 2679 567 2704 secure
588 2665 661 2702 frui
682 2666 760 2703 suis
777 2665 915 2715 opibus
929 2668 1124 2715 poterunt,
1140 2660 1178 2697 hi
1199 2673 1360 2711 magnas
1383 2660 1545 2698 aliorum
1565 2672 1657 2712 opes

185 2729 445 2779 occupabunt.

241 2791 307 2827 49.
337 2789 453 2833 Quod
484 2788 514 2826 si
533 2788 619 2839 quis
648 2788 684 2824 in
707 2800 840 2825 omnes
865 2792 996 2838 partes
1017 2790 1143 2822 verset
1173 2784 1358 2828 animum,
1383 2782 1454 2820 has
1485 2783 1657 2820 actiones

190 2912 258 2950 sed
293 2911 415 2961 ipsam
440 2918 593 2950 tantum
622 2911 846 2961 aequitatem
879 2915 1043 2960 spectes,
1072 2907 1209 2958 quibus
1239 2906 1398 2944 tandem
1427 2905 1570 2944 bellum
1599 2910 1659 2942 est
