1870 3277
252 166 327 201 ‘286
644 166 925 205 {SOCRATIS
959 166 1221 204 EPISTOLA
1253 167 1326 205 111.

255 271 373 321 gestis
393 283 520 321 parem
548 271 640 316 fore,
660 284 777 321 quum
805 271 1000 313 barbaros,
1026 271 1070 308 iis
1098 271 1271 320 exceptis
1297 270 1361 320 qui
1390 282 1430 307 se
1460 270 1509 307 ad
1537 269 1695 308 ductum

255 340 362 370 tuum
388 332 674 384 applicaverint,
703 332 852 370 Graecis
877 334 1015 370 servire
1043 333 1231 383 coegeris,
1255 332 1440 381 illumque
1469 345 1609 382 regem,
1631 331 1696 382 qui

255 405 357 431 nunc
376 393 543 444 Magnus
564 393 791 445 appellatur,
808 405 854 431 eo
873 394 1066 445 redegeris
1088 400 1127 431 ut
1146 406 1191 431 ea
1210 400 1301 443 agat
1319 406 1406 443 quae
1426 400 1468 430 tu
1488 393 1697 444 imperaris.

256 454 342 492 Hoc
362 461 489 493 autem
511 467 633 493 rerum
654 461 756 492 statu
782 468 885 493 nunc
912 455 993 493 haec
1019 456 1084 493 tibi
1112 455 1294 506 perficere
1318 455 1438 492 multo
1458 455 1605 492 facilius
1626 461 1696 499 est,

254 528 369 565 quam
395 529 478 553 eam
505 515 687 565 consequi
710 516 922 566 potentiam
952 523 990 554 et
1016 516 1188 567 gloriam,
1209 529 1323 567 quam
1345 516 1410 554 tibi
1431 516 1568 554 vetusti
1591 516 1697 566 regni

254 576 426 614 subsidio
450 576 701 628 comparasti:
729 588 854 627 neque
879 577 979 614 enim
999 578 1206 628 quicquam
1233 577 1300 614 tibi
1327 584 1386 615 est
1408 576 1597 626 reliquum
1627 576 1697 614 nisi

253 644 294 675 ut
324 637 415 675 deus
443 639 525 675 fias.
582 637 666 688 Ego
694 650 782 675 vero
811 637 1001 676 senectuti
1031 639 1079 676 ob
1113 638 1188 677 hoc
1222 651 1341 675 unum
1371 638 1494 676 habeo
1524 636 1698 687 gratiam,

254 699 359 749 quod
380 713 425 737 eo
451 711 571 749 usque
597 698 758 749 produxi
781 698 869 737 vitae
898 712 992 737 meae
1019 707 1187 751 tempus,
1217 708 1259 737 ut
1283 712 1330 737 ea
1354 713 1441 749 quae
1469 698 1696 736 adolescens

254 761 380 798 animo
401 760 540 811 agitavi
558 766 597 797 et
620 766 701 796 tum
727 760 764 796 in
786 759 1025 811 Panegyrica
1049 769 1127 798 tum
1153 761 1200 799 ad
1222 769 1259 798 te
1279 760 1396 798 missa
1415 760 1586 798 oratione
1607 759 1698 796 scri-

251 821 380 859 benda
397 821 563 871 suscepi,
581 821 717 871 partim
730 824 810 869 jam
827 834 894 872 per
910 828 946 859 te
962 822 1041 873 geri
1057 830 1094 860 et
1109 822 1364 860 administrari
1379 821 1542 868 videam,
1558 821 1695 872 partim

254 882 432 934 deinceps
450 881 684 934 perficienda
701 894 784 920 esse
804 895 965 933 sperem.
