1870 3277
265 157 341 193 346
929 153 1045 190 ISAEI

265 257 429 306 quisque
449 256 659 306 portionem
679 254 903 293 hereditatis
924 268 1031 293 suam
1054 253 1258 292 duodecim
1279 267 1345 305 per
1361 267 1499 298 annos:
1529 262 1568 292 et
1589 267 1723 305 quan··

262 330 375 368 quam
401 317 551 368 judicia
577 320 720 356 interea
751 316 930 367 temporis
957 323 1222 354 exercerentur
1241 328 1365 365 neque
1392 316 1515 353 sorum
1536 316 1712 354 clausum

262 386 376 425 esset,
403 391 517 417 nemo
549 386 678 417 tamen
709 378 781 416 fuit
808 384 884 415 tam
916 378 1128 429 longinquo
1155 384 1338 428 tempore,
1365 377 1429 427 qui
1463 390 1578 416 ausus
1611 385 1713 416 esset

264 443 451 480 affirmare
472 456 538 493 per
557 444 665 481 nefas
686 443 759 480 ista
779 448 865 479 acta
884 441 1023 481 fuisse:
1054 440 1211 479 tandem
1232 453 1321 478 vero
1348 453 1426 490 rep.
1448 441 1560 478 rebus
1579 441 1713 478 adver-

265 504 316 542 sis
336 517 408 542 usa
427 506 639 555 obortaque
660 504 844 543 seditione
861 511 900 541 et
919 503 1100 549 tumultu,
1117 502 1328 541 concitatus
1349 501 1409 539 hic
1424 502 1715 552 [Dicaeogenes]

266 580 288 605 a
309 568 464 606 Melane
486 569 681 619 AEgyptio‚
703 568 764 606 cui
786 567 868 604 aliis
889 579 1042 617 quoque
1062 567 1099 604 in
1125 567 1237 604 rebus
1257 565 1550 610 obsecundavit,
1569 567 1717 604 univer-

266 643 348 668 sam
369 631 485 682 coepit
505 631 753 668 hereditatem
776 637 921 682 petere,
942 629 1135 667 affirmans
1154 629 1200 666 ab
1224 629 1414 667 avunculo
1435 635 1565 666 nostro
1587 641 1627 666 se
1655 628 1720 666 he-

267 691 396 728 redem
416 704 462 729 ex
484 704 573 729 asse.
593 691 777 743 scriptum
797 703 895 730 esse.
944 691 1085 729 Furere
1105 703 1175 728 nos
1195 689 1347 740 quidem
1368 689 1473 727 illum
1495 690 1719 728 autumaba-

268 766 366 799 mus,
403 753 591 805 ejusmodi
626 766 783 792 causam
821 753 858 790 in
892 752 1015 791 forum
1056 752 1290 790 deserentem
1308 765 1318 795 2
1375 751 1718 796 verumenimvero,

265 815 417 852 tametsi
451 827 646 865 nunquam
681 822 904 852 eventurum
940 826 1231 865 speraveramus
1262 821 1305 851 ut
1331 827 1419 852 vera
1445 827 1524 865 prae
1553 826 1592 850 se
1620 813 1718 850 ferre

264 875 371 913 vobis
392 875 583 914 videretur
604 877 632 913 is
652 876 716 926 qui
735 876 837 914 idem
856 875 972 913 modo
992 888 1079 913 cum
1100 875 1237 912 triente
1259 875 1373 912 modo
1392 888 1441 912 ex
1465 886 1550 912 asse
1565 874 1721 924 adopta-

268 943 350 974 tum
371 951 412 975 se
432 938 560 983 ferret,
585 944 712 975 tamen
733 937 893 987 ingressi
913 937 1053 982 forum,
1070 948 1158 973 cum
1177 941 1217 973 et
1237 935 1356 972 multo
1385 936 1495 986 plura
1525 947 1639 986 quam
1667 935 1719 972 illi

269 1005 496 1048 argumenta
524 999 780 1049 proferremus
807 998 1017 1048 multisque
1037 997 1162 1035 modis
1190 997 1373 1047 aequiora,
1396 1004 1524 1034 tamen
1545 997 1721 1047 injuriam

268 1060 503 1110 accepimus,
524 1072 600 1097 non
622 1059 867 1110 ajudicibus,
886 1059 955 1097 sed
977 1072 999 1097 a.
1021 1058 1175 1098 Melane
1195 1059 1377 1110 AEgyptio
1403 1058 1558 1109 ejusque
1577 1058 1722 1104 amicis,

269 1120 335 1170 qui
365 1133 434 1171 per
461 1120 616 1159 turbida
645 1120 719 1158 ista
749 1121 967 1173 reipublicae
996 1128 1167 1171 tempora
1196 1120 1266 1158 sibi
1296 1119 1424 1158 datam
1451 1119 1724 1158 existimabant

267 1181 462 1219 licentiam
491 1182 617 1220 aliena
649 1181 803 1233 impune
831 1182 1033 1234 diripiendi
1067 1182 1249 1234 falsisque
1283 1181 1458 1220 dicendis
1496 1181 1722 1219 testimoniis

270 1250 404 1281 mutuo
433 1256 519 1282 sese
550 1243 796 1282 sublevandi:
828 1244 875 1281 ab
897 1243 955 1282 his
976 1243 1106 1295 itaque
1134 1244 1267 1282 talium
1297 1243 1509 1282 facinorum
1538 1243 1724 1281 exercita-

270 1304 373 1342 tione
387 1305 597 1343 nobilitatis
612 1305 915 1357 decipiebantur,
930 1305 995 1356 qui
1015 1312 1096 1344 tum
1112 1306 1301 1344 sedebant
1313 1308 1378 1354 jus
1393 1305 1543 1351 dicturi,
1556 1304 1724 1355 judices.

272 1366 323 1403 Et
342 1379 412 1404 nos
433 1366 591 1416 quidem
610 1379 633 1404 a
653 1367 822 1416 procella
841 1367 1025 1405 falsorum
1045 1368 1200 1405 testium
1227 1367 1352 1405 obruti
1379 1374 1511 1404 nostra
1540 1366 1725 1416 perdeba-

270 1439 374 1470 mus;
404 1439 493 1464 nam
515 1433 624 1477 pater
644 1426 749 1465 haud
768 1427 889 1465 multo
909 1435 996 1478 post
1013 1428 1119 1464 litem
1138 1429 1192 1465 ita
1211 1427 1464 1478 disceptatam
1484 1427 1580 1465 vivis
1599 1440 1729 1465 exces-

269 1488 332 1535 sit,
352 1487 575 1539 priusquam
597 1488 787 1526 actionem
808 1487 847 1524 in
866 1487 988 1526 falsos
1015 1493 1134 1525 testes
1161 1499 1363 1538 capessere
1393 1495 1542 1538 posset:
1574 1487 1727 1526 Dicaeo-

272 1562 391 1601 genes
411 1544 547 1588 autem>
568 1562 690 1587 causa
720 1548 848 1587 factus
876 1549 1049 1600 superior
1083 1548 1218 1587 eadem
1246 1547 1420 1600 protinus
1448 1549 1509 1586 die
1538 1549 1728 1601 Cephiso-

269 1610 425 1662 phontis
462 1611 700 1648 Paeaniensis
738 1610 855 1649 filiam
893 1623 942 1648 ex
975 1610 1040 1648 illa
1077 1610 1250 1661 portione
1284 1623 1400 1661 quam
1438 1611 1572 1649 sortita
1604 1612 1730 1650 fuerat

272 1672 433 1722 expulit,
454 1672 609 1710 tametsi
638 1672 881 1722 Dicaeogenis
901 1671 1090 1718 defuncti,
1112 1685 1135 1710 a
1153 1684 1232 1723 quo
1259 1679 1504 1711 controversa
1533 1672 1599 1711 illa
1626 1673 1730 1712 bona

271 1733 409 1771 relicta
435 1733 601 1779 fuerant,
624 1746 672 1771 ex
701 1745 830 1771 sorore
858 1733 984 1783 neptis
1012 1739 1135 1777 esset3
1167 1733 1366 1772 Democlis
1392 1734 1482 1772 item
1502 1734 1655 1773 viduam
1683 1734 1729 1773 iis

275 1794 468 1846 spoliavit,
484 1808 571 1845 quae
591 1794 848 1844 Dicaeogenes
877 1795 1072 1845 quondam
1101 1795 1222 1845 ipsius
1253 1796 1370 1833 frater
1390 1796 1423 1834 ei
1442 1795 1622 1840 dederat;
1654 1797 1730 1835 Ce-

271 1856 468 1908 phisodoti
494 1869 647 1908 quoque
668 1864 829 1894 matrem
849 1856 1051 1908 ipsumque
1073 1857 1176 1896 hunc
1197 1857 1499 1909 Cephisodotum
1519 1860 1629 1897 bonis
1648 1873 1731 1897 om-

273 1919 386 1957 nibus
407 1919 637 1962 denudavit;
668 1918 809 1969 quippe
832 1919 896 1968 qui
921 1918 1058 1956 horum
1078 1919 1348 1970 [Cephisodoti
1369 1928 1475 1971 puta,
1495 1921 1731 1972 fratrumque

275 1980 369 2031 ejus,
389 1987 428 2018 et
448 1979 598 2028 matris]
617 1979 722 2018 idem
738 1985 841 2018 tutor
861 1986 901 2017 et
920 1987 1073 2018 curator
1088 1985 1204 2031 atque
1224 1982 1464 2020 adversarius
1483 1990 1598 2021 esset.
1655 1984 1732 2021 Ve-

274 2054 360 2079 rum
380 2054 429 2080 ne
456 2042 611 2080 minimo
631 2041 788 2092 quidem
809 2054 924 2079 sensu
951 2042 1250 2081 necessitudinis
1276 2043 1324 2082 ad
1345 2043 1644 2082 misericordiam
1673 2044 1732 2084 his

275 2102 570 2154 impertiendam
587 2103 830 2149 flectebatur,
849 2103 918 2141 sed
944 2104 1222 2152 committebat,
1243 2110 1286 2142 ut
1304 2105 1354 2143 ad
1374 2105 1574 2144 orbitatem
1602 2108 1734 2145 eorum

279 2166 327 2203 ab
348 2166 481 2204 amicis
503 2173 541 2203 et
561 2166 837 2216 protectoribus
854 2166 1023 2205 solitudo
1042 2179 1199 2218 quoque
1219 2168 1422 2206 accederet
1438 2175 1554 2219 atque
1575 2182 1737 2221 pauper-

279 2234 352 2274 tas,
373 2227 471 2265 adeo
492 2232 534 2264 ut
553 2227 611 2264 vel
632 2226 670 2263 in
691 2226 792 2264 diem
813 2229 1039 2267 necessariis
1060 2229 1108 2267 ad
1129 2229 1271 2267 victum
1293 2229 1517 2280 cultumque
1538 2232 1651 2269 rebus
1668 2245 1732 2270 ca-

278 2295 420 2327 rerent.
477 2288 572 2325 Tam
592 2287 777 2338 praeclare
799 2288 1053 2341 Dicaeogenes
1079 2290 1143 2328 hic
1169 2289 1326 2329 tutelam
1356 2304 1487 2329 eorum
1519 2293 1648 2343 gessit,
1669 2294 1737 2344 qui·

279 2350 496 2390 arctissima
513 2350 848 2400 consanguinitate
862 2351 1023 2402 junctus
1044 2352 1136 2404 ipsis
1158 2359 1274 2390 esset.
1331 2352 1606 2405 Theopompus
1626 2362 1735 2406 pater

281 2426 369 2464 quae
389 2412 447 2450 his
467 2411 686 2462 reliquerat,
706 2424 752 2449 ea
772 2411 1031 2463 Dicaeogenes
1058 2413 1120 2451 hic
1148 2413 1308 2452 inImicis
1339 2427 1470 2452 eorum
1498 2416 1676 2466 prodidit,
1696 2422 1735 2455 et

280 2488 368 2526 quae
389 2473 602 2513 avunculus
618 2486 789 2525 avusque
810 2480 1004 2513 maternus
1028 2475 1120 2526 ipsis
1141 2475 1378 2527 legaverant,
1399 2490 1445 2515 ea
1463 2478 1544 2529 ipse
1567 2478 1640 2515 illis
1667 2492 1735 2529 per

282 2538 405 2583 nefas,
425 2536 538 2574 etiam
558 2535 726 2574 nondum
739 2535 826 2586 jure
848 2536 919 2573 sibi
931 2535 1100 2582 addicta,
1117 2537 1266 2587 eripuit.
1297 2538 1412 2579 Quod
1429 2538 1535 2575 dictu
1553 2538 1734 2590 factuque

284 2606 341 2636 est
358 2597 678 2649 indignissimum,
699 2597 806 2648 pueri
829 2596 955 2635 adhuc
982 2610 1068 2635 cum
1098 2597 1137 2635 hi
1165 2606 1309 2643 essent,
1330 2599 1482 2637 emebat
1510 2598 1667 2637 domum
1687 2602 1735 2639 ab

285 2672 416 2697 eorum
436 2665 543 2710 patre
563 2658 752 2703 relictam,
772 2657 1002 2710 hortumque
1022 2659 1075 2697 illi
1096 2658 1227 2697 domui
1247 2659 1469 2711 adjunctam
1485 2673 1570 2699 cum
1590 2661 1738 2700 destru—

285 2721 418 2767 xisset,
438 2721 543 2759 illam
564 2720 721 2759 domum
748 2731 836 2758 cum
867 2721 981 2760 domo
1012 2734 1098 2773 quae
1126 2721 1198 2773 ipsi
1223 2721 1486 2772 [Dicaeogeni]
1505 2724 1543 2760 in
1565 2725 1658 2762 urbe
1679 2728 1740 2763 est

284 2783 489 2835 copulavit,
506 2782 793 2835 interponendis
809 2783 1078 2834 structuris,qut
1096 2782 1173 2822 illae
1192 2783 1387 2834 quondam
1402 2784 1490 2821 duae
1504 2785 1640 2823 domus
1655 2786 1739 2837 jam

286 2857 355 2896 pro
375 2857 454 2883 una
471 2844 600 2883 haberi
620 2844 788 2896 possint;
817 2851 856 2883 et
873 2856 1093 2898 quanquam
1113 2858 1135 2883 e
1155 2845 1400 2897 Dicaeogenis
1419 2845 1544 2894 bonis,
1561 2846 1740 2886 avunculi

285 2907 421 2954 nostri,
440 2907 545 2945 locar
564 2919 734 2946 annuum
745 2913 961 2962 octogenas
975 2907 1096 2947 minas
1110 2901 1268 2958 redigat,
1288 2913 1416 2947 tamen
1439 2908 1740 2961 Cephisodotum
