1870 3277
527 210 818 249 ADVERSUS
848 209 1268 248 CALLIMACHUM.
1544 210 1620 246 259

174 312 287 349 nisse.
343 311 402 349 De
421 311 624 349 foederibus
642 311 740 348 enim
761 310 944 360 suffragia
963 310 1076 347 laturi
1095 310 1198 354 estis,
1215 323 1303 359 quae
1322 309 1429 346 nullo
1449 322 1618 360 unquam

170 380 340 423 tempore
359 385 482 423 neque
502 372 607 410 vobis
629 384 720 421 erga
738 371 832 408 alios
851 381 976 420 neque
995 371 1076 408 aliis
1097 383 1188 420 erga
1207 383 1273 407 vos
1293 370 1511 418 neglexisse
1528 384 1615 422 pro-

169 433 261 471 fuit:
292 434 329 471 in
357 435 492 485 quibus
518 440 626 471 tanta
643 433 699 470 vis
726 439 796 478 est,
817 439 859 469 ut
886 431 1079 482 pleraeque
1105 445 1165 469 res
1188 439 1268 469 tum
1291 431 1512 469 Graecorum
1533 440 1613 470 tum

167 495 415 533 barbarorum
448 509 495 533 ex
523 494 644 546 pactis
674 501 712 531 et
739 493 939 530 conventis
969 493 1240 542 transigantur.
1298 492 1370 529 His
1401 492 1498 529 enim
1528 493 1612 530 freti

167 557 425 603 convenimus,
451 564 489 594 et
513 554 738 594 commercia
766 554 978 604 agitamus:
1009 567 1079 604 per
1102 554 1185 592 haec
1212 554 1311 591 inter
1333 566 1402 591 nos
1422 554 1612 591 contrahi-

167 630 266 663 mus,
287 631 351 668 per
376 618 457 654 haec
483 624 561 654 tum
580 616 745 666 privatas
766 615 979 652 inimicitias
999 623 1079 651 tum
1100 613 1316 652 communia
1334 613 1434 651 bella
1455 613 1611 664 deponi-

167 690 273 716 mus:
305 678 377 716 hoc
406 690 483 715 uno
511 684 692 726 tanquam
721 676 912 713 communi
941 675 1043 712 bono
1073 674 1246 711 homines
1276 687 1409 711 omnes
1444 674 1497 711 uti
1533 687 1610 712 non

165 738 397 776 desistimus.
453 737 578 781 Quare
617 749 705 774 cum
735 737 903 774 omnium
931 735 1097 773 officium
1127 742 1187 772 est
1215 735 1361 772 foedera
1390 734 1498 780 tueri,
1529 742 1609 773 tum

163 806 331 836 vestrum
352 799 389 836 in
408 798 555 848 primis.
1037 796 1066 839 εἰ*

219 861 278 896 13.
310 860 392 897 Nec
420 861 518 897 enim
547 860 612 897 diu
638 868 707 906 est,
728 874 847 910 quum
873 859 983 898 nobis
1009 859 1111 897 bello
1138 858 1305 896 subactis
1326 865 1364 895 et
1382 859 1419 895 in
1439 857 1609 895 hostium

160 928 390 972 potestatem
419 922 597 967 redactis,
626 935 702 973 quo
732 931 900 973 tempore
929 931 1100 960 nostram
1128 921 1260 958 urbem
1291 921 1399 958 multi
1433 934 1608 958 eversam

160 982 352 1028 volebant,
381 983 430 1021 ad
460 983 729 1034 jusjurandum
758 990 796 1021 et
824 983 967 1021 foedera
995 982 1296 1033 confugiendum
1326 981 1420 1025 fuit;
1459 995 1546 1032 quae
1575 981 1607 1019 si

161 1043 437 1082 Lacedaemonii
464 1045 605 1083 violare
632 1046 831 1091 auderent,
859 1053 1095 1096 quantopere
1125 1044 1287 1095 quisque
1313 1051 1480 1082 vestrum
1510 1044 1604 1081 indi-

160 1106 371 1155 gnaretur?
427 1107 478 1144 At
506 1107 595 1157 quid
627 1107 829 1144 absurdius
857 1120 970 1157 quam
995 1107 1044 1144 de
1071 1105 1128 1143 his
1151 1106 1266 1143 rebus
1293 1105 1607 1150 aliosaccusare,

158 1166 295 1215 quibus
323 1167 402 1217 ipse
427 1166 475 1204 sis
499 1166 714 1204 obnoxius?
771 1168 864 1209 Quis
886 1180 974 1204 vero
994 1167 1102 1204 nobis
1123 1165 1298 1216 injuriam
1320 1165 1398 1202 fieri
1419 1165 1605 1209 crederet,

158 1226 188 1263 si
207 1228 304 1264 male
323 1235 569 1265 tractaremur
589 1237 721 1266 contra
739 1229 895 1272 foedera,
916 1241 1002 1278 quae
1020 1241 1091 1265 nec
1112 1228 1184 1278 ipsi
1204 1228 1332 1276 magni
1353 1227 1479 1264 facere
1500 1227 1606 1264 vidc-

156 1288 310 1324 remur?
363 1289 424 1326 An
443 1302 530 1326 vero
547 1290 655 1327 nobis
674 1289 734 1326 alii
755 1289 867 1326 fidem
888 1289 1051 1327 habituri
1071 1295 1171 1332 sunt,
1188 1289 1219 1325 si
1239 1301 1320 1325 eam
1342 1288 1469 1333 fidem,
1488 1301 1603 1338 quam

155 1349 226 1398 ipsi
246 1356 377 1386 mutuo
399 1349 588 1395 dedimus,
609 1350 705 1387 adeo
725 1359 866 1387 temere
886 1350 1106 1387 solvemus?
1148 1349 1290 1399 Operae
1308 1349 1469 1398 pretium
1491 1361 1604 1398 porro

155 1418 215 1448 est
242 1410 335 1447 illud
367 1411 480 1448 etiam
511 1411 743 1456 meminisse,
768 1417 936 1447 nostram
966 1412 1114 1453 urbem,
1145 1422 1263 1459 quum
1289 1410 1456 1459 majores
1483 1409 1603 1447 nostri

154 1472 272 1509 multa
301 1473 483 1523 praeclare
511 1472 612 1510 bello
641 1471 844 1522 gesserint,
873 1472 921 1509 ob
954 1471 1054 1508 hanc
1092 1470 1436 1508 reconciliationem
1464 1470 1523 1507 vel
1562 1471 1600 1508 in

152 1534 281 1584 primis
300 1535 496 1573 celebrari.
554 1535 653 1572 Nam
673 1534 711 1571 in
731 1533 872 1584 praeliis
892 1533 1023 1570 multae
1043 1534 1157 1570 urbes
1178 1532 1330 1570 ostendi
1350 1540 1494 1582 queant
1513 1546 1599 1583 quae

153 1602 306 1634 strenue
327 1596 553 1641 dimicarint,
571 1595 618 1633 de
638 1595 825 1633 seditione
844 1607 933 1632 vero
955 1607 1066 1631 nemo
1087 1593 1202 1630 ullam
1223 1593 1390 1644 proferet
1407 1606 1494 1643 quae
1514 1607 1603 1644 pru-

154 1657 305 1695 dentius
325 1665 452 1695 nostra
474 1657 702 1695 deliberarit.
749 1656 836 1694 Jam
857 1669 986 1693 earum
1007 1668 1131 1692 rerum
1149 1668 1235 1705 quae
1249 1655 1286 1691 in
1303 1654 1383 1692 acie
1402 1663 1599 1705 geruntur,

153 1718 353 1756 maximam
375 1725 516 1769 partem
539 1732 607 1756 suo
626 1718 734 1768 quasi
756 1721 841 1765 jure
863 1717 1013 1754 fortuna
1032 1716 1228 1754 vendicat:
1260 1716 1343 1753 haec
1362 1723 1486 1753 autem
1506 1729 1598 1766 erga

152 1792 222 1816 nos
243 1780 451 1818 moderatio
471 1788 530 1818 est
551 1787 690 1818 nostrae
710 1779 922 1830 prudentiae
942 1777 1157 1817 tribuenda.
1214 1779 1342 1820 Quare
1369 1778 1488 1828 gloria
1511 1779 1597 1817 haee

153 1841 304 1879 minime
325 1842 555 1893 projicienda
574 1849 647 1880 est.

208 1903 267 1939 14.
298 1903 433 1954 Neque
453 1917 542 1942 vero
565 1917 625 1941 me
652 1905 854 1954 quisquam
881 1910 991 1954 putet
1017 1904 1201 1941 excedere
1228 1903 1401 1948 modum,
1425 1909 1489 1939 aut
1515 1914 1594 1939 rem

151 1964 261 2001 nimis
295 1977 539 2015 exaggerare,
568 1972 769 2016 propterea
797 1965 899 2015 quod
931 1965 966 2001 in
995 1967 1141 2015 privato
1170 1964 1340 2015 periculo
1369 1963 1452 2000 haec
1482 1963 1598 2000 verba

153 2025 238 2062 feci.
295 2027 376 2063 Nec
404 2026 503 2064 enim
533 2039 605 2077 ego
635 2033 781 2064 tantum
812 2027 859 2064 de
887 2027 1089 2076 postulatis
1128 2026 1297 2077 pecuniis
1327 2027 1364 2063 in
1394 2025 1597 2063 discrimen

153 2088 278 2137 venio,
300 2088 368 2126 sed
389 2097 429 2126 ut
451 2101 522 2139 ego
543 2088 589 2126 de
609 2088 683 2133 his,
704 2088 758 2126 sic
778 2101 845 2126 vos
867 2089 915 2125 de
934 2088 977 2125 iis
999 2101 1086 2137 quae
1110 2088 1226 2138 paulo
1256 2095 1344 2125 ante
1368 2087 1469 2124 dicta
1496 2094 1599 2132 sunt,

153 2148 290 2198 quibus
311 2149 358 2187 de
379 2151 491 2187 rebus
512 2163 636 2201 neque
657 2163 724 2200 pro
751 2149 938 2201 dignitate
965 2150 1166 2199 quisquam
1195 2149 1320 2186 dicere
1346 2161 1418 2186 nec
1445 2160 1599 2198 poenam

154 2210 246 2248 satis
264 2211 445 2261 grandem
463 2211 696 2249 constituere
716 2212 847 2262 possit.
902 2211 1067 2248 Tantum
1089 2210 1186 2248 enim
1208 2211 1304 2247 inter
1321 2210 1395 2247 hoc
1410 2209 1599 2260 judicium

154 2279 192 2310 et
211 2272 284 2309 alia
304 2273 473 2319 interest,
488 2280 531 2310 ut
547 2280 686 2310 caetera
705 2273 859 2323 quidem
879 2272 928 2309 ad
950 2285 1034 2310 reos
1054 2272 1242 2320 duntaxat
1257 2272 1456 2316 attineant,
1472 2271 1509 2308 in
1526 2271 1598 2307 hoc

153 2345 241 2370 vero
260 2334 468 2384 periculum
490 2347 690 2372 commune
713 2334 876 2371 civitatis
902 2333 1039 2383 agitur.
1096 2333 1157 2371 De
1183 2333 1256 2370 hoc
1283 2334 1341 2370 bis
1365 2332 1481 2383 jurati
1511 2344 1600 2368 sen-

153 2394 309 2433 tentiam
339 2395 477 2441 dicitis,
499 2396 615 2433 semel
641 2396 687 2432 de
716 2408 818 2433 more
840 2394 1088 2446 judiciorum,
1107 2395 1423 2444 iterum'propter
1442 2392 1598 2429 foedera.

155 2457 194 2494 Si
215 2458 250 2494 in
273 2456 346 2495 hoc
369 2457 513 2506 judicio
542 2458 589 2494 ab
609 2457 788 2508 aequitate
811 2456 1048 2502 aberrabitis,
1071 2469 1148 2494 non
1168 2455 1271 2492 urbis
1293 2462 1430 2492 nostrae
1450 2460 1598 2490 tantum

155 2517 223 2555 sed
243 2525 280 2555 et
300 2531 518 2555 communes
535 2520 701 2556 omnium
723 2518 829 2569 leges
843 2518 1044 2555 violabitis.
1085 2518 1212 2560 Quare
1233 2517 1384 2553 minime
1403 2528 1469 2552 vos
1489 2515 1600 2552 decet

155 2579 211 2616 vel
239 2579 372 2630 gratiae
396 2579 456 2616 vel
485 2579 651 2617 lenitatis
679 2580 738 2617 vel
768 2579 881 2618 ullius
909 2579 961 2617 rei
987 2579 1142 2617 alterius
1163 2579 1199 2615 in
1221 2576 1385 2615 dicenda
1412 2576 1600 2614 sententia

155 2640 223 2677 nisi
238 2640 483 2691 jurisjurandi
503 2641 686 2679 rationem
707 2642 861 2679 habere.

214 2703 271 2739 15.
304 2705 360 2739 Ac
375 2703 511 2740 decere
528 2703 680 2753 quidem
700 2711 738 2740 et
753 2703 936 2754 expedire
951 2711 990 2741 et
1004 2705 1148 2752 justum
1166 2715 1250 2740 esse
1265 2709 1308 2740 ut
1323 2702 1375 2740 sic
1393 2702 1440 2739 de
1456 2700 1599 2739 foedere

159 2763 343 2807 sentiatis,
365 2777 434 2801 nec
455 2764 574 2814 ipsum
596 2764 874 2803 Callimachum
893 2771 1118 2813 negaturum
1134 2763 1315 2803 arbitror:
1346 2776 1453 2800 suam
1471 2770 1599 2800 autem

157 2824 321 2873 inopiam
348 2824 506 2862 fortasse
524 2825 738 2876 deplorabit
757 2834 794 2863 et
814 2833 1010 2876 acceptam
1032 2825 1303 2869 calamitatem,
1324 2832 1361 2862 et
1380 2824 1469 2861 nihil
1489 2836 1600 2875 posse

157 2885 320 2935 iniquius
347 2892 413 2922 aut
436 2886 627 2925 crudelius
655 2888 733 2925 fieri
760 2887 1014 2938 quiritabitur,
1034 2899 1149 2937 quam
1175 2887 1207 2924 si
1231 2886 1411 2925 mulctam
1431 2887 1543 2925 etiam
1564 2886 1601 2922 in

156 2948 388 2987 democratia
417 2948 562 2988 solvere
590 2959 749 3001 cogatur
779 2964 847 3001 pro
871 2950 915 2988 iis
944 2950 1114 3000 pecuniis
1142 2963 1237 3000 quas
1263 2950 1301 2988 in
1327 2950 1535 3002 oligarchia
1561 2948 1598 2985 vi
