1870 3277
255 176 331 212 480
538 175 776 214 LYCURGI
808 175 1031 214 CONTRA
1062 176 1406 214 LEOCRATEM.

259 275 444 326 supplicio
469 275 623 315 afficere
655 277 888 316 Leocratem.
945 277 1095 316 Delicta
1131 277 1246 324 enim,
1276 278 1458 328 tantisper
1489 277 1579 315 dum
1614 290 1688 315 non

248 335 424 387 judicata
451 337 602 383 fuerint,
622 338 724 388 apud
744 346 918 377 auctores
939 352 1027 377 suos
1055 346 1237 384 manent;
1267 338 1378 377 simul
1400 350 1446 377 ac
1465 351 1551 376 vero
1572 338 1618 376 de
1645 338 1688 375 iis

251 398 439 448 judicium
466 399 608 438 sactum
636 400 762 445 fuerit,
795 401 898 452 apud
927 414 993 439 eos
1023 408 1179 439 manent
1207 400 1270 451 qui
1299 413 1373 438 non
1402 400 1487 451 jure
1516 399 1579 436 illa
1608 401 1689 450 ipsa

253 461 503 501 ulciscuntur.
559 463 663 502 Bene
682 470 810 502 autem
831 464 999 511 novistis,
1012 465 1177 515 judices,
1193 464 1295 514 quod
1330 464 1443 502 etiam
1468 462 1689 501 clanculum

255 524 518 575 unusquisque
548 537 677 562 secum
710 525 881 563 decernit
909 524 959 563 de
989 526 1154 564 scelesto
1183 525 1271 569 hoc,
1291 524 1530 575 perspicuam
1563 531 1689 560 tamen

255 587 484 625 sententiam
502 600 608 625 suam
625 587 738 626 faciet
758 587 845 626 diis.
900 588 1068 626 Arbitror
1088 594 1228 631 autem,
1250 587 1331 631 viri,
1351 586 1399 624 de
1417 587 1591 624 omnibus
1611 597 1690 622 ma-

253 648 366 686 ximis
399 655 439 686 et
467 648 697 699 gravissimis
733 649 883 688 delictis
915 663 1029 688 unam
1055 663 1122 688 vos
1153 649 1376 688 sententiam
1413 649 1598 686 hodierno
1630 647 1691 685 die

252 708 372 752 ferre;
403 709 541 760 quibus
560 710 734 748 omnibus
768 709 990 748 Leocratem
1023 724 1107 750 esse
1135 712 1341 749 obnoxium
1372 709 1463 748 licet
1483 709 1624 753 videre,
1643 708 1691 746 de

253 770 464 820 proditione
478 771 630 821 quidem
646 772 750 822 quod
770 772 960 810 desertam
980 773 1109 810 urbem
1129 773 1301 809 hostibus
1321 770 1535 822 subjecerit,
1558 769 1604 808 de
1623 782 1691 820 po-

255 831 331 881 puli
353 839 478 870 autem
498 832 747 870 dissolutione
765 832 853 883 quia
881 846 956 870 non
984 833 1165 870 sustinuit
1185 846 1251 883 pro
1280 833 1449 870 libertate
1470 831 1691 882 periculum,

255 891 302 929 de
321 892 512 942 impietate
533 893 622 943 quia
640 893 742 943 quod
762 893 837 931 luci
857 893 1127 931 desecarentur
1153 893 1386 944 delubraque
1413 892 1693 931 suffoderentur

254 961 437 1003 quantum
468 953 505 991 in
526 954 608 1004 ipso
634 954 705 992 fuit
734 961 866 993 auctor
886 956 1039 1001 exstitit,
1058 955 1106 993 de
1125 962 1326 1006 parentum
1347 962 1472 992 autem
1493 953 1692 992 afflictione

254 1014 356 1063 quod
381 1022 628 1054 monumenta
646 1016 811 1066 ipsorum
832 1018 1040 1055 obscurarit
1064 1024 1104 1055 et
1130 1017 1308 1069 legitimis
1337 1030 1383 1055 ea
1404 1016 1560 1068 privarit
1588 1029 1692 1054 cere-

255 1075 401 1120 moniis,
421 1075 468 1114 de
489 1076 703 1115 desertione
731 1077 825 1115 aciei
846 1085 884 1116 et
912 1078 1065 1128 ignavia
1084 1079 1122 1115 in
1152 1078 1282 1116 militia
1300 1078 1439 1128 quippe
1459 1079 1524 1127 qui
1553 1090 1695 1127 corpus

255 1149 365 1174 suum
387 1150 463 1175 non
484 1137 662 1176 obtulerit
680 1138 933 1177 ordinandum
960 1139 1262 1190 imperatoribus.
1319 1139 1416 1182 Quis
1447 1150 1536 1188 ergo
1559 1138 1606 1174 ab
1633 1137 1692 1174 his

255 1198 427 1236 absolvet
445 1199 560 1236 istum
575 1198 591 1235 ἲ
619 1200 705 1249 quis
725 1200 901 1250 ignoscet
918 1200 1072 1251 flagitiis
1091 1201 1196 1239 hisce
1211 1214 1231 1238 e
1250 1200 1444 1251 proposito
1460 1198 1693 1236 commissis?

254 1259 385 1308 ecquis
407 1259 505 1297 adeo
526 1267 586 1297 est
607 1261 744 1299 mentis
764 1274 913 1312 expers,
934 1269 973 1298 ut
1001 1261 1103 1299 hunc
1124 1275 1278 1299 servans
1299 1260 1461 1299 salutem
1483 1272 1590 1298 suam
1610 1272 1694 1310 pro-

253 1320 320 1357 dat
348 1320 603 1359 desertoribus
627 1321 783 1373 patriae?
815 1331 852 1361 et
881 1329 922 1360 ut
946 1322 1059 1374 hujus
1089 1323 1267 1360 misertus
1292 1322 1374 1373 ipse
1401 1320 1692 1359 misericordiam

255 1381 397 1420 nullam
428 1382 634 1433 impetrans
662 1384 709 1422 ab
733 1383 903 1422 hostibus
931 1384 1053 1435 perire
1075 1384 1244 1422 statuat?
1273 1383 1531 1434 proditorique
1563 1383 1693 1433 patriae

254 1443 471 1493 gratificans
486 1444 674 1482 obnoxius
690 1446 739 1482 sit
749 1445 887 1483 divinae
903 1445 1080 1483 vindictae
1095 1445 1110 1482 ’ζ
1141 1446 1223 1496 Ego
1236 1445 1364 1495 itaque
1376 1452 1414 1482 et
1431 1444 1563 1495 patriae
1581 1456 1693 1494 opem

254 1505 379 1543 ferens
397 1511 435 1543 et
453 1505 570 1543 sacris
589 1512 627 1542 et
642 1505 791 1556 legibus
811 1506 960 1545 confeci
978 1513 1170 1544 certamen
1191 1514 1229 1545 et
1247 1513 1351 1544 recte
1370 1514 1409 1543 et
1432 1506 1547 1556 juste,
1568 1518 1692 1556 neque

254 1565 366 1604 aliam
387 1566 494 1604 istius
513 1566 630 1604 vitam
650 1567 886 1605 calumnians
903 1580 1027 1617 neque
1045 1574 1153 1605 extra
1172 1580 1248 1604 rem
1266 1568 1469 1617 quiequam
1490 1579 1692 1604 accusans:

254 1634 418 1666 vestrum
451 1634 578 1664 autem
604 1627 931 1678 unumquemlibet
948 1635 1101 1680 oportet
1119 1635 1292 1680 reputare
1312 1628 1430 1678 quod,
1453 1628 1517 1678 qui
1539 1628 1695 1666 Leocra-

255 1697 332 1727 tem
352 1702 374 1727 a
393 1695 510 1727 morte
529 1689 664 1728 liberat
683 1689 865 1741 suffragio
895 1703 979 1735 suo,
999 1690 1158 1741 patriam
1193 1690 1302 1728 morti
1322 1696 1362 1728 et
1387 1690 1555 1728 servituti
1585 1690 1694 1742 adju-

255 1750 370 1795 dicet,
386 1762 430 1788 ac
449 1750 595 1788 duabus
616 1749 881 1801 suffragiorum
905 1751 1009 1789 urnis
1029 1751 1245 1803 propositis,
1263 1752 1420 1789 alteram
1439 1752 1591 1802 quidem
1607 1765 1691 1802 pro-

256 1812 407 1851 ditionis
444 1812 601 1851 alteram
633 1812 767 1851 salutis
797 1825 913 1851 causa
941 1813 1107 1851 calculos
1133 1814 1314 1864 recipere,
1345 1813 1416 1850 hos
1448 1812 1597 1863 quidem
1624 1826 1694 1864 pro
1735 1847 1738 1851 ,

255 1875 467 1915 desertione
495 1875 642 1926 patriae,
660 1875 745 1913 illos
764 1888 854 1913 vero
880 1888 948 1926 pro
975 1875 1178 1913 securitate
1205 1882 1243 1912 et
1271 1874 1449 1912 felicitate
1478 1873 1595 1911 urbis.
1652 1873 1692 1910 Si

256 1938 480 1976 Leocratem
495 1936 745 1983 absolveritis,
763 1938 923 1988 prodere
939 1938 1072 1975 urbem
1089 1943 1127 1974 et
1140 1949 1247 1974 saera
1265 1942 1304 1973 et
1321 1948 1438 1973 naves
1460 1935 1693 1974 decernetis:

256 2000 314 2038 sin
332 1999 437 2037 hunc
463 1998 690 2045 occideritis,
710 1999 902 2037 custodire
930 2011 1230 2049 conservareque
1259 1998 1420 2048 patriam
1439 2004 1478 2035 et
1494 1998 1694 2048 vectigalia

254 2067 294 2099 et
311 2060 529 2099 felicitatem
549 2059 855 2098 adhortabimini.
910 2061 1147 2098 Arbitrantes
1176 2060 1302 2110 igitur,
1318 2059 1585 2106 Athenienses,
1603 2072 1694 2110 sup-

256 2121 398 2173 plicare
425 2121 530 2159 vobis
551 2122 744 2172 regionem
766 2127 805 2160 et
833 2122 999 2166 arbores,
1019 2134 1125 2160 orare
1153 2127 1302 2172 portuS,
1321 2120 1472 2159 navalia
1493 2127 1532 2159 et
1553 2121 1694 2158 moenia

258 2184 376 2230 urbis,
395 2183 630 2221 contendere
654 2190 780 2221 autem
799 2191 838 2221 et
865 2196 982 2221 naves
995 2189 1040 2221 et
1057 2183 1219 2221 delubra
1237 2183 1394 2220 deorum
1423 2188 1464 2219 ut
1478 2182 1548 2220 sibi
1568 2182 1691 2232 opitu-

256 2244 397 2289 lemini,
413 2244 450 2282 in
467 2244 681 2295 exemplum
694 2244 777 2283 aliis
793 2244 946 2283 statuite
958 2245 1199 2290 Βεοοωιθω,
1211 2244 1401 2282 recordati
1419 2256 1465 2281 ea
1479 2256 1565 2294 quae
1580 2256 1693 2282 accu-

258 2306 439 2350 savimus,
470 2312 509 2343 et
538 2305 643 2355 quod
670 2318 746 2343 non
772 2305 890 2356 pluris
910 2306 1034 2344 valeat
1065 2305 1167 2357 apud
1184 2318 1252 2344 vos
1284 2305 1541 2344 misericordia
1568 2317 1692 2356 neque
1733 2324 1736 2327 ·

259 2368 586 2419 lacrymae‚,quam
613 2367 650 2405 in
667 2380 742 2418 qua
760 2366 868 2418 leges
887 2375 927 2406 et
946 2367 1372 2419 populusconservatur
1390 2367 1506 2406 salus.
