1870 3277
243 198 292 233 58
791 257 795 269 ι
837 201 1123 240 ISOCRATIS

237 311 327 336 vero
349 299 491 336 moenia
510 300 645 351 patrioe
665 302 789 339 solum
811 303 945 347 erexit,
967 304 1036 342 sed
1058 311 1098 342 et
1117 305 1311 342 civitatem
1333 306 1371 343 in
1397 306 1563 345 eundem
1588 307 1717 358 digni-

237 360 324 398 tatis
350 360 478 399 locum
506 362 609 400 unde
635 364 832 402 exciderat
859 367 1040 404 restituit.
1102 366 1308 404 Enimvero
1334 368 1420 418 quis
1447 376 1718 420 exspectasset

236 435 259 458 a
278 422 358 460 viro
384 430 461 460 tam
493 424 645 476 abjecto
674 432 816 463 statum
840 426 1005 465 Graeciae
1038 429 1267 466 mutandum
1301 442 1400 475 esse,
1427 437 1465 468 et
1494 444 1541 468 ex
1568 430 1717 468 Graccis

237 484 395 521 urbibus
417 484 512 523 alias
534 486 764 536 depressum
786 486 829 524 iri
851 487 944 526 alias
966 490 1212 528 emersuras?

290 546 354 583 26.
385 546 476 584 Jam
498 547 711 599 Dionysius
731 571 783 576 —
803 549 890 586 volo
910 550 1012 587 enim
1039 551 1171 590 multis
1202 553 1388 603 exemplis
1417 553 1598 591 adductis
1627 568 1715 605 per-

238 607 392 646 suaderi
419 608 486 646 tibi
508 609 662 646 facilem
683 623 769 648 esse
791 624 869 648 rem
893 612 942 649 ad
962 626 1078 663 quam
1100 621 1135 651 te
1158 614 1342 652 adhortor
1362 638 1414 642 -—
1433 628 1551 665 quum
1574 629 1672 654 unus
1694 628 1716 653 c

239 669 371 706 multis
401 676 505 707 esset
541 670 874 721 Syracusanorum
905 680 944 710 et
974 687 1112 723 genere
1143 683 1180 713 et
1211 675 1335 725 gloria
1360 684 1398 714 et
1427 676 1606 714 omnibus
1635 677 1718 715 aliis

238 732 366 776 rebus,
381 738 419 769 et
436 732 698 771 monarchiam
715 734 795 772 sine
810 735 913 772 omni
930 737 1077 774 ratione
1097 750 1241 788 perque
1264 738 1432 776 furorem
1454 739 1718 790 concupisset,

239 794 330 845 quia
352 800 502 832 tentare
524 795 654 833 omnia
681 809 769 846 quae
796 797 845 834 ad
873 810 959 835 eam
986 811 1065 835 rem
1094 799 1267 838 facerent
1298 801 1481 847 audebat,
1504 801 1718 852 Syracusas

236 855 455 907 occupavit,
485 862 525 893 et
551 857 750 896 universas
782 859 924 897 Siciliae
953 861 1068 898 urbes
1098 874 1186 911 quae
1217 862 1373 912 quidem
1403 863 1556 901 Graecae
1587 872 1718 901 essent

238 918 356 968 cepit,
373 925 580 969 tantasque
596 920 726 970 copias
743 927 824 958 tum
842 921 1043 972 pedestres
1060 930 1142 961 turn
1164 924 1319 963 navales
1341 926 1580 977 comparavit
1599 939 1721 977 quan-

237 986 298 1018 tas
318 981 372 1017 vir
394 993 507 1018 nemo
529 988 620 1019 ante
641 982 762 1020 illum.

291 1046 357 1083 27.
387 1045 585 1084 Praeterea
613 1047 864 1097 Cyrus—ut
894 1048 1009 1087 etiam
1043 1049 1294 1088 barbarorum
1328 1052 1564 1090 mentionem
1598 1050 1716 1088 facia-

238 1122 323 1146 mus
343 1132 395 1136 —
417 1122 439 1147 a
459 1116 579 1147 matre
603 1109 759 1160 quidem
787 1111 965 1160 abjectus
996 1112 1032 1149 in
1060 1113 1174 1158 viam,
1201 1126 1224 1150 a
1251 1113 1411 1151 Persica
1437 1127 1527 1152 vero
1556 1113 1717 1151 muliere

238 1173 434 1221 sublatus,
455 1179 585 1211 tantas
606 1173 773 1211 fortunae
795 1173 1084 1212 vicissitudines
1113 1175 1231 1213 subiit
1255 1183 1298 1213 ut
1320 1176 1422 1214 Asiae
1450 1177 1568 1214 totius
1596 1176 1718 1213 domi-

239 1242 334 1273 natu
355 1235 554 1286 potiretur.

291 1299 356 1334 ³28.
377 1297 507 1341 Quum
525 1297 641 1347 igitur
650 1297 873 1336 Alcibiades
889 1298 1013 1343 exsul,
1025 1299 1165 1337 Conon
1181 1299 1292 1337 clade
1309 1306 1488 1350 accepta,
1500 1299 1714 1349 Dionysius

238 1360 440 1406 obscurus,
462 1361 588 1411 Cyrus
608 1373 654 1397 ex
680 1367 756 1398 tam
784 1360 992 1398 miserabili
1025 1361 1237 1399 nativitatis
1267 1361 1491 1412 primordio,
1520 1374 1566 1398 eo
1593 1373 1716 1411 usque

238 1424 316 1461 sint
336 1423 531 1474 progressi
552 1429 760 1474 tantasque
781 1437 839 1461 res
860 1423 1062 1473 gesserint,
1084 1430 1126 1460 tu
1150 1423 1208 1460 his
1235 1423 1428 1461 natalibus
1456 1423 1657 1468 oriundus,
1678 1430 1718 1461 et

239 1484 485 1522 Macedoniae
508 1497 586 1529 rex,
608 1492 646 1522 et
665 1492 721 1522 tot
742 1484 940 1522 hominum
963 1485 1158 1530 dominus,
1179 1498 1257 1523 non
1279 1485 1392 1522 facile
1413 1485 1497 1523 haec
1512 1484 1718 1536 perficies?

291 1548 357 1584 29.
389 1547 478 1584 Jam
499 1546 703 1584 considera
723 1546 813 1583 talia
839 1546 1034 1596 suscipere
1054 1559 1171 1596 quam
1199 1546 1247 1584 sit
1276 1559 1403 1597 operae
1431 1547 1717 1598 pretium‚quae

238 1609 268 1647 si
291 1622 337 1647 ex
358 1607 551 1646 sententia
571 1607 752 1657 gesseris,
770 1621 846 1645 non
869 1607 1053 1645 minorem
1075 1621 1193 1658 quarn
1215 1608 1451 1646 celeberrimi
1471 1608 1610 1659 quique
1632 1608 1718 1659 glo-

236 1671 331 1709 riam
351 1670 622 1721 consequeris;
654 1670 713 1707 sin
733 1670 1013 1721 exspectationi
1033 1677 1195 1708 eventus
1212 1684 1289 1709 non
1307 1672 1562 1722 responderit,
1580 1672 1718 1710 saltem

239 1733 468 1771 Graecorum
503 1732 813 1770 benevolentiam
844 1733 1064 1777 contrahes,
1093 1746 1208 1783 quam
1239 1746 1398 1784 parasse
1427 1733 1632 1784 gloriosius
1659 1741 1719 1772 est

239 1808 356 1846 quam
376 1794 519 1832 multas
541 1793 704 1832 Graecas
724 1795 839 1832 urbes
860 1795 896 1832 vi
918 1795 1094 1846 cepisse:
1132 1808 1219 1832 narn
1245 1795 1466 1833 istiusmodi
1486 1808 1545 1833 res
1565 1808 1635 1833 nec
1657 1796 1715 1833 in-

238 1858 341 1896 vidia
361 1863 496 1895 carent
515 1870 589 1894 nec
610 1856 708 1894 odiis
728 1869 852 1907 neque
872 1856 1004 1894 multis
1025 1856 1256 1902 maledictis,
1276 1869 1364 1894 cum
1391 1870 1437 1895 eo
1467 1863 1594 1894 autem
1622 1870 1716 1895 con-

240 1920 325 1958 silio
346 1919 451 1971 quod
472 1932 542 1957 nos
559 1919 626 1957 tibi
647 1919 787 1956 damus
809 1918 902 1956 nihil
923 1919 1056 1956 horum
1078 1926 1134 1957 est
1149 1919 1415 1971 conjunctum.
1473 1921 1603 1970 Atque
1619 1920 1717 1960 adeo

238 1982 269 2020 si
291 1983 377 2033 quis
398 1982 466 2019 tibi
490 1981 587 2019 deus
615 1981 812 2033 optionem
839 1981 962 2027 daret,
984 1981 1122 2031 quibus
1149 1982 1286 2020 studiis
1313 1989 1353 2020 et
1375 1982 1717 2020 exercitationibus

237 2052 393 2083 aetatem
412 2044 567 2095 exigere
583 2043 717 2089 velles,
730 2043 875 2081 nullam
893 2043 1007 2080 aliam
1024 2043 1112 2081 huic
1126 2043 1279 2087 rationi,
1292 2057 1354 2081 me
1370 2043 1528 2094 quidem
1544 2051 1717 2090 auctore,

238 2114 510 2157 anteponeres.
569 2105 709 2155 Neque
724 2105 826 2143 enim
846 2104 909 2141 alii
925 2110 1073 2142 tantum
1095 2112 1132 2143 te
1149 2106 1403 2152 mirabuntur,
1424 2105 1494 2144 sed
1515 2114 1553 2144 et
1573 2113 1612 2144 tu
1634 2106 1718 2158 ipse

237 2169 394 2206 beatum
416 2174 454 2205 te
471 2167 683 2217 judicabis.
741 2167 843 2204 Nam
866 2166 961 2217 quid
985 2166 1035 2205 ad
1058 2167 1367 2218 magnitudinem
1393 2168 1586 2206 felicitatis
1611 2169 1716 2207 illius

238 2236 357 2282 queat
393 2228 596 2275 accedere,
627 2228 658 2266 si
687 2242 734 2266 ex
765 2228 939 2266 maximis
974 2229 1132 2266 urbibus
1167 2229 1438 2279 spectatissimi
1471 2230 1614 2280 quique
1646 2230 1728 2268 viri'

238 2291 359 2342 legati
378 2291 416 2329 in
438 2297 548 2329 tuum
572 2304 734 2341 regnum
759 2290 948 2335 venerint,
969 2304 1057 2329 cum
1084 2290 1224 2342 quibus
1247 2291 1299 2330 ita
1317 2299 1359 2329 tu
1381 2291 1428 2330 de
1455 2293 1580 2331 salute
1608 2306 1715 2331 com-

238 2354 345 2391 muni
375 2354 578 2399 deliberes,
598 2359 642 2391 ut
663 2366 709 2390 ea
732 2359 920 2403 praeterea
942 2352 1084 2390 nemini
1104 2360 1223 2390 tantae
1244 2354 1365 2392 fuisse
1384 2367 1489 2392 curae
1509 2355 1716 2394 videatur?

238 2416 269 2454 si
300 2416 492 2454 Graeciam
523 2414 691 2453 senseris
720 2414 940 2452 universam
969 2422 1138 2453 erectam
1165 2422 1283 2466 atque
1313 2416 1478 2454 alacrem
1506 2431 1527 2456 a
1553 2424 1589 2456 te
1616 2419 1716 2458 duce

242 2478 413 2529 pendere
432 2477 448 2514 3
476 2477 507 2516 si
535 2489 649 2515 nemo
674 2476 782 2527 parvi
803 2476 921 2514 faciet
940 2489 962 2514 a
980 2484 1018 2514 te
1039 2477 1263 2521 constituta,
1285 2477 1353 2515 sed
1374 2477 1437 2515 alii
1458 2478 1716 2518 sciscitabun-

240 2547 300 2577 tur
320 2553 398 2590 quo
417 2539 453 2577 in
474 2538 561 2576 loco
581 2551 641 2575 res
662 2550 742 2575 suae
764 2537 853 2583 sint,
871 2536 935 2574 alii
950 2544 1040 2575 vota
1058 2537 1201 2575 facient
1217 2544 1260 2575 ut
1277 2539 1434 2577 fortuna
1448 2545 1535 2577 tuos
1550 2548 1714 2580 conatus

240 2601 412 2651 adjuvet,
435 2601 499 2639 alii
521 2600 676 2639 solliciti
695 2608 808 2638 erunt
827 2612 874 2636 ne
895 2606 1102 2650 antequam
1122 2607 1263 2638 conata
1283 2601 1461 2651 perficias
1482 2601 1624 2652 aliquid
1643 2602 1716 2641 hu-

238 2663 406 2701 manitus
427 2663 494 2701 tibi
516 2661 695 2701 accidat?
751 2663 850 2704 Quae
876 2675 995 2712 quum
1022 2662 1130 2708 fient,
1150 2675 1278 2700 annon
1299 2662 1387 2713 jure
1409 2663 1554 2714 optimo
1571 2677 1713 2715 magno

239 2725 368 2763 animo
390 2724 492 2762 eris?
550 2724 626 2769 Qui
650 2724 729 2762 fieri
749 2724 890 2775 poterit
911 2731 954 2762 ut
975 2737 1049 2762 non
1069 2723 1148 2762 vita
1168 2737 1256 2761 cum
1277 2738 1428 2763 summa
1448 2725 1580 2763 laetitia
1600 2739 1713 2777 pera-

238 2801 320 2840 gas,
339 2788 378 2824 in
399 2794 591 2824 tantarum
613 2800 738 2824 rerum
759 2786 1082 2824 administratione
1103 2799 1147 2824 ac
1166 2786 1326 2838 fastigio
1347 2787 1612 2825 constitutus?
1662 2789 1714 2827 Et

237 2851 324 2902 quis
343 2849 500 2888 tandem
521 2856 582 2887 est
601 2849 663 2887 vel
684 2848 866 2887 mediocri
888 2848 1092 2900 prudentia
1111 2848 1178 2899 qui
1198 2855 1235 2886 te
1256 2862 1334 2887 non
1359 2849 1576 2888 hortaretur
1595 2851 1645 2889 ad
1665 2864 1711 2890 ea

235 2911 487 2963 suscipienda
504 2924 592 2961 quae
613 2917 776 2960 utraque
796 2911 882 2949 haec
902 2910 1016 2949 simul
1037 2910 1133 2948 ferre
1152 2916 1327 2960 possent,
1342 2917 1526 2962 tanquam
1546 2912 1711 2960 fructus,

236 2982 316 3012 tum
338 2973 559 3025 voluptates
580 2972 740 3011 eximias
760 2978 840 3010 tum
862 2972 1028 3011 honores
1047 2971 1283 3010 immortales
1301 2970 1317 3008 ’ἶ
