1870 3277
181 175 203 209 2
765 174 1050 212 ISOCRATIS

182 285 301 323 penes
329 286 426 323 quos
446 279 548 317 sunt,
567 279 606 310 et
626 281 666 310 ut
686 287 847 324 corpora
874 275 1046 325 pugilum
1076 281 1227 320 ornant,
1250 275 1301 312 sie
1326 275 1504 311 tenebras
1528 286 1638 310 cura-

178 334 270 371 tioni
293 335 429 371 mentis
450 333 667 371 obducunt:
702 334 849 372 virtutis
870 343 999 373 autem
1022 335 1230 386 possessio,
1259 335 1295 371 iu
1322 347 1483 384 quorum
1505 334 1640 371 animis

179 395 326 432 sincere
356 407 433 431 una
453 407 539 431 cum
564 401 676 431 aetate
702 397 927 441 accreverit,
947 397 1030 434 sola
1050 410 1121 435 uec
1142 397 1178 433 iu
1200 402 1400 433 senectute
1420 395 1575 440 deserit,
1603 402 1640 432 et

179 454 317 504 opibus
352 456 594 504 praestantior
622 463 660 492 et
688 457 886 495 nobilitate
908 457 1055 500 utilior;
1087 471 1172 495 nam
1195 470 1283 507 quae
1303 457 1365 494 alii
1387 456 1534 493 efficere
1563 469 1641 493 non

180 523 358 564 possunt,
381 529 428 553 ea
454 516 545 553 facit
571 523 610 552 ut
634 517 793 554 obtineri
824 519 974 568 possint
1001 532 1088 569 quae
1114 517 1350 555 multitudini
1379 517 1570 554 horrenda
1589 517 1643 554 vi-

181 576 333 622 dentur,
355 590 496 626 magno
517 576 644 613 animo
665 578 781 622 subit,
812 578 1000 616 desidiam
1022 580 1058 615 iu
1080 579 1170 616 vitio
1191 579 1312 628 ponit,
1343 578 1511 615 laborem
1541 576 1643 614 laudi

177 637 248 674 sibi
276 637 395 674 ducit.
454 639 551 681 Quoe
577 637 734 686 quidem
765 639 876 677 facile
898 646 976 676 tum
998 652 1043 676 ex
1069 639 1250 677 Herculis
1271 639 1542 676 certaminibus
1563 646 1643 674 tum

180 710 200 734 e
222 697 360 734 Thesei
389 699 570 748 operibus
605 699 768 749 perspici
799 708 1163 750 possunt,quorum
1197 699 1310 737 factis
1341 712 1476 736 norma
1496 697 1644 734 virtutis

180 757 315 794 directi
334 771 459 796 mores
477 765 623 796 tantum
644 759 778 809 gloriae
796 760 915 798 decus
936 761 1227 810 impresserunt,
1246 759 1408 797 utnulla
1424 759 1565 796 saecula
1583 770 1643 796 res

178 830 312 856 eorum
334 826 462 868 gestas
482 820 671 857 oblivione
691 820 818 858 delere
839 821 1001 871 possint.

237 882 274 917 3.
306 882 434 931 Atque
452 881 563 925 adeo,
582 882 732 932 siquod
746 883 834 919 vitae
850 883 1065 920 institutum
1084 883 1200 934 patris
1222 883 1275 920 tui
1297 882 1409 920 Fuerit
1429 881 1644 925 recordere,

182 940 436 979 domesticum
453 949 492 980 et
507 943 656 980 illustre
670 942 826 981 habebis
843 944 1060 994 exemplum
1079 956 1211 981 eorum
1227 956 1315 993 quae
1331 957 1353 981 a
1370 956 1429 980 me
1443 943 1643 979 dicuntur:

181 1014 252 1039 nec
272 1003 373 1039 enim
395 1004 448 1041 sic
469 1004 598 1054 exegit
616 1009 788 1050 aetatem,
809 1012 850 1042 ut
871 1005 930 1042 vel
952 1004 1132 1042 virtutem
1158 994 1375 1055 negligeret
1393 1003 1451 1040 vel
1479 1003 1643 1052 ignaviae

180 1076 264 1102 sese
283 1064 456 1107 dederet,
477 1066 546 1102 sed
564 1072 606 1103 et
624 1078 765 1115 corpus
787 1066 983 1103 laboribus
1003 1066 1177 1104 exercuit
1199 1073 1239 1103 et
1265 1065 1433 1102 animum
1465 1064 1514 1101 ad
1546 1063 1644 1113 peri-

179 1126 268 1163 cula
288 1133 464 1176 paratum
485 1127 641 1170 habuit;
675 1140 797 1176 neque
819 1128 1020 1177 pecuniam
1042 1140 1158 1178 supra
1175 1127 1330 1164 modum
1351 1126 1506 1169 amavit,
1523 1126 1592 1163 sed
1606 1133 1646 1163 et

181 1187 290 1224 bonis
311 1187 389 1224 suis
410 1200 505 1225 usus
526 1195 585 1226 est
605 1196 647 1225 ut
668 1189 855 1233 mortalis,
873 1195 913 1226 et
932 1201 1009 1226 rem
1031 1189 1254 1226 familiarem
1272 1187 1421 1225 curavit
1436 1194 1479 1224 ut
1494 1187 1647 1224 immor-

181 1249 291 1293 talis3
325 1263 452 1300 neque
474 1263 563 1288 vero
584 1251 700 1288 vitam
723 1251 874 1301 abjecte
896 1250 1073 1294 instituit,
1095 1249 1164 1288 sed
1186 1257 1225 1287 et
1252 1248 1480 1300 splendidus
1508 1247 1580 1284 fuit
1607 1256 1646 1285 et

181 1310 409 1359 magnificus
432 1319 470 1348 et
488 1311 678 1361 benignus
700 1312 736 1348 in
754 1311 912 1356 amicos,
927 1325 972 1349 ac
990 1311 1047 1348 sui
1064 1311 1258 1348 studiosos
1279 1310 1398 1361 pluris
1419 1309 1508 1346 secit
1529 1321 1644 1358 quam

179 1373 309 1421 generi
331 1372 402 1409 sibi
432 1373 678 1423 propinquos.
738 1373 797 1410 Ad
820 1373 1026 1411 amicitiam
1052 1373 1152 1410 enim
1185 1370 1497 1409 constituendam
1529 1370 1644 1419 longe

179 1432 266 1482 plus
283 1446 368 1470 esse
383 1433 513 1470 virium
535 1434 570 1470 in
590 1440 727 1471 natura
742 1447 857 1484 quam
876 1435 913 1471 in
934 1434 1035 1484 lege,
1055 1434 1092 1470 in
1111 1434 1278 1470 moribus
1292 1445 1406 1483 quam
1428 1431 1463 1468 in
1487 1444 1642 1481 genere,

179 1493 216 1530 in
236 1493 433 1531 voluntate
452 1507 576 1544 quam
601 1495 644 1531 in
675 1495 920 1541 necessitate,
940 1495 1156 1546 judicabat.
1213 1494 1408 1531 Deficeret
1433 1506 1501 1529 nos
1531 1504 1643 1529 omne

180 1563 348 1606 tempus,
369 1556 400 1592 si
419 1569 553 1593 omnes
587 1557 689 1594 illius
721 1557 892 1595 act-iones
919 1569 1259 1594 enumeraremus:
1290 1555 1358 1593 sed
1378 1554 1463 1592 illas
1484 1566 1643 1591 accura-

177 1615 252 1653 tius
273 1616 367 1654 alias
387 1617 680 1667 explicabimus,
703 1631 805 1655 nunc
833 1618 1029 1669 specimen
1066 1617 1273 1669 Hipponici
1305 1623 1451 1654 naturae
1472 1614 1646 1652 exhibui-

179 1689 281 1721 mus,
302 1678 406 1727 quod
427 1685 610 1728 tanquam
632 1679 830 1730 exemplar
851 1680 889 1716 in
908 1679 987 1717 vita
1008 1679 1187 1729 degenda
1210 1677 1449 1729 propositum
1471 1676 1535 1714 tibi
1557 1687 1643 1713 esse

178 1737 308 1785 debet,
339 1747 382 1776 ut
413 1752 536 1778 mores
567 1741 668 1778 illius
703 1753 771 1791 pro
801 1740 955 1791 legibus
989 1740 1150 1785 habeas,
1173 1747 1446 1790 paternamque
1467 1737 1644 1775 virtutem

178 1799 373 1837 admireris
394 1808 433 1838 et
450 1801 655 1839 aemuleris.
709 1802 825 1848 Nam,
844 1815 961 1852 quum
983 1801 1146 1852 pictores
1168 1800 1322 1850 pulcras
1343 1800 1558 1836 animantes
1579 1811 1647 1835 ex-

179 1860 360 1908 primant,
377 1861 504 1898 liberis
527 1869 637 1911 turpe
659 1862 774 1900 fuerit
792 1868 975 1911 parentes
993 1861 1131 1898 virtute
1151 1866 1379 1910 praestantes
1400 1871 1474 1896 non
1494 1858 1646 1895 imitari.

177 1919 307 1962 Quare
330 1932 557 1970 persuasum
588 1921 743 1967 habeto,
772 1921 868 1958 nulli
895 1920 1015 1971 pugili
1044 1927 1189 1958 tantam
1211 1932 1297 1957 esse
1324 1919 1642 1970 praeparationem

180 1979 437 2018 adhibendam
460 1987 597 2018 contra
612 1994 708 2019 vsuos
729 1981 983 2027 adversarios,
1004 1993 1120 2032 quam
1142 1980 1208 2018 tibi
1225 1981 1444 2018 curandum
1470 1981 1519 2018 sit
1544 1988 1586 2018 ut
1605 1979 1643 2017 in

179 2039 253 2078 hoc
269 2041 480 2079 certamine
506 2041 636 2078 vlaudis
667 2042 718 2079 sis
750 2043 849 2093 patri
879 2049 944 2079 tuo
976 2055 1057 2092 par.
1115 2042 1374 2092 Nequaquam
1404 2048 1530 2079 autem
1561 2041 1643 2079 fieri

161 2109 308 2152 ,potest
323 2109 366 2141 ut
379 2103 583 2154 qui-squam
604 2104 678 2141 hoc
700 2104 736 2141 in
757 2105 927 2142 animum
948 2104 1109 2141 inducat
1125 2117 1251 2148 suum,
1269 2104 1306 2140 ni
1325 2104 1454 2141 multis
1474 2111 1512 2141 et
1530 2104 1642 2142 bonis

179 2165 384 2214 praeceptis
410 2164 527 2202 fuerit
556 2165 742 2202 refertus:
775 2178 863 2202 nam
885 2171 929 2202 ut
948 2165 1156 2203 moderatis
1178 2165 1374 2202 laboribus
1396 2177 1570 2214 corpora,
1587 2164 1642 2202 sic

177 2225 344 2263 honesta
359 2225 535 2263 doctrina
549 2233 701 2264 mentes
717 2226 848 2276 augeri
869 2225 1005 2263 solent.
1064 2225 1151 2276 Ego
1170 2226 1298 2275 itaque
1320 2232 1358 2263 te
1377 2226 1539 2264 breviter
1561 2238 1641 2263 mo-

179 2299 270 2335 nere
302 2287 484 2332 conabor,
512 2286 652 2337 quibus
685 2287 822 2324 studiis
857 2287 1042 2325 maximas
1071 2287 1120 2325 ad
1146 2286 1323 2324 virtutem
1354 2286 1642 2337 progressiones

176 2341 350 2385 facturus
370 2354 409 2385 et
428 2348 475 2385 ab
496 2347 579 2386 aliis
607 2347 784 2385 omnibus
809 2347 966 2386 laudem
994 2354 1034 2385 et
1059 2347 1221 2399 gloriam
1249 2355 1527 2386 consecuturus
1555 2361 1642 2387 esse

177 2408 358 2446 videaris.

230 2472 269 2507 4.
301 2469 346 2506 In
369 2469 500 2520 primis
527 2469 647 2520 igitur
673 2470 767 2508 deos
795 2471 1029 2509 immortales
1056 2470 1235 2522 religiose
1266 2472 1398 2517 colito,
1418 2484 1496 2508 non
1527 2470 1643 2508 sacri-

178 2530 266 2567 ficia
287 2530 401 2567 modo
422 2531 600 2568 faciendo
620 2531 689 2569 sed
711 2532 966 2583 jurejurando
985 2532 1101 2570 etiam
1121 2532 1409 2571 conservando:
1441 2545 1528 2570 nam
1545 2531 1640 2569 illud

178 2591 317 2641 amplae
338 2592 515 2641 pecuniae
534 2591 717 2630 indi-cium
740 2600 813 2637 est,
835 2593 909 2631 hoc
931 2606 1081 2631 morum
1100 2593 1331 2643 integritatis
1352 2599 1636 2643 argumentum.

181 2652 373 2689 Venerare
402 2665 545 2690 numen
577 2666 666 2691 cum
687 2653 782 2692 alias
803 2666 968 2705 semper,
989 2661 1070 2691 tum
1090 2654 1255 2692 maxime
1283 2667 1402 2705 quum
1429 2666 1537 2691 sacra
1568 2665 1639 2704 pu·

178 2712 277 2750 blice
297 2713 417 2750 fiunt:
448 2713 502 2750 sic
524 2715 624 2752 enim
644 2714 844 2766 apparebit
864 2722 901 2752 te
924 2714 1037 2752 simul
1064 2722 1103 2753 et
1120 2715 1194 2752 diis
1213 2715 1410 2752 immolare
1428 2721 1468 2751 et
1487 2713 1638 2764 legibus

178 2774 458 2823 obtemperare.
515 2774 651 2812 Talem
677 2789 770 2826 erga
795 2782 975 2827 parentes
1003 2782 1040 2814 te
1064 2775 1207 2826 praebe,
1220 2775 1361 2825 quales
1382 2775 1417 2812 in
1439 2782 1476 2812 te
1497 2774 1638 2811 liberos

178 2834 264 2872 e‘sse
280 2840 366 2872 tuos
387 2843 553 2886 optares.
604 2836 680 2874 Eas
693 2837 866 2890 corporis
883 2837 1176 2876 exercitationes
1193 2837 1439 2888 amplectere,
1461 2850 1535 2874 non
1551 2849 1638 2887 quae

178 2894 230 2934 ad
259 2896 389 2941 robur,
415 2896 492 2942 ¹sed,
517 2897 847 2948 quae'valetudini
879 2898 1039 2950 prosint.
1073 2937 1075 2939 ,
1100 2898 1216 2942 Quod
1244 2898 1297 2936 ita
1323 2910 1575 2948 consequere,
1607 2896 1637 2933 si
