1870 3277
246 146 322 181 212
833 146 1119 189 lsOCRA'r-lvs

245 248 383 294 suisset
401 260 408 284 :
439 261 596 299 aequum
618 257 745 290 autem
765 263 851 288 esse
880 259 945 288 aut
969 258 1008 289 et
1027 251 1321 289 commodorum
1349 252 1383 288 in
1404 253 1632 291 societatem
1653 265 1720 289 ve-

245 309 324 351 nire
344 316 412 348 aut
441 323 488 349 ne
512 310 811 350 adversitatibus
833 312 988 362 quidem
1016 313 1204 365 contingi.
1264 313 1333 351 Me
1355 326 1444 351 vero
1475 313 1638 365 puderet
1662 315 1718 351 ita

245 371 364 423 loqui,
388 372 480 423 quin
507 380 546 410 ct
564 373 727 414 eandem
757 382 873 424 atque
895 374 942 412 de
963 375 1113 414 caeteris
1141 375 1452 426 provocationem
1475 376 1595 416 facio:
1628 375 1716 416 volo

246 433 364 479 enim,
387 434 576 485 siquidem
601 435 724 478 malus
746 435 800 472 vir
823 436 893 473 fuit
912 436 1139 475 Timotheus
1153 437 1354 488 ¹multaque
1377 437 1412 474 in
1436 450 1503 475 vos
1525 437 1714 488 peccavit,

245 507 320 547 ego
339 497 533 548 particeps
555 510 640 535 esse
663 511 873 549 poenasque
902 498 994 536 dare
1016 513 1140 550 neque
1163 512 1275 538 secus
1297 513 1341 541 ac
1363 513 1449 538 rcus
1475 499 1623 551 puniri:
1654 500 1715 537 sin

245 563 374 597 autem
396 564 435 595 et
453 558 547 595 civis
568 559 693 596 bonus
714 566 751 596 ct
774 559 854 596 dux
883 559 969 598 talis
990 561 1142 610 qualem
1164 562 1310 598 nullum
1334 575 1402 600 nos
1424 561 1565 607 scimus
1585 569 1716 599 osten-

245 616 374 664 detur,
394 617 459 656 ille
482 619 661 657 videlicet
679 633 702 657 a
721 620 826 658 vobis
846 620 1064 659 laudandus
1088 623 1159 660 erit
1179 624 1380 674 gratiaque
1398 622 1431 661 ei
1453 622 1649 668 habenda,
1669 621 1715 660 de

244 679 321 723 hac
341 687 469 718 autem
497 679 684 719 adversus
706 695 764 720 me
784 683 1048 728 accusatione,
1069 697 1115 721 ex
1137 684 1180 722 iis
1199 698 1286 734 quae
1315 698 1336 721 a
1357 698 1416 723 me
1439 691 1530 723 sunt
1549 691 1716 735 patrata,

245 741 513 792 quodjustum
535 742 642 781 vobis
664 743 870 789 videbitur,
887 744 1128 795 judicabitis.

299 803 391 841 26.*
421 805 460 841 5.
492 803 756 842 Coacervatim
777 818 864 843 vero
882 805 953 843 hoc
968 805 1092 844 habeo
1105 807 1232 845 dicere
1252 807 1300 844 de
1315 807 1518 845 Timotheo
1533 806 1717 858 quodque

245 864 375 902 omnia
392 864 508 902 simul
529 865 834 916 comprehendit,
852 873 909 904 tot
928 881 1016 905 eum
1038 869 1184 919 cepisse
1207 870 1320 906 urbes
1342 869 1376 906 vi
1395 876 1492 919 quot
1511 881 1624 906 nemo
1646 881 1717 905 un-

244 937 360 977 quam
389 926 600 977 imperator
631 939 756 978 neque
785 941 832 965 ex
858 927 933 966 hac
962 930 1055 967 urbe
1085 944 1208 980 neque
1237 943 1285 968 ex
1312 931 1459 981 reliqua
1483 930 1653 976 Graecia,
1679 938 1719 968 et

243 985 381 1024 harum
402 987 564 1037 aliquas,
582 988 721 1038 quibus
741 989 864 1040 captis
884 990 1065 1028 universa
1083 990 1223 1029 vicinia
1237 998 1374 1029 coacta
1396 997 1456 1029 est
1476 998 1618 1029 nostrae
1634 992 1718 1029 urbi

244 1047 369 1085 amica
394 1047 490 1085 fieri.
546 1048 711 1087 Tantam
733 1063 978 1101 unaquaeque
1005 1051 1174 1090 habebat
1193 1051 1291 1090 vim!
1342 1051 1440 1096 Quis
1467 1052 1570 1090 enim
1592 1053 1718 1091 nescit

245 1108 457 1160 Corcyram
479 1111 804 1161 opportunissimo
823 1119 863 1150 et
882 1113 1139 1164 pulcherrimo
1155 1115 1323 1153 omnium
1348 1114 1452 1153 circa
1472 1115 1717 1166 Peloponne-

245 1184 331 1209 sum
348 1172 423 1209 situ
440 1172 684 1218 collocatam,
704 1174 863 1212 Samum
879 1182 1007 1213 autem
1021 1175 1059 1213 in
1076 1176 1199 1222 Ionia,
1217 1177 1374 1214 Sestum
1391 1183 1431 1214 et
1447 1176 1663 1214 Crithotem
1679 1176 1716 1213 in

246 1232 521 1284 Hellesponto,
543 1234 760 1273 Potidaeam
783 1243 821 1274 et
847 1237 1038 1275 Toronem
1058 1237 1097 1275 in
1121 1238 1317 1276 Thracia?
1365 1240 1473 1281 Quas
1502 1237 1565 1276 ille
1585 1250 1719 1277 omnes

244 1295 426 1342 subactas
454 1295 612 1334 tradidit
639 1297 761 1342 vobiS,
785 1297 866 1336 sine
897 1299 1049 1350 magnis
1072 1299 1269 1351 impensis,
1297 1300 1379 1338 sine
1403 1300 1635 1338 detrimento
1655 1312 1719 1337 so-

243 1355 405 1404 ciorum,
427 1357 535 1395 nulla
554 1359 784 1397 necessitate
801 1360 907 1398 vobis
923 1360 1103 1412 imposita
1123 1361 1266 1399 multas
1288 1361 1513 1400 collationes
1534 1360 1717 1399 militares

245 1416 459 1470 afferendi3
492 1418 574 1465 sed,
607 1432 695 1457 cum
718 1420 751 1457 ei
784 1421 834 1458 ad
869 1434 1025 1459 cursum
1053 1422 1156 1460 circa
1185 1421 1500 1473 Peloponnesum
1531 1422 1717 1460 tredecim

243 1485 396 1517 tantum
426 1480 573 1518 talenta
599 1482 688 1518 urbs
715 1481 889 1520 dedisset
914 1490 951 1521 et
974 1484 1259 1535 quinquaginta
1285 1484 1472 1529 triremes,
1504 1484 1719 1534 Corcyram

244 1541 380 1583 urbem
399 1542 502 1592 cepit
522 1541 723 1593 octoginta
748 1543 975 1582 instructam
997 1545 1225 1591 triremibus,
1245 1558 1290 1583 ac
1311 1546 1414 1583 circa
1442 1545 1538 1582 illud
1563 1553 1717 1595 ternpus

246 1602 563 1641 Lacedaemonios
588 1604 716 1642 navali
744 1605 875 1655 praelio
905 1606 1113 1657 superavit,
1132 1606 1312 1657 hancque
1338 1620 1475 1659 pacem
1497 1620 1564 1645 eos
1590 1606 1719 1656 coegit

243 1675 492 1715 componere,
507 1677 594 1715 quae
611 1672 757 1704 tantam
780 1667 931 1717 utrique
948 1667 1031 1705 urbi
1052 1668 1303 1715 mutationem
1323 1668 1465 1714 attulit,
1486 1675 1530 1705 ut
1550 1680 1621 1706 nos
1637 1668 1721 1719 qui-

243 1724 335 1762 dem
355 1726 403 1764 ab
424 1739 471 1765 ea
491 1726 552 1778 die
573 1740 724 1775 sacrum
746 1728 780 1767 ei
802 1728 932 1779 [Paci]
954 1728 1139 1767 faciamus
1159 1730 1381 1780 quotannis,
1404 1737 1588 1781 tanquam
1608 1729 1717 1767 nulla

241 1787 357 1827 suerit
386 1801 496 1839 aeque
527 1790 610 1827 urbi
637 1790 757 1836 unus,
791 1790 1174 1829 Lacedaemoniorum
1200 1804 1291 1830 vero
1319 1799 1410 1843 post
1433 1791 1528 1830 illud
1559 1800 1714 1842 tempus

243 1848 323 1888 sive
345 1850 482 1889 classis
497 1851 685 1903 navigans
707 1852 806 1891 intra
820 1851 990 1891 Maleam
1010 1853 1088 1891 sive
1101 1854 1290 1891 terrestris
1312 1853 1502 1892 exercitus
1524 1853 1713 1892 Isthmum

241 1912 565 1964 praetergrediens
596 1926 620 1952 a
649 1913 800 1952 nemine
830 1921 1064 1965 conspectus
1095 1915 1156 1962 sit,
1187 1915 1294 1966 quod
1318 1915 1372 1953 eis
1398 1915 1522 1953 fuisse
1552 1928 1712 1954 causam

241 1973 367 2014 cladis
387 1975 437 2014 ad
457 1976 626 2021 Leuctra
647 1976 734 2028 jure
754 1975 838 2027 quis
867 1976 1149 2027 deprehendat.
1207 1977 1283 2015 His
1309 1977 1446 2029 gestis,
1468 1977 1715 2028 expeditione

240 2043 425 2087 suscepta
438 2045 573 2076 contra
593 2038 769 2084 Samum,
783 2051 898 2087 quam
920 2037 1090 2079 Pericles
1105 2038 1181 2085 ille,
1196 2039 1261 2089 qui
1277 2039 1482 2076 maximam
1496 2038 1714 2090 prudentiae

230 2095 471 2151 justitiaeque
491 2107 529 2137 et
554 2099 756 2138 modestiae
781 2099 938 2148 laudem
959 2106 1020 2138 est
1045 2107 1262 2146 assecutus,
1285 2100 1462 2139 ducentis
1489 2101 1653 2143 navibus
1674 2107 1713 2139 et

238 2158 344 2205 mille
372 2160 527 2200 talentis
555 2168 866 2213 oppugnaverat,
895 2161 997 2200 hanc
1017 2162 1259 2207 Timotheus,
1287 2176 1374 2201 cum
1396 2163 1489 2201 nihil
1511 2163 1669 2200 omnino
1689 2175 1713 2202 a

239 2222 349 2266 vobis
364 2224 580 2275 accepisset
595 2238 719 2276 neque
740 2238 762 2263 a
776 2225 889 2264 sociis
905 2225 1139 2276 collegisset,
1158 2232 1246 2276 post
1260 2225 1387 2263 decim
1407 2226 1594 2264 mensium
1608 2225 1717 2272 obsi-p

240 2283 394 2333 dionem
408 2285 445 2334 in
459 2292 692 2337 potestatem
707 2300 817 2331 suam
829 2287 980 2338 redegit
992 2293 1080 2326 octo
1098 2288 1268 2326 millibus
1280 2287 1534 2339 peltastarum
1548 2288 1711 2328 triremi-

238 2346 392 2397 busque
407 2347 577 2399 triginta,
592 2348 732 2399 quibus
749 2354 786 2386 et
802 2348 1040 2399 stipendium
1060 2362 1108 2387 ex
1123 2348 1275 2388 hostico
1296 2349 1421 2393 solvit.
1464 2349 1554 2394 Jam
1576 2349 1608 2388 si
1624 2350 1710 2400 quis

240 2408 339 2456 alius
366 2410 473 2460 paria
493 2423 613 2462 opera
638 2410 776 2449 fecisse
804 2410 969 2457 videtur,
998 2411 1120 2455 fateor
1140 2424 1201 2457 me
1221 2411 1373 2462 nugari,
1393 2410 1499 2462 quod
1525 2411 1712 2463 singulari

241 2469 355 2508 modo
369 2483 456 2518 eum
471 2471 629 2510 laudare
646 2484 760 2510 coner
775 2471 840 2522 qui
860 2471 957 2509 nihil
971 2473 1219 2523 praestantius
1233 2471 1382 2512 caeteris
1402 2472 1548 2512 fecerit.
1606 2473 1710 2511 Hinc

239 2531 356 2582 igitur
371 2532 560 2584 navigans
579 2533 738 2572 Sestum
757 2539 796 2571 et
816 2533 1032 2580 Crithotem
1052 2535 1178 2585 cepit;
1208 2547 1406 2585 quumque
1425 2533 1507 2572 aliis
1528 2534 1710 2584 tempori-

238 2594 311 2632 bus
345 2595 528 2645 neglecta
556 2595 694 2634 fuisset
725 2594 1008 2641 Chersonesus,
1033 2608 1102 2634 vos
1132 2596 1165 2634 ei
1192 2604 1236 2634 ut
1265 2602 1431 2633 mentem
1462 2595 1711 2635 adverteretis

238 2654 403 2706 impulit.
460 2657 641 2708 Denique
659 2657 888 2702 Potidaeain,
909 2657 949 2694 in
971 2670 1088 2709 quam
1108 2658 1198 2696 urbs
1219 2664 1353 2696 nostra
1371 2657 1657 2708 quadringenta
1671 2665 1711 2697 et

236 2717 296 2764 bis
316 2717 421 2756 mille
440 2719 589 2758 talenta
609 2726 724 2758 antea
748 2725 1053 2770 consumpserat,
1072 2719 1330 2771 cepit-opibus
1350 2732 1446 2771 quas
1466 2719 1546 2771 ipse
1566 2733 1709 2772 suppe-

236 2778 374 2827 ditavit
401 2786 440 2818 et
460 2781 613 2820 tributis
641 2794 662 2819 e
681 2781 844 2820 Thracia
864 2781 1066 2820 collectis:
1096 2788 1179 2819 tum
1199 2780 1400 2819 universos
1428 2780 1707 2829 Chalcidenses

236 2839 458 2890 debellavit.
517 2843 633 2887 Quod
654 2843 687 2882 si
707 2849 862 2894 oportet
877 2855 957 2881 non
977 2842 1204 2894 singillatim
1225 2842 1294 2880 sed
1316 2842 1548 2894 compendio
1567 2843 1708 2890 dicere,

237 2908 404 2953 quatuor
419 2916 537 2956 supra
553 2904 691 2956 viginti
709 2904 860 2953 urbium
881 2917 948 2949 vos
970 2904 1147 2947 dominos
1161 2904 1267 2951 fecit,
1293 2904 1504 2944 minoribus
1523 2905 1706 2956 expensis
