1870 3277
261 167 335 206 268
848 163 1131 202 {SOCRATIS

260 270 346 308 dem
369 270 422 307 sic
443 269 601 308 affectus
621 270 688 315 fui,
709 276 751 307 ut
770 281 903 307 omnes
922 268 1032 306 amici
1053 269 1116 318 qui
1142 266 1394 313 accedebant,
1412 281 1451 306 se
1471 270 1591 307 vereri
1611 269 1713 308 dice-

260 340 344 370 rent
371 344 418 369 ne
450 344 523 382 ego
557 344 634 369 una
660 344 746 369 cum
780 330 844 368 illo
872 331 1046 382 perirem,
1079 329 1247 379 mihique
1278 329 1483 367 suaderent
1513 337 1554 367 ut
1586 344 1710 368 essem

261 393 431 431 cautior:
463 393 603 431 multos
621 394 720 431 enim
741 393 807 442 qui
826 392 862 429 in
885 405 930 429 eo
946 392 1063 429 morbi
1082 403 1220 440 genere
1237 390 1318 427 aliis
1335 391 1594 436 inservissent,
1608 393 1711 443 ipsos

262 468 340 493 una
353 455 523 506 periisse.
582 455 730 498 Quibus
745 466 817 504 ego
831 453 880 491 ad
897 453 1000 490 hunc
1016 452 1170 490 modum
1190 452 1382 502 respondi,
1395 466 1453 490 me
1473 453 1585 503 longe
1603 453 1716 490 malle

261 518 376 556 emori
396 530 511 568 quam
531 516 769 554 committere
789 522 830 552 ut
850 514 913 552 ille
934 515 1105 552 ministro
1120 527 1254 552 carens
1269 521 1356 551 ante
1372 514 1470 552 diem
1492 522 1713 552 moreretur.

319 580 379 616 15.
411 578 508 621 Qua>
527 590 646 627 quum
667 590 740 627 ego
760 583 799 614 et
824 576 980 614 fecerim
1000 582 1038 612 et
1056 587 1260 626 perpessus
1283 575 1367 620 sim,
1388 576 1460 612 ista
1487 574 1576 612 mihi
1598 575 1715 612 audet

259 639 365 678 litem
398 640 549 684 inferre,
584 652 670 689 quae
703 639 740 675 in
770 645 848 675 tam
882 637 1062 675 diuturno
1094 638 1226 674 morbo
1256 650 1450 688 nunquam
1481 650 1566 674 eum
1598 637 1714 675 visere

260 701 422 751 dignata
458 708 531 746 est,
561 713 678 751 quum
705 699 860 750 quidem
900 698 1071 750 quotidie
1103 699 1253 736 audiret
1283 712 1360 750 quo
1394 699 1508 737 modo
1546 712 1634 736 cum
1669 711 1715 736 eo

262 769 454 813 ageretur,
474 770 512 800 et
532 762 603 799 iter
627 769 705 799 tam
727 761 950 813 expeditum
972 760 1143 798 baberet.
1202 761 1311 798 Itane
1337 774 1441 798 nunc
1467 760 1618 798 demum
1640 761 1716 798 fra-

261 830 412 861 ternum
435 837 526 875 erga
545 836 633 861 eum
660 823 828 861 animum
850 822 1007 860 induere
1036 828 1074 860 et
1096 821 1282 859 blandum
1303 822 1397 859 illud
1426 822 1549 859 fratris
1577 835 1713 859 nomen

260 897 445 935 usurpare
473 883 692 922 conantur?
728 884 838 933 quasi
866 896 954 921 vero
986 896 1077 929 non,
1108 891 1252 933 quanto
1277 883 1497 921 familiarius
1524 890 1713 921 mortuum

262 947 369 984 illum
393 946 670 997 compellarint,
691 952 799 983 tanto
825 948 944 993 major
970 945 1089 995 ipsius
1110 952 1293 995 appareat
1311 945 1570 982 inhumanitas
1598 952 1714 995 atque

260 1007 468 1059 impietas?
515 1007 613 1051 Quae
639 1020 758 1057 quum
778 1006 937 1051 videret,
964 1019 1051 1044 cum
1075 1007 1156 1057 jam
1183 1014 1305 1045 morte
1324 1007 1502 1052 cadebat,
1526 1015 1712 1057 quantum

260 1075 479 1106 nostrorum
498 1068 638 1106 civium
658 1068 838 1105 Troezene
858 1074 952 1114 erat,
972 1081 1037 1106 eos
1055 1068 1233 1118 AEginam
1254 1069 1425 1117 trajicere
1445 1074 1483 1106 et
1496 1069 1613 1106 funus
1633 1068 1715 1119 ejus

260 1143 332 1167 sua
360 1130 565 1182 praesentia
585 1142 734 1174 ornare,
754 1143 801 1167 ne
820 1129 894 1166 hoc
913 1129 1065 1180 quidem
1086 1136 1255 1181 tempore
1276 1130 1445 1174 advenit,
1470 1130 1536 1168 sed
1558 1130 1610 1167 ita
1628 1143 1716 1167 cru·

259 1190 354 1229 delis
383 1199 499 1243 atque
519 1192 696 1230 immanis
727 1191 800 1229 fuit
819 1198 862 1229 ut
884 1191 1000 1242 justis
1025 1191 1178 1242 quidem
1202 1192 1463 1243 persolvendis
1494 1205 1569 1230 non
1600 1193 1715 1230 inter-

260 1261 379 1301 esset,
394 1255 444 1293 de
464 1255 602 1293 relictis
623 1262 751 1293 autem
770 1254 898 1301 bonis,
912 1260 1118 1305 antequam
1132 1254 1264 1293 decem
1279 1255 1359 1293 dies
1375 1255 1559 1303 exissent,
1576 1254 1716 1293 adven-

260 1317 349 1354 tarit
380 1325 526 1355 motura
554 1318 868 1362 controversiam,
901 1316 1012 1368 quasi
1044 1324 1211 1367 cognata
1239 1317 1412 1367 pecuniae
1442 1330 1518 1354 non
1553 1316 1715 1354 hominis

259 1377 408 1416 fuisset.
465 1379 564 1421 Quae
585 1379 615 1416 si
633 1378 815 1416 fatebitur
831 1378 902 1416 sibi
921 1391 1007 1416 cum
1024 1391 1070 1416 eo
1085 1378 1210 1416 tantas
1226 1377 1440 1416 inimicitias
1455 1379 1714 1416 intercessisse

259 1447 303 1477 ut
324 1440 413 1491 jure
433 1441 508 1478 ista
535 1440 682 1486 fecerit,
708 1453 783 1478 non
805 1440 905 1478 male
933 1440 1002 1478 sibi
1027 1440 1314 1492 Thrasyloelius
1334 1441 1542 1485 consuluit,
1573 1441 1603 1478 si
1623 1453 1713 1478 suas

259 1498 351 1551 opes
381 1501 512 1540 amicis
537 1502 666 1553 potius
693 1515 807 1552 quam
840 1501 902 1540 isti
932 1502 1152 1553 relinquere
1181 1501 1326 1539 voluit:
1369 1502 1440 1547 sin,
1473 1515 1590 1552 quum
1623 1501 1713 1538 nihil

258 1563 407 1601 dissidii
443 1564 540 1602 inter
574 1564 680 1615 ipsos
713 1570 831 1613 esset,
861 1576 947 1601 eum
981 1570 1060 1601 tam
1092 1563 1348 1601 inhumaniter
1375 1563 1559 1614 neglexit,
1594 1563 1714 1602 multo

259 1625 373 1663 fuerit
391 1627 540 1677 aequius
570 1639 654 1664 eam
675 1627 755 1664 suis
781 1626 892 1663 bonis
913 1625 1051 1677 privari
1079 1638 1196 1676 quam
1226 1625 1324 1662 illius
1345 1625 1606 1663 haereditatem
1629 1638 1712 1663 cer-

256 1700 359 1724 nere.
418 1688 598 1738 Cogitate
612 1688 739 1738 igitur,
753 1694 940 1738 quantum
957 1687 995 1724 in
1010 1687 1084 1724 ista
1097 1686 1181 1733 fuit,
1198 1700 1323 1737 neque
1338 1687 1375 1724 in
1394 1688 1525 1724 morbo
1538 1693 1713 1725 curatum

257 1762 344 1786 esse
364 1762 488 1800 neque
507 1756 596 1800 post
615 1750 760 1787 obitum
774 1749 883 1800 justa
901 1749 934 1787 ei
954 1748 1153 1800 persoluta
1171 1761 1268 1793 esse,
1290 1762 1378 1799 quae
1395 1756 1553 1799 utraque
1573 1749 1624 1786 illi
1639 1762 1713 1799 ego

256 1811 429 1860 praestiti.
488 1812 659 1860 AEquum
686 1817 814 1847 autem
835 1817 893 1846 est
917 1823 986 1846 vos
1014 1809 1228 1846 secundum
1249 1822 1313 1846 eos
1338 1810 1527 1860 judicare,
1549 1824 1625 1848 non
1647 1812 1711 1862 qui

256 1884 298 1909 se
325 1885 464 1922 genere
492 1871 684 1922 proximos
716 1883 800 1907 esse
830 1870 979 1914 dicunt,
1001 1869 1126 1921 reipsa
1157 1871 1331 1909 inimicos
1359 1873 1615 1922 praebuerunt,
1643 1874 1710 1912 sed

253 1935 468 1972 secundum
494 1947 563 1972 eos
582 1933 724 1985 potius,
750 1932 814 1983 qui
832 1945 950 1983 quum
976 1945 1116 1969 nomen
1142 1933 1384 1983 cognationis
1405 1947 1482 1972 non
1509 1934 1709 1980 haberent,

254 1997 396 2047 majore
411 1996 486 2034 fide
506 1996 544 2033 in
564 1995 844 2034 calamitatibus
863 1994 1118 2032 inservierunt
1131 1994 1246 2045 quam
1267 1996 1454 2046 sanguine
1470 1996 1678 2048 conjuncti.

316 2058 375 2094 16.
406 2059 464 2096 Ac
485 2064 761 2095 testamentum
781 2055 856 2094 hoe
886 2069 909 2094 a
937 2055 1205 2107 Thrasylocho
1237 2070 1320 2095 esse
1349 2058 1520 2095 relictum
1547 2072 1623 2096 non
1645 2073 1710 2097 ne-

258 2126 364 2169 gant,
387 2119 457 2156 sed
477 2120 572 2156 bene
604 2126 643 2157 et
668 2126 774 2157 recte
805 2117 950 2156 factum
984 2130 1068 2155 esse
1101 2128 1257 2169 negant.
1314 2120 1432 2170 Atqui
1462 2121 1540 2158 fieri
1570 2128 1709 2172 potest,

258 2180 466 2230 AEginetae,
478 2187 520 2217 ut
531 2180 735 2230 quisquam
749 2179 826 2217 suis
842 2180 956 2217 rebus
973 2179 1108 2218 melius
1124 2181 1326 2218 consulat?
1346 2195 1461 2232 quum
1475 2190 1513 2219 et
1527 2183 1709 2221 familiam

256 2257 364 2281 suam
386 2243 635 2286 conservarit,
648 2249 687 2280 et
705 2241 838 2280 amicis
859 2242 1019 2292 gratiam
1039 2243 1224 2288 retulerit,
1240 2250 1277 2281 et
1296 2244 1404 2281 matri
1418 2243 1614 2295 sororique
1627 2259 1718 2283 suae-

257 2318 335 2343 non
355 2316 463 2341 suam
484 2316 561 2341 rem
586 2303 808 2341 familiarem
829 2303 1018 2341 duntaxat
1039 2304 1106 2342 sed
1123 2304 1237 2342 etiam
1255 2317 1377 2342 meam
1392 2306 1603 2352 tradiderit,
1618 2320 1711 2358 qua-

256 2379 340 2404 rum
361 2365 519 2403 alteram
534 2377 696 2402 uxorem
716 2363 806 2401 milii
827 2364 947 2409 dedit,
965 2364 1072 2403 alteri
1088 2378 1147 2403 me
1168 2366 1387 2417 adoptavit?
1442 2367 1601 2406 Rectius
1617 2382 1709 2420 ergo

255 2428 323 2466 ille
340 2427 508 2473 fecisset,
526 2427 556 2464 si
575 2439 700 2477 neque
717 2426 830 2464 'matri
854 2433 1067 2464 curatorem
1099 2428 1363 2467 constituisset
1392 2443 1464 2467 nec
1490 2430 1606 2467 ullam
1636 2431 1708 2468 mei

256 2489 491 2527 mentionem
510 2487 677 2534 fecisset,
689 2496 726 2526 et
744 2500 911 2526 sororem
929 2501 1038 2526 suam
1059 2490 1222 2528 fortunae
1235 2491 1499 2538 commisisset,
1514 2499 1552 2530 et
1568 2505 1706 2530 nomen

258 2551 489 2602 gentilitium
506 2550 702 2600 exstingui
721 2549 937 2601 pateretur?

316 2614 377 2650 17.
406 2613 458 2649 At
476 2611 650 2650 fortassis
677 2611 861 2662 indignus
887 2612 942 2650 fui
971 2625 1044 2663 ego
1071 2613 1135 2664 qui
1168 2614 1205 2651 in
1238 2605 1494 2666 Thrasylochi
1524 2616 1706 2657 familiam

257 2675 459 2713 transirem
480 2680 520 2712 et
540 2686 705 2711 sororem
727 2674 810 2725 ejus
827 2674 1019 2712 haberem.
1061 2675 1267 2714 Enimvero
1286 2677 1431 2727 Siphnii
1444 2691 1578 2716 omnes
1593 2686 1710 2719 testa-

256 2737 400 2773 buntur
420 2736 582 2786 majores
602 2748 708 2773 meos
729 2742 768 2773 et
796 2748 936 2787 genere
964 2743 1002 2774 et
1033 2737 1169 2787 opibus
1201 2745 1239 2775 et
1267 2739 1493 2778 auctoritate
1519 2741 1708 2793 princi-pes

259 2795 344 2834 esse
364 2795 541 2834 civitatis.
599 2796 676 2840 Qui
695 2796 796 2835 enim
817 2798 879 2835 vel
906 2798 1107 2849 ampliores
1135 2800 1382 2850 magistratus
1410 2811 1626 2852 gesserunt,
1647 2806 1707 2843 vel

258 2854 540 2910 plus‘pecuniae
560 2860 868 2907 contribuerunt,
880 2860 939 2899 vel
961 2861 1210 2900 aedilitatibus
1223 2863 1455 2903 luculentius
1469 2866 1590 2905 functi
1603 2875 1706 2914 sunt,

257 2921 320 2959 vel
340 2920 644 2972 magnificentius
665 2922 812 2974 reliqua
838 2936 998 2962 munera
1018 2924 1217 2963 obierunt?
1245 2939 1265 2964 e
1297 2939 1372 2976 qua
1405 2928 1537 2979 Siphni
1564 2926 1705 2967 familia
