1870 3277
288 149 365 184 222
876 149 1155 187 lSOCRATIS

283 256 411 287 autem
433 251 589 301 exsequi
610 263 696 301 quae
717 252 765 289 ab
789 251 915 289 anima
934 251 1090 289 decreta
1115 258 1217 289 sunt.
1275 252 1373 295 Quae
1393 265 1509 303 quum
1533 254 1587 291 ita
1608 265 1648 290 se
1668 252 1735 290 ha-

283 311 414 355 beant,
438 311 610 351 videntes
627 312 780 362 quidam
800 312 864 362 qui
885 312 1005 350 multo
1024 319 1112 350 ante
1138 325 1209 350 nos
1231 314 1472 358 exstiterunt,
1494 316 1542 353 ad
1572 321 1733 353 caeteras

278 372 433 422 quidem
458 386 516 411 res
547 381 645 412 artes
667 386 752 412 esse
779 373 904 423 plures
927 374 1147 420 adornatas,
1167 374 1215 412 ad
1246 387 1384 425 corpus
1406 388 1492 412 vero
1512 383 1550 413 et
1567 377 1732 414 animam

280 433 369 471 nihil
392 434 611 485 hujusmodi
642 435 916 485 excogitatum,
943 436 1183 474 invenientes
1209 436 1384 487 duplices
1404 436 1641 487 disciplinas,
1667 450 1731 475 eas

280 495 389 533 nobis
420 496 679 546 reliquerunt:
711 497 759 534 ad
791 509 951 547 corpora
981 498 1136 547 quidem
1167 498 1473 548 paedotribicam‚
1503 499 1611 549 cujus
1643 512 1730 549 pars

217 600 219 603 ¹
277 557 454 607 quaedam
477 565 535 595 est
563 558 826 609 gymnastica3
859 558 906 596 ad
938 560 1081 598 animas
1109 567 1236 598 autem
1267 559 1563 611 philosophiam,
1587 559 1634 597 de
1655 573 1731 610 qua

278 631 351 669 ego
371 620 486 657 verba
516 620 687 658 facturus
718 633 814 665 sum,
836 634 923 670 quae
952 620 1162 672 disciplinae
1187 630 1278 660 sunt
1305 622 1374 659 sibi
1394 622 1553 659 invicem
1573 634 1730 672 respon-

278 680 413 718 dentes
435 688 473 718 et
492 694 679 718 connexae
700 689 738 719 ct
765 682 1063 730 consentientes,
1085 691 1124 721 et
1144 684 1282 735 quibus
1314 683 1521 721 earundem
1551 682 1730 721 doctores

280 748 359 778 tum
381 742 526 781 animas
554 744 823 794 prudentiores
850 750 929 782 tum
956 757 1116 796 corpora
1145 746 1295 784 utiliora
1325 745 1511 788 reddunt;
1542 758 1666 795 neque
1692 745 1730 782 hi

275 803 386 841 valde
405 817 427 841 a
447 817 487 842 se
507 812 640 843 mutuo
669 805 927 843 institutiones
956 806 1181 853 dissociant,
1207 807 1273 845 sed
1301 806 1478 844 affinibus
1507 813 1666 844 utuntur
1691 813 1731 844 et

273 864 456 903 doctrinis
476 873 516 904 et
534 868 723 905 exercitiis
737 876 776 907 et
796 868 945 906 caeteris
961 869 1254 907 eruditionibus.
1286 870 1363 908 Ubi
1383 869 1483 907 enim
1501 876 1730 921 receperunt

273 926 500 978 discipulos,
532 930 755 980 paedotribae
778 931 930 980 quidem
964 931 1162 970 schemata
1190 946 1277 983 quae
1305 941 1395 970 sunt
1426 933 1646 983 excogitata
1676 933 1727 971 ad

273 988 490 1038 palaestram
514 991 688 1028 alumnos
709 991 864 1037 docent,
884 992 1102 1044 philosophi
1123 1001 1250 1031 autem
1272 994 1416 1031 formas
1441 994 1580 1043 quibus
1602 1007 1726 1032 sermo

273 1050 390 1088 utitur
409 1051 645 1089 discentibus
674 1053 846 1091 tradunt.
904 1053 978 1091 Ubi
998 1067 1086 1093 vero
1106 1055 1241 1092 horum
1263 1056 1565 1092 rudimentorum
1586 1056 1727 1106 peritos

271 1110 466 1150 effecerint
494 1120 752 1164 accurateque
772 1115 811 1152 in
831 1115 889 1153 his
914 1116 1123 1162 formarint,
1143 1117 1279 1155 iterum
1304 1125 1485 1155 exercent
1509 1130 1590 1163 eos,
1610 1125 1727 1168 atque

270 1175 320 1213 ad
339 1176 534 1227 agendum
556 1177 830 1223 assuefaciunt,
851 1185 889 1215 et
912 1186 1144 1217 connectere
1170 1179 1268 1217 inter
1285 1192 1325 1216 se
1345 1178 1499 1229 singula
1518 1192 1606 1229 quae
1626 1179 1725 1216 didi·

271 1239 392 1277 cerint
418 1247 577 1290 cogunt,
609 1247 649 1278 ut
675 1240 759 1279 haec
784 1242 928 1280 firmius
955 1243 1146 1281 retineant
1177 1250 1216 1281 et
1247 1243 1403 1294 propius
1428 1243 1478 1281 ad
1511 1251 1727 1295 opportune

268 1301 463 1352 agendum
485 1302 683 1340 sententiis
704 1303 905 1342 accedant.
964 1305 1064 1342 Nam
1085 1305 1139 1342 vis
1157 1311 1369 1355 opportune
1391 1304 1529 1355 agendi
1549 1318 1725 1355 compre-

266 1361 382 1400 hendi
396 1363 556 1401 scientia
571 1377 815 1415 nequaquam
828 1371 974 1416 potest;
1002 1365 1067 1402 illa
1081 1365 1182 1403 enirn
1198 1365 1254 1403 vis
1270 1365 1318 1402 ad
1335 1365 1486 1415 quasvis
1501 1366 1724 1405 occasiones

266 1424 473 1475 praeceptis
493 1432 619 1463 caret:
648 1426 711 1476 qui
726 1433 852 1465 autem
868 1426 1072 1477 plurimum
1085 1428 1122 1464 in
1142 1440 1224 1464 eam
1239 1427 1467 1464 incumbunt
1479 1434 1594 1477 atque
1609 1441 1724 1466 even·

265 1495 327 1526 tus
347 1494 475 1526 mente
496 1489 699 1539 complecti
731 1496 909 1540 possunt,
937 1489 1059 1527 multo
1087 1490 1298 1541 saepissime
1327 1502 1406 1528 rem
1429 1496 1576 1528 tenent.
1634 1490 1722 1529 Hoc

264 1549 379 1600 igitur
407 1550 520 1588 modo
546 1563 714 1601 curaque
748 1551 967 1589 erudientes
998 1559 1161 1602 possunt
1189 1551 1343 1602 quidem
1380 1552 1527 1601 utrique
1551 1551 1723 1602 magistri

266 1624 388 1661 usque
408 1624 453 1649 eo
473 1625 695 1663 promovere
717 1612 941 1664 discipuIOS,
962 1620 1005 1651 ut
1023 1613 1060 1650 hi
1077 1614 1353 1651 incrementum
1370 1612 1554 1650 doetrinae
1568 1614 1724 1664 capiant

267 1672 563 1724 melioribusque
583 1673 755 1724 polleant
782 1674 844 1712 alii
867 1674 1058 1712 mentibus
1079 1675 1141 1713 alii
1162 1674 1410 1726 corporibus;
1442 1675 1564 1712 neutri
1593 1682 1720 1714 tamen

265 1747 347 1772 eam
370 1742 492 1772 artem
519 1735 676 1781 habent,
702 1749 778 1786 qua
798 1736 850 1774 illi
879 1736 1034 1787 quidem
1061 1736 1241 1782 athletas,
1262 1736 1300 1773 hi
1332 1736 1500 1774 rhetores
1526 1736 1718 1787 perfectos

265 1808 361 1846 quos
388 1797 531 1834 vellent
559 1797 740 1841 efficiant,
770 1798 839 1836 sed
873 1798 1038 1849 aliquam
1070 1798 1223 1849 quidem
1257 1797 1462 1836 conferunt
1490 1804 1651 1849 partem,
1682 1806 1721 1837 at

263 1860 468 1898 facultates
492 1860 586 1911 ipsae
603 1861 759 1898 omnino
781 1861 823 1898 iis
843 1861 1076 1912 contingunt
1095 1861 1157 1911 qui
1176 1861 1329 1911 ingenio
1348 1867 1384 1898 et
1404 1859 1602 1911 diligentia
1619 1875 1720 1912 prae-

263 1923 423 1961 cellunt.
482 1926 614 1975 Atque
636 1924 762 1975 imago
782 1924 960 1976 quaedam
982 1924 1231 1975 philosophiae
1250 1923 1334 1960 haec
1354 1923 1473 1960 ferme
1492 1930 1564 1961 est.

316 1986 405 2023 26.³¹5
439 1987 498 2023 14.
530 1985 630 2024 Puto
644 1993 771 2024 autem
787 1999 853 2023 vos
873 1986 994 2037 magis
1015 1986 1140 2024 adhuc
1160 1986 1243 2036 ejus
1259 1986 1333 2023 vim
1350 1985 1584 2035 cognituros,
1606 1985 1637 2023 si
1657 1998 1716 2023 re-

264 2060 441 2085 censeam
462 2047 677 2099 cujusmodi
696 2048 995 2099 pollicitationes
1015 2048 1060 2086 iis
1082 2047 1266 2085 faciamus
1285 2046 1351 2098 qui
1372 2047 1422 2084 ad
1441 2059 1512 2084 nos
1535 2047 1718 2085 accedere

263 2110 410 2148 volunt.
468 2111 643 2148 Dicimus
663 2111 762 2148 enim
784 2117 960 2162 oportere
979 2124 1057 2156 eos,
1080 2110 1145 2160 qui
1163 2110 1198 2147 in
1212 2110 1378 2148 dicendo
1398 2117 1465 2148 aut
1483 2109 1638 2160 agendo
1651 2116 1719 2147 aut

262 2172 396 2222 quavis
416 2171 491 2209 alia
508 2171 712 2222 disciplina
730 2173 845 2210 futuri
866 2180 957 2210 sunt
969 2172 1220 2218 excellentes,
1233 2172 1397 2223 primum
1413 2171 1567 2222 quidem
1583 2171 1632 2209 ad
1646 2171 1718 2210 hoc

261 2232 446 2285 praeclare
468 2246 490 2271 a
508 2241 643 2271 natura
661 2242 904 2285 comparatos
925 2247 1025 2279 esse,
1045 2234 1147 2285 quod
1164 2234 1422 2285 profitendum
1442 2233 1641 2284 elegerint,
1657 2246 1721 2272 se--

261 2294 389 2332 cundo
410 2294 556 2335 institui
576 2300 690 2344 atque
709 2307 756 2333 ea
774 2302 967 2347 praecepta
980 2295 1153 2347 accipere
1173 2309 1259 2346 quae
1280 2295 1328 2333 de
1348 2308 1581 2346 unaquaque
1601 2295 1717 2333 disci-

261 2356 367 2407 plina
378 2363 547 2403 exstant,
566 2356 677 2394 tertio
693 2356 834 2408 peritos
850 2357 930 2394 fieri
949 2365 1061 2408 atque
1081 2358 1117 2395 in
1135 2371 1207 2395 usu
1223 2370 1430 2409 eorumque
1445 2357 1716 2396 exercitatione

261 2420 427 2459 versari:
457 2421 516 2459 his
544 2421 647 2459 enim
676 2420 714 2458 in
746 2420 919 2471 qualibet
950 2427 1029 2459 arte
1059 2421 1251 2472 perfectos
1280 2429 1319 2459 et
1345 2421 1455 2460 valde
1488 2427 1716 2472 praestantes

262 2483 395 2521 creari.
452 2483 513 2520 Ex
543 2482 602 2520 his
634 2482 753 2520 tribus
782 2488 964 2532 utrosque
988 2490 1178 2534 oportere,
1207 2483 1391 2521 docentes
1420 2482 1566 2520 scilicet
1594 2488 1633 2520 et
1656 2482 1714 2519 di-

261 2553 424 2590 scentes,
443 2543 635 2596 propriam
667 2543 880 2595 symbolam
908 2543 1095 2589 conserre,
1124 2544 1194 2582 hos
1214 2545 1367 2595 quidem
1395 2544 1574 2582 idoneum
1603 2544 1713 2595 inge-

260 2605 379 2651 nium,
397 2606 483 2644 illos
505 2619 592 2644 vero
619 2606 695 2644 vim
715 2618 792 2656 qua
810 2605 948 2644 docere
975 2605 1141 2651 valeant,
1172 2619 1413 2644 communem
1436 2617 1523 2642 vero
1543 2605 1714 2655 utrisque

261 2667 570 2706 exercitationem
587 2668 636 2706 ad
653 2667 797 2720 praxim
815 2679 824 2705 :
854 2679 950 2719 opus
965 2673 1025 2705 est
1039 2667 1138 2704 enim
1158 2667 1243 2705 illos
1259 2667 1413 2715 quidem
1429 2666 1601 2704 studiose
1618 2679 1714 2717 prae-

259 2728 385 2780 cipere
406 2729 655 2775 discentibus,
675 2729 746 2767 hos
766 2733 894 2766 autem
914 2727 1069 2766 firmiter
1087 2728 1230 2766 haerere
1250 2728 1460 2779 imperatis.
1518 2727 1612 2765 Haec
1642 2728 1712 2778 igi-

261 2798 322 2827 tur
341 2797 431 2828 sunt
451 2805 537 2842 quae
557 2791 605 2828 de
623 2790 798 2829 omnibus
813 2790 957 2828 artibus
976 2790 1273 2842 pronunciamus
1289 2803 1299 2829 :
1330 2790 1363 2827 si
1376 2789 1460 2840 quis
1474 2795 1599 2827 autem
1612 2802 1711 2840 prae-

260 2852 444 2891 termissis
463 2853 613 2891 caeteris
633 2866 694 2892 me
714 2859 863 2903 rogaret
884 2852 977 2903 quid
1000 2852 1162 2890 maxime
1193 2851 1386 2890 conducat
1406 2851 1583 2890 oratoriae
1603 2851 1711 2889 insti-

260 2913 409 2960 tutioni,
431 2914 701 2966 responderem
731 2921 905 2953 naturam
932 2914 1163 2965 praecipuam
1185 2926 1272 2952 esse
1301 2914 1541 2964 multumque
1569 2920 1709 2951 caetera
