1870 3277
605 201 1105 240 PANATHENAICUS.
1515 200 1584 236 161

118 316 229 355 posse
248 303 422 348 viderint,
442 303 741 355 disputationem
757 303 805 341 de
821 302 1103 353 rebuspubHcis
1125 310 1343 354 arrepturos
1360 309 1399 341 et
1411 300 1589 340 instituta

114 364 263 402 illorum
284 377 371 402 cum
393 366 534 403 nostris
556 366 592 403 in
616 363 906 403 contentionem
927 363 1167 401 adducturos
1197 376 1281 400 esse
1301 376 1398 407 reor,
1420 376 1465 401 ac
1490 370 1597 413 tem-p

115 426 327 477 perantiam
361 427 397 464 in
433 427 563 477 primis
596 433 636 464 et
670 425 928 463 obedientiam
962 438 1049 462 cum
1086 424 1323 475 negligentia
1359 431 1505 469 nostra,
1538 424 1588 462 ob

116 500 259 537 easque
278 501 338 525 res
361 489 540 539 Spartam
559 487 799 524 laudaturos.

168 551 236 587 42.
269 550 384 593 Quod
406 550 437 588 si
456 550 584 587 facere
599 549 850 593 instituerint,
866 547 1017 585 cordati
1037 547 1106 585 viri
1127 560 1193 586 eos
1213 559 1338 597 nugas
1356 559 1468 596 agere
1483 546 1587 596 judi-

114 624 198 650 care
229 611 440 649 debebunt.
500 612 586 661 Ego
607 611 706 648 enim
726 624 804 648 non
832 609 1136 661 disputationem
1156 609 1204 647 de
1225 607 1507 656 rebuspublicis
1529 609 1587 645 in-

116 672 234 719 stitui,
255 672 323 710 sed
355 672 447 709 illud
476 673 638 723 probare
657 671 776 716 volui,
810 679 981 709 nostram
1016 671 1149 708 urbem
1179 670 1227 708 de
1259 669 1416 707 Graecia
1448 668 1585 706 melius

115 746 201 771 esse
221 733 395 771 meritam
422 747 539 784 quam
568 733 899 771 Lacedaemonios.
958 731 1045 775 Quo
1066 745 1115 770 ex
1137 744 1298 769 numero
1320 731 1350 768 si
1379 729 1473 781 quid
1492 742 1587 767 eon-

114 794 299 839 vellerint‚
321 802 387 832 aut
406 795 480 832 alia
499 795 719 832 communia
744 794 848 832 facta
879 793 1109 844 protulerint
1139 793 1279 843 quibus
1300 791 1352 829 illi
1374 805 1444 830 nos
1467 804 1583 841 supe-

116 856 244 901 rarint,
267 857 403 894 merito
431 856 720 893 laudabuntur:
753 855 784 892 si
814 868 904 893 vero
930 867 976 892 ea
1007 855 1134 892 dicere
1155 854 1344 905 coeperint
1370 853 1418 891 de
1446 853 1586 904 quibus

114 931 187 969 ego
220 918 366 956 nullam
401 931 559 969 prorsus
592 918 821 956 mentionem
852 918 938 961 feci,
966 917 1054 968 jure
1087 916 1232 967 stupidi
1267 914 1447 953 omnibus
1479 914 1585 952 vide-

115 981 270 1019 buntur.

167 1045 233 1081 43.
263 1043 536 1082 Verumtamen
566 1055 685 1094 quum
713 1056 779 1082 eos
812 1042 1020 1082 orationem
1041 1042 1089 1081 de
1111 1041 1336 1093 rebuspubl.
1357 1041 1395 1078 in
1416 1040 1586 1079 medium

115 1104 300 1143 allaturos
329 1113 475 1156 putem,
495 1119 571 1143 non
602 1107 792 1156 gravabor
822 1118 868 1143 ea
898 1117 1058 1155 quoque?
1087 1104 1134 1142 de
1162 1117 1202 1141 re
1229 1104 1443 1141 disserere:
1477 1115 1588 1153 spero

115 1167 214 1204 enim
232 1181 291 1205 me
312 1175 571 1213 ostensurum,
592 1167 656 1205 illo
676 1167 758 1219 ipso
776 1174 945 1205 nostram
963 1168 1094 1204 urbem
1118 1165 1242 1216 magis
1263 1164 1451 1203 excellere
1469 1176 1588 1214 quam

115 1228 160 1265 iis
181 1242 268 1279 quae
289 1241 406 1279 supra
426 1229 607 1266 diximus,

169 1291 235 1327 44.
267 1289 404 1339 Neque
426 1303 515 1327 vero
538 1290 742 1340 quisquam
772 1289 950 1340 opinetur
977 1289 1024 1326 de
1044 1289 1119 1326 hac
1139 1287 1339 1338 republica
1364 1300 1425 1324 me
1457 1287 1583 1324 dictu-

116 1363 212 1396 rum,
232 1363 309 1400 qua
330 1364 396 1400 pro
417 1357 545 1388 vetere
576 1351 630 1388 uti
653 1351 780 1388 coacti
808 1363 954 1396 sumus,
977 1350 1043 1388 sed
1061 1350 1107 1387 de
1125 1363 1171 1387 ea
1190 1363 1277 1399 quae
1296 1348 1399 1399 apud
1421 1349 1586 1400 majores

115 1420 266 1449 nostros
282 1411 367 1457 fuit,
388 1425 465 1462 qua
487 1411 604 1449 nostri
624 1418 754 1462 patres
781 1424 856 1449 non
878 1418 1100 1461 contempta
1119 1411 1220 1448 lianc
1241 1409 1494 1460 arripuerunt,
1516 1410 1587 1447 sed

110 1472 148 1509 in
171 1472 254 1509 aliis
276 1473 431 1523 quidem
453 1474 567 1510 rebus
596 1473 699 1510 illam
719 1473 833 1523 longe
853 1473 1149 1523 praeclariorem,
1171 1472 1220 1509 ad
1252 1471 1367 1508 maris
1400 1484 1489 1508 vero
1517 1471 1585 1508 im-

114 1533 261 1584 perium
282 1534 383 1572 hanc
404 1535 593 1572 utiliorem
617 1547 701 1571 esse
717 1534 970 1586 judicarunt:
1001 1547 1077 1583 quo
1103 1540 1286 1582 suscepto
1317 1539 1356 1569 et
1387 1531 1590 1581 diligenter

112 1595 475 1634 administratorum
494 1597 777 1647 Spart-anorum
797 1595 958 1633 insidias
975 1595 1108 1633 ulcisci
1130 1601 1213 1632 tum
1230 1589 1588 1644 Peloponnensium

115 1659 285 1696 omnium
306 1660 432 1704 robur,
450 1671 527 1709 quo
548 1659 638 1695 urbs
665 1665 797 1695 nostra
819 1658 894 1695 illis
918 1658 1158 1708 temporibus
1178 1656 1343 1694 maxime
1366 1655 1589 1705 urgebatur,

114 1722 219 1760 bello
255 1735 437 1773 superare
469 1728 691 1773 potuerunt.
750 1722 882 1763 Quare
916 1734 1030 1758 nemo
1057 1721 1146 1771 jure
1178 1718 1392 1769 culpaverit
1423 1732 1489 1756 eos
1523 1718 1590 1768 qui

116 1784 218 1822 hanc
240 1784 495 1834 delegerunt:
527 1795 652 1833 neque
673 1782 772 1820 enim
794 1795 862 1832 spe
895 1796 966 1819 sua
998 1781 1173 1819 frustrati
1203 1786 1305 1823 sunt,
1327 1793 1400 1817 nec
1433 1779 1589 1830 ignorae

116 1853 207 1882 runt
232 1845 323 1896 quid
357 1845 506 1895 utrique
534 1844 693 1895 imperio
718 1843 779 1881 vel
811 1845 999 1881 bonorum
1024 1843 1085 1880 vel
1110 1842 1299 1880 malorum
1334 1841 1491 1886 inesset,
1519 1840 1589 1879 sed

66 1946 69 1949 ,
118 1907 211 1944 satis
233 1914 376 1944 norant
392 1913 611 1943 terrestrem
631 1904 903 1956 principatum,
934 1904 1024 1941 boni
1058 1903 1217 1948 ordinis,
1249 1902 1464 1945 modestiae,
1495 1902 1588 1940 obe-

115 1968 285 2014 dientiae‚
306 1974 609 2017 caeterarumque
630 1979 753 2003 rerum
783 1966 866 2016 ejus
900 1965 1054 2016 generis
1090 1964 1258 2002 studium
1290 1963 1498 2013 requirere,
1518 1977 1589 2015 po-

116 2030 275 2067 tentiam
297 2042 385 2067 vero
406 2029 590 2066 marinam
613 2041 688 2066 non
704 2027 763 2065 his
784 2029 897 2065 rebus
930 2027 1079 2077 augeri,
1103 2026 1171 2064 sed
1195 2026 1341 2063 artibus
1363 2026 1529 2064 nauticis
1550 2034 1588 2065 et

115 2092 334 2130 hominibus
355 2092 420 2141 qui
442 2104 566 2129 remos·
588 2102 705 2140 agere
725 2097 904 2140 possunt,
924 2090 1067 2140 quique
1100 2101 1171 2126 sua
1199 2087 1452 2138 perdiderunt
1483 2097 1521 2125 et
1540 2101 1588 2126 ex

116 2153 242 2191 alieno
260 2153 404 2191 victum
421 2152 624 2202 quaeritare
644 2157 951 2194 consueverunt;
984 2150 1090 2201 quod
1110 2148 1307 2187 hominum
1327 2161 1447 2198 genus
1468 2162 1588 2199 quum

115 2215 155 2253 in
183 2215 316 2252 urbem
344 2213 613 2258 confluxisset,
635 2213 727 2250 satis
762 2213 975 2263 apparebat
1004 2219 1043 2249 et
1062 2210 1200 2249 veteris
1229 2210 1449 2260 reipublicae
1471 2210 1588 2249 disci-

117 2275 259 2328 plinam
288 2275 521 2313 dissolutum
543 2274 585 2311 iri
608 2281 647 2312 et
673 2273 864 2311 sociorum
887 2273 1196 2312 benevolentiam
1227 2271 1302 2309 cito
1330 2284 1352 2308 a
1381 2271 1494 2309 nobis
1526 2273 1589 2310 ab·

117 2337 363 2376 alienandam
391 2349 494 2382 esse,
516 2335 579 2373 ubi
607 2348 688 2380 eos,
710 2335 849 2385 quibus
878 2335 983 2386 prius
1015 2335 1130 2372 urbes
1163 2343 1203 2371 et
1240 2346 1355 2384 agros
1387 2332 1588 2379 dederant,

115 2398 319 2449 vestigalia
349 2404 387 2435 et
415 2397 560 2435 tr‘rbuta
591 2397 760 2448 pendere
794 2404 991 2447 cogerent,
1015 2396 1064 2434 ad
1087 2395 1313 2434 solvendam
1337 2394 1419 2431 istis
1446 2407 1589 2432 merce-

115 2459 204 2498 dem
236 2472 334 2510 quos
365 2459 481 2509 paulo
510 2464 598 2496 ante
630 2458 720 2495 dixi.
780 2458 858 2495 Sed
887 2466 1030 2502 tamen,
1054 2470 1172 2508 quum
1206 2468 1337 2493 eorum
1366 2468 1454 2505 quae
1482 2455 1586 2505 prius

116 2521 242 2572 posita
261 2527 351 2558 sunt
379 2519 470 2557 nihil
505 2520 741 2570 ignorarent,
770 2520 854 2557 urbi
887 2527 997 2557 tanta
1030 2527 1067 2557 et
1097 2517 1365 2568 magnitudine
1397 2523 1435 2553 et
1465 2517 1588 2567 gloria

117 2582 299 2633 expedire
321 2589 358 2619 et
378 2582 579 2619 convenire
599 2582 754 2632 quasvis
782 2581 1031 2619 difficultates
1051 2579 1178 2631 potius
1200 2592 1314 2628 quam
1339 2577 1586 2618 Lacedaemo-

118 2643 266 2682 niorum
288 2643 484 2694 imperium
507 2643 653 2694 perpeti
674 2643 967 2681 existimabant:
999 2649 1050 2686 et,
1072 2653 1191 2691 quum
1219 2639 1308 2676 duae
1336 2651 1398 2677 res
1421 2652 1585 2690 quarum

117 2713 255 2743 neutra
280 2707 381 2743 bona
411 2712 515 2742 esset
546 2711 870 2755 proponerentur,
899 2704 1095 2754 optionem
1126 2714 1210 2739 eam
1243 2707 1428 2751 praestare
1451 2708 1492 2739 ut
1513 2702 1585 2752 ipsi

119 2767 202 2805 aliis
222 2767 494 2804 malefacerent
517 2780 630 2817 quam
660 2774 701 2804 ut
731 2765 987 2817 grassationes·
1009 2765 1168 2802 aliorum
1191 2763 1412 2809 tolerarent,
1435 2770 1472 2801 et
1493 2777 1587 2802 con-

121 2834 179 2864 tra
203 2827 268 2878 jus
289 2827 370 2865 aliis
392 2829 517 2878 potius
550 2828 781 2879 imperarent
802 2840 917 2877 quam
952 2834 994 2864 ut
1023 2827 1136 2877 liujus
1168 2826 1293 2876 culpae
1328 2825 1421 2875 fuga
1448 2825 1585 2874 injuste

123 2887 425 2926 Lacedaemoniis
466 2889 668 2926 servirent.
727 2890 827 2932 Qua}
864 2887 998 2938 utique
1032 2900 1166 2925 omnes
1201 2887 1267 2924 viri
1303 2887 1514 2936 prudentes
1548 2896 1587 2926 et

120 2955 377 2999 praeoptarent
413 2956 452 2986 et
470 2950 624 2996 vellent,
659 2950 726 2988 sed
760 2949 870 3000 pauci
904 2949 1075 2999 quidam,
1107 2950 1171 2999 qui
1207 2948 1400 3000 sapientes
1435 2948 1585 2987 scilicet.

835 3025 857 3048 Y
