<?xml version="1.0" encoding="UTF-8"?>
<!DOCTYPE html PUBLIC "-//W3C//DTD XHTML 1.0 Transitional//EN"
    "http://www.w3.org/TR/xhtml1/DTD/xhtml1-transitional.dtd">
<html xmlns="http://www.w3.org/1999/xhtml" xml:lang="en" lang="en">
 <head>
  <title>
</title>
<meta http-equiv="Content-Type" content="text/html;charset=utf-8" />
  <meta name='ocr-system' content='tesseract 3.04.00' />
  <meta name='ocr-capabilities' content='ocr_page ocr_carea ocr_par ocr_line ocrx_word'/>
</head>
<body>
  <div class='ocr_page' id='page_1' title='image "./oratoresatticie14dobs_0128.png"; bbox 0 0 1870 3277; ppageno 0'>
   <div class='ocr_carea' id='block_1_1' title="bbox 262 163 1132 204">
    <p class='ocr_par' dir='ltr' id='par_1_1' title="bbox 262 163 1132 204">
     <span class='ocr_line' id='line_1_1' title="bbox 262 163 1132 204; baseline 0.006 -5"><span class='ocrx_word' id='word_1_1' title='bbox 262 163 336 200; x_wconf 86' lang='lat'>116</span> <span class='ocrx_word' id='word_1_2' title='bbox 850 166 1132 204; x_wconf 84' lang='lat' dir='ltr'>ISOCRATIS</span> 
     </span>
    </p>
   </div>
   <div class='ocr_carea' id='block_1_2' title="bbox 229 264 1772 2968">
    <p class='ocr_par' dir='ltr' id='par_1_2' title="bbox 257 264 1724 564">
     <span class='ocr_line' id='line_1_2' title="bbox 261 264 1724 319; baseline 0.003 -18"><span class='ocrx_word' id='word_1_3' title='bbox 261 264 403 314; x_wconf 83' lang='lat' dir='ltr'>quibus</span> <span class='ocrx_word' id='word_1_4' title='bbox 425 264 580 315; x_wconf 84' lang='lat' dir='ltr'>privatis</span> <span class='ocrx_word' id='word_1_5' title='bbox 603 265 642 304; x_wconf 86' lang='lat' dir='ltr'>in</span> <span class='ocrx_word' id='word_1_6' title='bbox 673 267 787 306; x_wconf 89' lang='lat' dir='ltr'>rebus</span> <span class='ocrx_word' id='word_1_7' title='bbox 815 268 941 306; x_wconf 84' lang='lat' dir='ltr'>nullos</span> <span class='ocrx_word' id='word_1_8' title='bbox 968 276 1308 319; x_wconf 70' lang='lat' dir='ltr'>anteponeremuS,</span> <span class='ocrx_word' id='word_1_9' title='bbox 1331 275 1370 307; x_wconf 86' lang='lat' dir='ltr'>et</span> <span class='ocrx_word' id='word_1_10' title='bbox 1404 267 1628 307; x_wconf 81' lang='lat' dir='ltr'>desierimus</span> <span class='ocrx_word' id='word_1_11' title='bbox 1659 280 1724 306; x_wconf 88' lang='lat' dir='ltr'>ca-</span> 
     </span>
     <span class='ocr_line' id='line_1_3' title="bbox 259 326 1723 380; baseline 0.002 -17"><span class='ocrx_word' id='word_1_12' title='bbox 259 326 510 364; x_wconf 86' lang='lat' dir='ltr'>lumniatores</span> <span class='ocrx_word' id='word_1_13' title='bbox 540 327 757 367; x_wconf 85' lang='lat' dir='ltr'>existimare</span> <span class='ocrx_word' id='word_1_14' title='bbox 783 330 1005 380; x_wconf 82' lang='lat' dir='ltr'>populares,</span> <span class='ocrx_word' id='word_1_15' title='bbox 1035 330 1300 380; x_wconf 88' lang='lat' dir='ltr'>honestosque</span> <span class='ocrx_word' id='word_1_16' title='bbox 1322 329 1424 368; x_wconf 87' lang='lat' dir='ltr'>viros</span> <span class='ocrx_word' id='word_1_17' title='bbox 1443 329 1723 380; x_wconf 76' lang='lat' dir='ltr'>oligarcl1icos;</span> 
     </span>
     <span class='ocr_line' id='line_1_4' title="bbox 258 387 1724 442; baseline 0.002 -18"><span class='ocrx_word' id='word_1_18' title='bbox 258 387 355 425; x_wconf 85' lang='lat' dir='ltr'>illud</span> <span class='ocrx_word' id='word_1_19' title='bbox 385 388 487 426; x_wconf 86' lang='lat' dir='ltr'>enim</span> <span class='ocrx_word' id='word_1_20' title='bbox 507 389 718 428; x_wconf 89' lang='lat' dir='ltr'>tenendum</span> <span class='ocrx_word' id='word_1_21' title='bbox 734 398 807 436; x_wconf 85' lang='lat' dir='ltr'>est,</span> <span class='ocrx_word' id='word_1_22' title='bbox 828 398 967 429; x_wconf 87' lang='lat' dir='ltr'>natura</span> <span class='ocrx_word' id='word_1_23' title='bbox 993 391 1185 430; x_wconf 89' lang='lat' dir='ltr'>neminem</span> <span class='ocrx_word' id='word_1_24' title='bbox 1204 390 1262 428; x_wconf 89' lang='lat' dir='ltr'>vel</span> <span class='ocrx_word' id='word_1_25' title='bbox 1295 390 1519 442; x_wconf 83' lang='lat' dir='ltr'>popularem</span> <span class='ocrx_word' id='word_1_26' title='bbox 1539 390 1600 428; x_wconf 90' lang='lat' dir='ltr'>vel</span> <span class='ocrx_word' id='word_1_27' title='bbox 1628 403 1724 441; x_wconf 87' lang='lat' dir='ltr'>pau-</span> 
     </span>
     <span class='ocr_line' id='line_1_5' title="bbox 257 452 1722 503; baseline 0.001 -17"><span class='ocrx_word' id='word_1_28' title='bbox 257 461 392 487; x_wconf 89' lang='lat' dir='ltr'>corum</span> <span class='ocrx_word' id='word_1_29' title='bbox 406 462 493 488; x_wconf 87' lang='lat' dir='ltr'>esse</span> <span class='ocrx_word' id='word_1_30' title='bbox 513 452 698 501; x_wconf 83' lang='lat' dir='ltr'>potentiae</span> <span class='ocrx_word' id='word_1_31' title='bbox 721 452 954 499; x_wconf 86' lang='lat' dir='ltr'>studiosum,</span> <span class='ocrx_word' id='word_1_32' title='bbox 976 453 1043 490; x_wconf 88' lang='lat' dir='ltr'>sed</span> <span class='ocrx_word' id='word_1_33' title='bbox 1065 466 1150 491; x_wconf 88' lang='lat' dir='ltr'>eam</span> <span class='ocrx_word' id='word_1_34' title='bbox 1167 464 1359 503; x_wconf 84' lang='lat' dir='ltr'>quemque</span> <span class='ocrx_word' id='word_1_35' title='bbox 1379 452 1540 503; x_wconf 87' lang='lat' dir='ltr'>reipubl.</span> <span class='ocrx_word' id='word_1_36' title='bbox 1563 452 1722 491; x_wconf 79' lang='lat' dir='ltr'>sormam</span> 
     </span>
     <span class='ocr_line' id='line_1_6' title="bbox 260 512 1215 564; baseline 0.004 -16"><span class='ocrx_word' id='word_1_37' title='bbox 260 517 440 562; x_wconf 87' lang='lat' dir='ltr'>expetere</span> <span class='ocrx_word' id='word_1_38' title='bbox 462 512 641 558; x_wconf 84' lang='lat' dir='ltr'>maxime,</span> <span class='ocrx_word' id='word_1_39' title='bbox 658 513 693 550; x_wconf 87' lang='lat' dir='ltr'>in</span> <span class='ocrx_word' id='word_1_40' title='bbox 715 526 792 564; x_wconf 89' lang='lat' dir='ltr'>qua</span> <span class='ocrx_word' id='word_1_41' title='bbox 813 514 977 552; x_wconf 85' lang='lat' dir='ltr'>maxime</span> <span class='ocrx_word' id='word_1_42' title='bbox 993 513 1215 552; x_wconf 80' lang='lat' dir='ltr'>honoratur.</span> 
     </span>
    </p>

    <p class='ocr_par' dir='ltr' id='par_1_3' title="bbox 251 571 1723 918">
     <span class='ocr_line' id='line_1_7' title="bbox 310 571 1722 626; baseline 0.002 -17"><span class='ocrx_word' id='word_1_43' title='bbox 310 573 379 610; x_wconf 86' lang='grc'>44.</span> <span class='ocrx_word' id='word_1_44' title='bbox 409 571 590 610; x_wconf 91' lang='lat' dir='ltr'>Secundo</span> <span class='ocrx_word' id='word_1_45' title='bbox 611 573 710 619; x_wconf 91' lang='lat' dir='ltr'>loco,</span> <span class='ocrx_word' id='word_1_46' title='bbox 730 574 828 612; x_wconf 88' lang='lat' dir='ltr'>tales</span> <span class='ocrx_word' id='word_1_47' title='bbox 848 575 1035 614; x_wconf 87' lang='lat' dir='ltr'>debemus</span> <span class='ocrx_word' id='word_1_48' title='bbox 1055 588 1147 626; x_wconf 88' lang='lat' dir='ltr'>erga</span> <span class='ocrx_word' id='word_1_49' title='bbox 1163 575 1290 614; x_wconf 89' lang='lat' dir='ltr'>socios</span> <span class='ocrx_word' id='word_1_50' title='bbox 1311 586 1383 612; x_wconf 88' lang='lat' dir='ltr'>nos</span> <span class='ocrx_word' id='word_1_51' title='bbox 1399 574 1572 625; x_wconf 84' lang='lat' dir='ltr'>praebere</span> <span class='ocrx_word' id='word_1_52' title='bbox 1587 574 1722 625; x_wconf 87' lang='lat' dir='ltr'>quales</span> 
     </span>
     <span class='ocr_line' id='line_1_8' title="bbox 257 634 1722 687; baseline 0.001 -17"><span class='ocrx_word' id='word_1_53' title='bbox 257 644 352 682; x_wconf 88' lang='lat' dir='ltr'>erga</span> <span class='ocrx_word' id='word_1_54' title='bbox 370 634 531 680; x_wconf 90' lang='lat' dir='ltr'>amicos,</span> <span class='ocrx_word' id='word_1_55' title='bbox 552 647 629 672; x_wconf 89' lang='lat' dir='ltr'>non</span> <span class='ocrx_word' id='word_1_56' title='bbox 661 642 789 673; x_wconf 88' lang='lat' dir='ltr'>autem</span> <span class='ocrx_word' id='word_1_57' title='bbox 820 637 936 674; x_wconf 90' lang='lat' dir='ltr'>verbo</span> <span class='ocrx_word' id='word_1_58' title='bbox 968 636 1181 674; x_wconf 84' lang='lat' dir='ltr'>libertatem</span> <span class='ocrx_word' id='word_1_59' title='bbox 1203 636 1308 680; x_wconf 84' lang='lat' dir='ltr'>dare,</span> <span class='ocrx_word' id='word_1_60' title='bbox 1340 636 1468 687; x_wconf 85' lang='lat' dir='ltr'>reipsa</span> <span class='ocrx_word' id='word_1_61' title='bbox 1497 648 1586 673; x_wconf 79' lang='lat' dir='ltr'>vero</span> <span class='ocrx_word' id='word_1_62' title='bbox 1612 635 1722 674; x_wconf 91' lang='lat' dir='ltr'>duci—</span> 
     </span>
     <span class='ocr_line' id='line_1_9' title="bbox 255 693 1722 748; baseline 0.003 -17"><span class='ocrx_word' id='word_1_63' title='bbox 255 693 328 732; x_wconf 91' lang='lat' dir='ltr'>bus</span> <span class='ocrx_word' id='word_1_64' title='bbox 357 696 497 733; x_wconf 88' lang='lat' dir='ltr'>nostris</span> <span class='ocrx_word' id='word_1_65' title='bbox 528 708 682 734; x_wconf 90' lang='lat' dir='ltr'>omnem</span> <span class='ocrx_word' id='word_1_66' title='bbox 717 697 755 735; x_wconf 91' lang='lat' dir='ltr'>in</span> <span class='ocrx_word' id='word_1_67' title='bbox 785 709 851 735; x_wconf 92' lang='lat' dir='ltr'>eos</span> <span class='ocrx_word' id='word_1_68' title='bbox 885 698 1093 748; x_wconf 86' lang='lat' dir='ltr'>grassandi</span> <span class='ocrx_word' id='word_1_69' title='bbox 1122 698 1318 736; x_wconf 81' lang='lat' dir='ltr'>licentiam</span> <span class='ocrx_word' id='word_1_70' title='bbox 1348 710 1591 748; x_wconf 83' lang='lat' dir='ltr'>proponere;</span> <span class='ocrx_word' id='word_1_71' title='bbox 1623 710 1722 748; x_wconf 86' lang='lat' dir='ltr'>prae-</span> 
     </span>
     <span class='ocr_line' id='line_1_10' title="bbox 254 755 1722 809; baseline 0.003 -17"><span class='ocrx_word' id='word_1_72' title='bbox 254 755 374 793; x_wconf 86' lang='lat' dir='ltr'>simus</span> <span class='ocrx_word' id='word_1_73' title='bbox 391 757 460 801; x_wconf 89' lang='lat' dir='ltr'>eis,</span> <span class='ocrx_word' id='word_1_74' title='bbox 484 769 561 796; x_wconf 91' lang='lat' dir='ltr'>non</span> <span class='ocrx_word' id='word_1_75' title='bbox 582 765 626 796; x_wconf 90' lang='lat' dir='ltr'>ut</span> <span class='ocrx_word' id='word_1_76' title='bbox 644 758 791 797; x_wconf 88' lang='lat' dir='ltr'>domini</span> <span class='ocrx_word' id='word_1_77' title='bbox 813 759 948 804; x_wconf 91' lang='lat' dir='ltr'>servis,</span> <span class='ocrx_word' id='word_1_78' title='bbox 977 759 1048 798; x_wconf 87' lang='lat' dir='ltr'>sed</span> <span class='ocrx_word' id='word_1_79' title='bbox 1067 759 1120 797; x_wconf 88' lang='lat' dir='ltr'>ita</span> <span class='ocrx_word' id='word_1_80' title='bbox 1141 767 1181 797; x_wconf 88' lang='lat' dir='ltr'>ut</span> <span class='ocrx_word' id='word_1_81' title='bbox 1211 759 1325 798; x_wconf 86' lang='lat' dir='ltr'>sociis</span> <span class='ocrx_word' id='word_1_82' title='bbox 1353 759 1512 809; x_wconf 86' lang='lat' dir='ltr'>dignum</span> <span class='ocrx_word' id='word_1_83' title='bbox 1533 766 1604 805; x_wconf 87' lang='lat' dir='ltr'>est,</span> <span class='ocrx_word' id='word_1_84' title='bbox 1626 758 1722 797; x_wconf 89' lang='lat' dir='ltr'>illud</span> 
     </span>
     <span class='ocr_line' id='line_1_11' title="bbox 253 815 1723 871; baseline 0.001 -16"><span class='ocrx_word' id='word_1_85' title='bbox 253 815 398 865; x_wconf 85' lang='lat' dir='ltr'>edocti,</span> <span class='ocrx_word' id='word_1_86' title='bbox 424 830 495 857; x_wconf 90' lang='lat' dir='ltr'>nos</span> <span class='ocrx_word' id='word_1_87' title='bbox 522 819 684 871; x_wconf 85' lang='lat' dir='ltr'>singulis</span> <span class='ocrx_word' id='word_1_88' title='bbox 707 820 864 860; x_wconf 86' lang='lat' dir='ltr'>urbibus</span> <span class='ocrx_word' id='word_1_89' title='bbox 887 821 1107 871; x_wconf 84' lang='lat' dir='ltr'>superiores</span> <span class='ocrx_word' id='word_1_90' title='bbox 1128 833 1216 860; x_wconf 88' lang='lat' dir='ltr'>esse</span> <span class='ocrx_word' id='word_1_91' title='bbox 1237 820 1395 866; x_wconf 85' lang='lat' dir='ltr'>viribus,</span> <span class='ocrx_word' id='word_1_92' title='bbox 1417 819 1605 859; x_wconf 87' lang='lat' dir='ltr'>universis</span> <span class='ocrx_word' id='word_1_93' title='bbox 1626 819 1723 857; x_wconf 87' lang='lat' dir='ltr'>infe-</span> 
     </span>
     <span class='ocr_line' id='line_1_12' title="bbox 251 891 385 918; baseline 0 -2"><span class='ocrx_word' id='word_1_94' title='bbox 251 891 385 918; x_wconf 81' lang='lat' dir='ltr'>riores.</span> 
     </span>
    </p>

    <p class='ocr_par' dir='ltr' id='par_1_4' title="bbox 251 945 1724 1174">
     <span class='ocr_line' id='line_1_13' title="bbox 306 945 1724 998; baseline 0.002 -17"><span class='ocrx_word' id='word_1_95' title='bbox 306 945 375 982; x_wconf 83' lang='lat'>45.</span> <span class='ocrx_word' id='word_1_96' title='bbox 405 945 576 984; x_wconf 86' lang='lat' dir='ltr'>Tertium</span> <span class='ocrx_word' id='word_1_97' title='bbox 600 954 673 993; x_wconf 86' lang='lat' dir='ltr'>est,</span> <span class='ocrx_word' id='word_1_98' title='bbox 693 953 737 984; x_wconf 90' lang='lat' dir='ltr'>ut</span> <span class='ocrx_word' id='word_1_99' title='bbox 763 946 976 984; x_wconf 88' lang='lat' dir='ltr'>secundum</span> <span class='ocrx_word' id='word_1_100' title='bbox 1007 947 1190 998; x_wconf 89' lang='lat' dir='ltr'>pietatem</span> <span class='ocrx_word' id='word_1_101' title='bbox 1221 947 1259 984; x_wconf 89' lang='lat' dir='ltr'>in</span> <span class='ocrx_word' id='word_1_102' title='bbox 1289 946 1387 984; x_wconf 87' lang='lat' dir='ltr'>deos</span> <span class='ocrx_word' id='word_1_103' title='bbox 1408 945 1501 984; x_wconf 87' lang='lat' dir='ltr'>nihil</span> <span class='ocrx_word' id='word_1_104' title='bbox 1530 945 1650 996; x_wconf 88' lang='lat' dir='ltr'>pluris</span> <span class='ocrx_word' id='word_1_105' title='bbox 1672 945 1724 984; x_wconf 87' lang='lat' dir='ltr'>fa-</span> 
     </span>
     <span class='ocr_line' id='line_1_14' title="bbox 251 1004 1722 1057; baseline 0 -14"><span class='ocrx_word' id='word_1_106' title='bbox 251 1004 364 1044; x_wconf 86' lang='lat' dir='ltr'>ciatis</span> <span class='ocrx_word' id='word_1_107' title='bbox 385 1019 501 1057; x_wconf 89' lang='lat' dir='ltr'>quam</span> <span class='ocrx_word' id='word_1_108' title='bbox 523 1014 566 1045; x_wconf 90' lang='lat' dir='ltr'>ut</span> <span class='ocrx_word' id='word_1_109' title='bbox 587 1007 717 1046; x_wconf 85' lang='lat' dir='ltr'>Graeci</span> <span class='ocrx_word' id='word_1_110' title='bbox 738 1008 1009 1046; x_wconf 86' lang='lat' dir='ltr'>honestissime</span> <span class='ocrx_word' id='word_1_111' title='bbox 1037 1007 1086 1046; x_wconf 88' lang='lat' dir='ltr'>de</span> <span class='ocrx_word' id='word_1_112' title='bbox 1112 1008 1222 1045; x_wconf 89' lang='lat' dir='ltr'>vobis</span> <span class='ocrx_word' id='word_1_113' title='bbox 1243 1014 1281 1045; x_wconf 90' lang='lat' dir='ltr'>et</span> <span class='ocrx_word' id='word_1_114' title='bbox 1308 1007 1477 1045; x_wconf 82' lang='lat' dir='ltr'>sentiant</span> <span class='ocrx_word' id='word_1_115' title='bbox 1497 1014 1538 1044; x_wconf 86' lang='lat' dir='ltr'>et</span> <span class='ocrx_word' id='word_1_116' title='bbox 1555 1005 1722 1056; x_wconf 86' lang='lat' dir='ltr'>loquan-</span> 
     </span>
     <span class='ocr_line' id='line_1_15' title="bbox 251 1067 1720 1118; baseline 0.001 -15"><span class='ocrx_word' id='word_1_117' title='bbox 251 1072 336 1104; x_wconf 84' lang='lat' dir='ltr'>tur:</span> <span class='ocrx_word' id='word_1_118' title='bbox 366 1080 469 1113; x_wconf 86' lang='lat' dir='ltr'>nam,</span> <span class='ocrx_word' id='word_1_119' title='bbox 489 1080 587 1118; x_wconf 90' lang='lat' dir='ltr'>quos</span> <span class='ocrx_word' id='word_1_120' title='bbox 619 1069 673 1106; x_wconf 94' lang='lat' dir='ltr'>illi</span> <span class='ocrx_word' id='word_1_121' title='bbox 703 1068 759 1106; x_wconf 92' lang='lat' dir='ltr'>sic</span> <span class='ocrx_word' id='word_1_122' title='bbox 787 1069 976 1106; x_wconf 90' lang='lat' dir='ltr'>animatos</span> <span class='ocrx_word' id='word_1_123' title='bbox 1002 1068 1182 1113; x_wconf 89' lang='lat' dir='ltr'>viderint,</span> <span class='ocrx_word' id='word_1_124' title='bbox 1202 1068 1261 1106; x_wconf 90' lang='lat' dir='ltr'>his</span> <span class='ocrx_word' id='word_1_125' title='bbox 1283 1068 1384 1106; x_wconf 91' lang='lat' dir='ltr'>ultro</span> <span class='ocrx_word' id='word_1_126' title='bbox 1405 1075 1445 1105; x_wconf 92' lang='lat' dir='ltr'>et</span> <span class='ocrx_word' id='word_1_127' title='bbox 1463 1067 1720 1118; x_wconf 81' lang='lat' dir='ltr'>principatum</span> 
     </span>
     <span class='ocr_line' id='line_1_16' title="bbox 252 1127 1112 1174; baseline 0.001 -9"><span class='ocrx_word' id='word_1_128' title='bbox 252 1127 446 1174; x_wconf 89' lang='lat' dir='ltr'>deferunt,</span> <span class='ocrx_word' id='word_1_129' title='bbox 467 1138 509 1167; x_wconf 87' lang='lat' dir='ltr'>et</span> <span class='ocrx_word' id='word_1_130' title='bbox 529 1141 662 1167; x_wconf 90' lang='lat' dir='ltr'>eorum</span> <span class='ocrx_word' id='word_1_131' title='bbox 683 1129 771 1167; x_wconf 88' lang='lat' dir='ltr'>fidei</span> <span class='ocrx_word' id='word_1_132' title='bbox 794 1143 834 1168; x_wconf 91' lang='lat' dir='ltr'>se</span> <span class='ocrx_word' id='word_1_133' title='bbox 851 1130 1112 1168; x_wconf 89' lang='lat' dir='ltr'>committunt.</span> 
     </span>
    </p>

    <p class='ocr_par' dir='ltr' id='par_1_5' title="bbox 229 1190 1772 2906">
     <span class='ocr_line' id='line_1_17' title="bbox 303 1190 1721 1243; baseline 0.001 -15"><span class='ocrx_word' id='word_1_134' title='bbox 303 1190 370 1228; x_wconf 83' lang='lat'>46.</span> <span class='ocrx_word' id='word_1_135' title='bbox 400 1190 519 1234; x_wconf 84' lang='lat' dir='ltr'>Quod</span> <span class='ocrx_word' id='word_1_136' title='bbox 551 1191 582 1229; x_wconf 89' lang='lat' dir='ltr'>si</span> <span class='ocrx_word' id='word_1_137' title='bbox 614 1204 660 1229; x_wconf 90' lang='lat' dir='ltr'>ea</span> <span class='ocrx_word' id='word_1_138' title='bbox 691 1204 778 1242; x_wconf 85' lang='lat' dir='ltr'>quae</span> <span class='ocrx_word' id='word_1_139' title='bbox 807 1191 975 1230; x_wconf 88' lang='lat' dir='ltr'>diximus</span> <span class='ocrx_word' id='word_1_140' title='bbox 1002 1191 1274 1243; x_wconf 79' lang='lat' dir='ltr'>praestiteritiS,</span> <span class='ocrx_word' id='word_1_141' title='bbox 1300 1197 1340 1229; x_wconf 93' lang='lat' dir='ltr'>et</span> <span class='ocrx_word' id='word_1_142' title='bbox 1359 1190 1412 1229; x_wconf 84' lang='lat' dir='ltr'>ita</span> <span class='ocrx_word' id='word_1_143' title='bbox 1432 1203 1500 1229; x_wconf 91' lang='lat' dir='ltr'>vos</span> <span class='ocrx_word' id='word_1_144' title='bbox 1522 1203 1721 1242; x_wconf 88' lang='lat' dir='ltr'>compara-</span> 
     </span>
     <span class='ocr_line' id='line_1_18' title="bbox 249 1251 1721 1305; baseline 0.001 -16"><span class='ocrx_word' id='word_1_145' title='bbox 249 1251 379 1290; x_wconf 87' lang='lat' dir='ltr'>veritis</span> <span class='ocrx_word' id='word_1_146' title='bbox 397 1260 441 1290; x_wconf 91' lang='lat' dir='ltr'>ut</span> <span class='ocrx_word' id='word_1_147' title='bbox 459 1259 497 1291; x_wconf 88' lang='lat' dir='ltr'>et</span> <span class='ocrx_word' id='word_1_148' title='bbox 517 1253 569 1291; x_wconf 88' lang='lat' dir='ltr'>rei</span> <span class='ocrx_word' id='word_1_149' title='bbox 591 1253 764 1291; x_wconf 90' lang='lat' dir='ltr'>militaris</span> <span class='ocrx_word' id='word_1_150' title='bbox 785 1253 1064 1292; x_wconf 84' lang='lat' dir='ltr'>exercitatione</span> <span class='ocrx_word' id='word_1_151' title='bbox 1085 1260 1204 1305; x_wconf 87' lang='lat' dir='ltr'>atque</span> <span class='ocrx_word' id='word_1_152' title='bbox 1225 1259 1412 1304; x_wconf 89' lang='lat' dir='ltr'>apparatu</span> <span class='ocrx_word' id='word_1_153' title='bbox 1434 1251 1516 1290; x_wconf 89' lang='lat' dir='ltr'>sitis</span> <span class='ocrx_word' id='word_1_154' title='bbox 1534 1252 1721 1299; x_wconf 83' lang='lat' dir='ltr'>bellicosi,</span> 
     </span>
     <span class='ocr_line' id='line_1_19' title="bbox 246 1313 1720 1366; baseline 0.001 -15"><span class='ocrx_word' id='word_1_155' title='bbox 246 1319 286 1351; x_wconf 91' lang='lat' dir='ltr'>et</span> <span class='ocrx_word' id='word_1_156' title='bbox 301 1313 394 1351; x_wconf 89' lang='lat' dir='ltr'>nihil</span> <span class='ocrx_word' id='word_1_157' title='bbox 410 1316 625 1366; x_wconf 83' lang='lat' dir='ltr'>praeterjus</span> <span class='ocrx_word' id='word_1_158' title='bbox 646 1322 685 1354; x_wconf 88' lang='lat' dir='ltr'>et</span> <span class='ocrx_word' id='word_1_159' title='bbox 701 1328 857 1366; x_wconf 88' lang='lat' dir='ltr'>aequum</span> <span class='ocrx_word' id='word_1_160' title='bbox 878 1315 1032 1366; x_wconf 88' lang='lat' dir='ltr'>agendo</span> <span class='ocrx_word' id='word_1_161' title='bbox 1057 1316 1166 1366; x_wconf 87' lang='lat' dir='ltr'>pacis</span> <span class='ocrx_word' id='word_1_162' title='bbox 1186 1315 1362 1358; x_wconf 85' lang='lat' dir='ltr'>studiosi,</span> <span class='ocrx_word' id='word_1_163' title='bbox 1382 1327 1459 1352; x_wconf 86' lang='lat' dir='ltr'>non</span> <span class='ocrx_word' id='word_1_164' title='bbox 1481 1313 1582 1352; x_wconf 87' lang='lat' dir='ltr'>hanc</span> <span class='ocrx_word' id='word_1_165' title='bbox 1604 1314 1720 1353; x_wconf 91' lang='lat' dir='ltr'>modo</span> 
     </span>
     <span class='ocr_line' id='line_1_20' title="bbox 246 1374 1718 1422; baseline 0.002 -10"><span class='ocrx_word' id='word_1_166' title='bbox 246 1374 380 1413; x_wconf 89' lang='lat' dir='ltr'>urbem</span> <span class='ocrx_word' id='word_1_167' title='bbox 401 1375 550 1415; x_wconf 80' lang='lat' dir='ltr'>felicem</span> <span class='ocrx_word' id='word_1_168' title='bbox 583 1375 767 1422; x_wconf 91' lang='lat' dir='ltr'>reddetis,</span> <span class='ocrx_word' id='word_1_169' title='bbox 798 1377 867 1415; x_wconf 89' lang='lat' dir='ltr'>sed</span> <span class='ocrx_word' id='word_1_170' title='bbox 900 1378 1015 1415; x_wconf 89' lang='lat' dir='ltr'>etiam</span> <span class='ocrx_word' id='word_1_171' title='bbox 1039 1376 1203 1415; x_wconf 82' lang='lat' dir='ltr'>Graecos</span> <span class='ocrx_word' id='word_1_172' title='bbox 1232 1377 1448 1415; x_wconf 86' lang='lat' dir='ltr'>universos.</span> <span class='ocrx_word' id='word_1_173' title='bbox 1508 1377 1592 1415; x_wconf 92' lang='lat' dir='ltr'>Nec</span> <span class='ocrx_word' id='word_1_174' title='bbox 1617 1377 1718 1416; x_wconf 90' lang='lat' dir='ltr'>enim</span> 
     </span>
     <span class='ocr_line' id='line_1_21' title="bbox 246 1435 1719 1486; baseline 0.002 -12"><span class='ocrx_word' id='word_1_175' title='bbox 246 1435 328 1474; x_wconf 86' lang='lat' dir='ltr'>ulla</span> <span class='ocrx_word' id='word_1_176' title='bbox 346 1443 573 1476; x_wconf 89' lang='lat' dir='ltr'>caeterarum</span> <span class='ocrx_word' id='word_1_177' title='bbox 595 1438 747 1476; x_wconf 91' lang='lat' dir='ltr'>urbium</span> <span class='ocrx_word' id='word_1_178' title='bbox 775 1452 842 1477; x_wconf 92' lang='lat' dir='ltr'>eos</span> <span class='ocrx_word' id='word_1_179' title='bbox 871 1439 1013 1477; x_wconf 79' lang='lat' dir='ltr'>laedere</span> <span class='ocrx_word' id='word_1_180' title='bbox 1034 1438 1204 1486; x_wconf 89' lang='lat' dir='ltr'>audebit,</span> <span class='ocrx_word' id='word_1_181' title='bbox 1226 1439 1295 1477; x_wconf 92' lang='lat' dir='ltr'>sed</span> <span class='ocrx_word' id='word_1_182' title='bbox 1317 1439 1552 1477; x_wconf 87' lang='lat' dir='ltr'>verebuntur</span> <span class='ocrx_word' id='word_1_183' title='bbox 1578 1439 1719 1477; x_wconf 91' lang='lat' dir='ltr'>sollici-</span> 
     </span>
     <span class='ocr_line' id='line_1_22' title="bbox 244 1499 1772 1552; baseline 0.002 -16"><span class='ocrx_word' id='word_1_184' title='bbox 244 1504 363 1549; x_wconf 86' lang='lat' dir='ltr'>teque</span> <span class='ocrx_word' id='word_1_185' title='bbox 383 1500 579 1538; x_wconf 87' lang='lat' dir='ltr'>cavebunt</span> <span class='ocrx_word' id='word_1_186' title='bbox 596 1513 644 1538; x_wconf 89' lang='lat' dir='ltr'>ne</span> <span class='ocrx_word' id='word_1_187' title='bbox 664 1500 758 1551; x_wconf 92' lang='lat' dir='ltr'>quid</span> <span class='ocrx_word' id='word_1_188' title='bbox 778 1507 976 1546; x_wconf 87' lang='lat' dir='ltr'>moveant,</span> <span class='ocrx_word' id='word_1_189' title='bbox 1005 1500 1164 1552; x_wconf 89' lang='lat' dir='ltr'>quando</span> <span class='ocrx_word' id='word_1_190' title='bbox 1186 1499 1353 1539; x_wconf 89' lang='lat' dir='ltr'>viderint</span> <span class='ocrx_word' id='word_1_191' title='bbox 1379 1507 1552 1540; x_wconf 90' lang='lat' dir='ltr'>nostram</span> <span class='ocrx_word' id='word_1_192' title='bbox 1581 1508 1719 1551; x_wconf 86' lang='lat' dir='ltr'>poten·</span> <span class='ocrx_word' id='word_1_193' title='bbox 1769 1506 1772 1510; x_wconf 85' lang='grc'><strong>”</strong></span> 
     </span>
     <span class='ocr_line' id='line_1_23' title="bbox 245 1558 1720 1613; baseline 0.001 -14"><span class='ocrx_word' id='word_1_194' title='bbox 245 1558 337 1599; x_wconf 77' lang='lat' dir='ltr'>tlam</span> <span class='ocrx_word' id='word_1_195' title='bbox 359 1560 465 1599; x_wconf 90' lang='lat' dir='ltr'>velut</span> <span class='ocrx_word' id='word_1_196' title='bbox 494 1575 515 1600; x_wconf 89' lang='lat' dir='ltr'>e</span> <span class='ocrx_word' id='word_1_197' title='bbox 545 1562 704 1613; x_wconf 87' lang='lat' dir='ltr'>specula</span> <span class='ocrx_word' id='word_1_198' title='bbox 733 1562 1033 1613; x_wconf 87' lang='lat' dir='ltr'>prospicientem</span> <span class='ocrx_word' id='word_1_199' title='bbox 1063 1563 1192 1601; x_wconf 89' lang='lat' dir='ltr'>omnia</span> <span class='ocrx_word' id='word_1_200' title='bbox 1218 1569 1257 1600; x_wconf 91' lang='lat' dir='ltr'>et</span> <span class='ocrx_word' id='word_1_201' title='bbox 1288 1562 1326 1601; x_wconf 90' lang='lat' dir='ltr'>in</span> <span class='ocrx_word' id='word_1_202' title='bbox 1358 1562 1433 1600; x_wconf 90' lang='lat' dir='ltr'>hoc</span> <span class='ocrx_word' id='word_1_203' title='bbox 1461 1562 1649 1600; x_wconf 86' lang='lat' dir='ltr'>intentam</span> <span class='ocrx_word' id='word_1_204' title='bbox 1676 1570 1720 1602; x_wconf 87' lang='lat' dir='ltr'>ut</span> 
     </span>
     <span class='ocr_line' id='line_1_24' title="bbox 242 1621 1717 1676; baseline 0.002 -16"><span class='ocrx_word' id='word_1_205' title='bbox 242 1621 413 1661; x_wconf 85' lang='lat' dir='ltr'>oneratis</span> <span class='ocrx_word' id='word_1_206' title='bbox 444 1623 586 1674; x_wconf 88' lang='lat' dir='ltr'>injuria</span> <span class='ocrx_word' id='word_1_207' title='bbox 618 1624 843 1675; x_wconf 85' lang='lat' dir='ltr'>opituletur.</span> <span class='ocrx_word' id='word_1_208' title='bbox 904 1624 982 1662; x_wconf 86' lang='lat' dir='ltr'>Sed</span> <span class='ocrx_word' id='word_1_209' title='bbox 1011 1631 1142 1663; x_wconf 86' lang='lat' dir='ltr'>utrum</span> <span class='ocrx_word' id='word_1_210' title='bbox 1176 1624 1253 1663; x_wconf 85' lang='lat' dir='ltr'>illae</span> <span class='ocrx_word' id='word_1_211' title='bbox 1285 1624 1459 1670; x_wconf 89' lang='lat' dir='ltr'>fecerint,</span> <span class='ocrx_word' id='word_1_212' title='bbox 1492 1624 1717 1676; x_wconf 84' lang='lat' dir='ltr'>reipublicae</span> 
     </span>
     <span class='ocr_line' id='line_1_25' title="bbox 241 1686 1716 1737; baseline 0.002 -15"><span class='ocrx_word' id='word_1_213' title='bbox 241 1690 384 1723; x_wconf 83' lang='lat' dir='ltr'>nostrae</span> <span class='ocrx_word' id='word_1_214' title='bbox 400 1698 460 1724; x_wconf 88' lang='lat' dir='ltr'>res</span> <span class='ocrx_word' id='word_1_215' title='bbox 481 1692 585 1725; x_wconf 86' lang='lat' dir='ltr'>recte</span> <span class='ocrx_word' id='word_1_216' title='bbox 606 1698 652 1724; x_wconf 89' lang='lat' dir='ltr'>ac</span> <span class='ocrx_word' id='word_1_217' title='bbox 669 1686 855 1737; x_wconf 79' lang='lat' dir='ltr'>praeclare</span> <span class='ocrx_word' id='word_1_218' title='bbox 884 1699 924 1725; x_wconf 90' lang='lat' dir='ltr'>se</span> <span class='ocrx_word' id='word_1_219' title='bbox 943 1686 1155 1725; x_wconf 88' lang='lat' dir='ltr'>habebunt.</span> <span class='ocrx_word' id='word_1_220' title='bbox 1214 1686 1303 1724; x_wconf 87' lang='lat' dir='ltr'>Sive</span> <span class='ocrx_word' id='word_1_221' title='bbox 1319 1686 1419 1724; x_wconf 89' lang='lat' dir='ltr'>enim</span> <span class='ocrx_word' id='word_1_222' title='bbox 1434 1686 1716 1737; x_wconf 88' lang='lat' dir='ltr'>potentioribus</span> 
     </span>
     <span class='ocr_line' id='line_1_26' title="bbox 241 1746 1717 1800; baseline 0.001 -16"><span class='ocrx_word' id='word_1_223' title='bbox 241 1746 401 1786; x_wconf 89' lang='lat' dir='ltr'>urbibus</span> <span class='ocrx_word' id='word_1_224' title='bbox 422 1747 547 1786; x_wconf 91' lang='lat' dir='ltr'>visum</span> <span class='ocrx_word' id='word_1_225' title='bbox 576 1748 693 1788; x_wconf 89' lang='lat' dir='ltr'>fuerit</span> <span class='ocrx_word' id='word_1_226' title='bbox 723 1748 918 1786; x_wconf 86' lang='lat' dir='ltr'>abstinere</span> <span class='ocrx_word' id='word_1_227' title='bbox 949 1748 1111 1800; x_wconf 88' lang='lat' dir='ltr'>injuriis,</span> <span class='ocrx_word' id='word_1_228' title='bbox 1132 1761 1179 1786; x_wconf 88' lang='lat' dir='ltr'>ea</span> <span class='ocrx_word' id='word_1_229' title='bbox 1209 1747 1375 1786; x_wconf 87' lang='lat' dir='ltr'>felicitas</span> <span class='ocrx_word' id='word_1_230' title='bbox 1403 1747 1515 1786; x_wconf 90' lang='lat' dir='ltr'>nobis</span> <span class='ocrx_word' id='word_1_231' title='bbox 1551 1748 1717 1799; x_wconf 81' lang='lat' dir='ltr'>imputa-</span> 
     </span>
     <span class='ocr_line' id='line_1_27' title="bbox 240 1807 1713 1861; baseline 0.001 -15"><span class='ocrx_word' id='word_1_232' title='bbox 240 1807 365 1851; x_wconf 76' lang='lat' dir='ltr'>bitur:</span> <span class='ocrx_word' id='word_1_233' title='bbox 394 1809 475 1847; x_wconf 86' lang='lat' dir='ltr'>sive</span> <span class='ocrx_word' id='word_1_234' title='bbox 496 1809 663 1859; x_wconf 87' lang='lat' dir='ltr'>grassari</span> <span class='ocrx_word' id='word_1_235' title='bbox 679 1809 756 1847; x_wconf 83' lang='lat' dir='ltr'>illae</span> <span class='ocrx_word' id='word_1_236' title='bbox 772 1810 973 1861; x_wconf 85' lang='lat' dir='ltr'>coeperint,</span> <span class='ocrx_word' id='word_1_237' title='bbox 993 1809 1059 1861; x_wconf 90' lang='lat' dir='ltr'>qui</span> <span class='ocrx_word' id='word_1_238' title='bbox 1079 1810 1117 1847; x_wconf 91' lang='lat' dir='ltr'>in</span> <span class='ocrx_word' id='word_1_239' title='bbox 1139 1816 1245 1848; x_wconf 89' lang='lat' dir='ltr'>metu</span> <span class='ocrx_word' id='word_1_240' title='bbox 1265 1815 1305 1847; x_wconf 92' lang='lat' dir='ltr'>et</span> <span class='ocrx_word' id='word_1_241' title='bbox 1319 1808 1429 1847; x_wconf 92' lang='lat' dir='ltr'>malis</span> <span class='ocrx_word' id='word_1_242' title='bbox 1445 1815 1560 1847; x_wconf 92' lang='lat' dir='ltr'>erunt</span> <span class='ocrx_word' id='word_1_243' title='bbox 1572 1809 1622 1847; x_wconf 91' lang='lat' dir='ltr'>ad</span> <span class='ocrx_word' id='word_1_244' title='bbox 1642 1823 1713 1848; x_wconf 90' lang='lat' dir='ltr'>nos</span> 
     </span>
     <span class='ocr_line' id='line_1_28' title="bbox 238 1869 1714 1922; baseline 0.001 -14"><span class='ocrx_word' id='word_1_245' title='bbox 238 1869 469 1921; x_wconf 86' lang='lat' dir='ltr'>confugient</span> <span class='ocrx_word' id='word_1_246' title='bbox 496 1877 536 1909; x_wconf 87' lang='lat' dir='ltr'>et</span> <span class='ocrx_word' id='word_1_247' title='bbox 565 1870 761 1922; x_wconf 89' lang='lat' dir='ltr'>supplices</span> <span class='ocrx_word' id='word_1_248' title='bbox 789 1883 813 1908; x_wconf 90' lang='lat' dir='ltr'>a</span> <span class='ocrx_word' id='word_1_249' title='bbox 832 1871 943 1909; x_wconf 88' lang='lat' dir='ltr'>nobis</span> <span class='ocrx_word' id='word_1_250' title='bbox 973 1870 1159 1909; x_wconf 86' lang='lat' dir='ltr'>auxilium</span> <span class='ocrx_word' id='word_1_251' title='bbox 1192 1883 1334 1921; x_wconf 86' lang='lat' dir='ltr'>magna</span> <span class='ocrx_word' id='word_1_252' title='bbox 1366 1870 1616 1909; x_wconf 87' lang='lat' dir='ltr'>contentione</span> <span class='ocrx_word' id='word_1_253' title='bbox 1644 1884 1714 1909; x_wconf 88' lang='lat' dir='ltr'>ex-</span> 
     </span>
     <span class='ocr_line' id='line_1_29' title="bbox 237 1932 1713 1984; baseline 0.001 -15"><span class='ocrx_word' id='word_1_254' title='bbox 237 1937 386 1982; x_wconf 83' lang='lat' dir='ltr'>petent,</span> <span class='ocrx_word' id='word_1_255' title='bbox 401 1944 474 1971; x_wconf 90' lang='lat' dir='ltr'>nec</span> <span class='ocrx_word' id='word_1_256' title='bbox 494 1932 756 1984; x_wconf 86' lang='lat' dir='ltr'>principatum</span> <span class='ocrx_word' id='word_1_257' title='bbox 775 1939 925 1971; x_wconf 89' lang='lat' dir='ltr'>tantum</span> <span class='ocrx_word' id='word_1_258' title='bbox 941 1932 1010 1970; x_wconf 90' lang='lat' dir='ltr'>sed</span> <span class='ocrx_word' id='word_1_259' title='bbox 1027 1932 1260 1983; x_wconf 86' lang='lat' dir='ltr'>semetipsos</span> <span class='ocrx_word' id='word_1_260' title='bbox 1277 1932 1392 1970; x_wconf 90' lang='lat' dir='ltr'>etiam</span> <span class='ocrx_word' id='word_1_261' title='bbox 1413 1932 1524 1970; x_wconf 90' lang='lat' dir='ltr'>nobis</span> <span class='ocrx_word' id='word_1_262' title='bbox 1545 1932 1713 1970; x_wconf 86' lang='lat' dir='ltr'>tradent.</span> 
     </span>
     <span class='ocr_line' id='line_1_30' title="bbox 240 1992 1714 2045; baseline 0.001 -15"><span class='ocrx_word' id='word_1_263' title='bbox 240 1992 372 2036; x_wconf 83' lang='lat' dir='ltr'>Quare</span> <span class='ocrx_word' id='word_1_264' title='bbox 392 2006 468 2031; x_wconf 90' lang='lat' dir='ltr'>non</span> <span class='ocrx_word' id='word_1_265' title='bbox 486 1992 657 2032; x_wconf 85' lang='lat' dir='ltr'>defuturi</span> <span class='ocrx_word' id='word_1_266' title='bbox 683 2000 772 2032; x_wconf 89' lang='lat' dir='ltr'>sunt</span> <span class='ocrx_word' id='word_1_267' title='bbox 789 2006 951 2045; x_wconf 90' lang='lat' dir='ltr'>quorum</span> <span class='ocrx_word' id='word_1_268' title='bbox 972 2006 1047 2044; x_wconf 89' lang='lat' dir='ltr'>ope</span> <span class='ocrx_word' id='word_1_269' title='bbox 1067 1993 1339 2043; x_wconf 87' lang='lat' dir='ltr'>delinquentes</span> <span class='ocrx_word' id='word_1_270' title='bbox 1359 2006 1624 2040; x_wconf 89' lang='lat' dir='ltr'>coerceamus,</span> <span class='ocrx_word' id='word_1_271' title='bbox 1644 1994 1714 2032; x_wconf 90' lang='lat' dir='ltr'>sed</span> 
     </span>
     <span class='ocr_line' id='line_1_31' title="bbox 236 2053 1713 2106; baseline 0.002 -15"><span class='ocrx_word' id='word_1_272' title='bbox 236 2053 380 2092; x_wconf 88' lang='lat' dir='ltr'>multos</span> <span class='ocrx_word' id='word_1_273' title='bbox 400 2053 626 2093; x_wconf 86' lang='lat' dir='ltr'>habebimus</span> <span class='ocrx_word' id='word_1_274' title='bbox 642 2055 709 2106; x_wconf 91' lang='lat' dir='ltr'>qui</span> <span class='ocrx_word' id='word_1_275' title='bbox 729 2061 926 2092; x_wconf 90' lang='lat' dir='ltr'>strenuam</span> <span class='ocrx_word' id='word_1_276' title='bbox 947 2053 1196 2105; x_wconf 88' lang='lat' dir='ltr'>alacremque</span> <span class='ocrx_word' id='word_1_277' title='bbox 1228 2067 1388 2105; x_wconf 87' lang='lat' dir='ltr'>operam</span> <span class='ocrx_word' id='word_1_278' title='bbox 1415 2054 1525 2092; x_wconf 88' lang='lat' dir='ltr'>nobis</span> <span class='ocrx_word' id='word_1_279' title='bbox 1557 2061 1713 2094; x_wconf 88' lang='lat' dir='ltr'>navent.</span> 
     </span>
     <span class='ocr_line' id='line_1_32' title="bbox 239 2114 1714 2165; baseline 0.003 -13"><span class='ocrx_word' id='word_1_280' title='bbox 239 2114 340 2158; x_wconf 80' lang='lat' dir='ltr'>Quae</span> <span class='ocrx_word' id='word_1_281' title='bbox 361 2114 466 2153; x_wconf 88' lang='lat' dir='ltr'>enim</span> <span class='ocrx_word' id='word_1_282' title='bbox 485 2116 591 2162; x_wconf 84' lang='lat' dir='ltr'>urbs,</span> <span class='ocrx_word' id='word_1_283' title='bbox 605 2115 683 2153; x_wconf 92' lang='lat' dir='ltr'>imo</span> <span class='ocrx_word' id='word_1_284' title='bbox 703 2115 790 2165; x_wconf 87' lang='lat' dir='ltr'>quis</span> <span class='ocrx_word' id='word_1_285' title='bbox 808 2114 1044 2160; x_wconf 88' lang='lat' dir='ltr'>mortalium,</span> <span class='ocrx_word' id='word_1_286' title='bbox 1064 2122 1237 2153; x_wconf 89' lang='lat' dir='ltr'>nostram</span> <span class='ocrx_word' id='word_1_287' title='bbox 1265 2115 1470 2154; x_wconf 85' lang='lat' dir='ltr'>amicitiam</span> <span class='ocrx_word' id='word_1_288' title='bbox 1490 2122 1528 2154; x_wconf 89' lang='lat' dir='ltr'>et</span> <span class='ocrx_word' id='word_1_289' title='bbox 1549 2117 1714 2156; x_wconf 87' lang='lat' dir='ltr'>societa-</span> 
     </span>
     <span class='ocr_line' id='line_1_33' title="bbox 235 2176 1710 2228; baseline 0.001 -14"><span class='ocrx_word' id='word_1_290' title='bbox 235 2182 313 2214; x_wconf 81' lang='lat' dir='ltr'>tem</span> <span class='ocrx_word' id='word_1_291' title='bbox 340 2189 419 2214; x_wconf 91' lang='lat' dir='ltr'>non</span> <span class='ocrx_word' id='word_1_292' title='bbox 438 2176 555 2214; x_wconf 87' lang='lat' dir='ltr'>ducet</span> <span class='ocrx_word' id='word_1_293' title='bbox 583 2176 856 2227; x_wconf 87' lang='lat' dir='ltr'>expetendam,</span> <span class='ocrx_word' id='word_1_294' title='bbox 877 2189 998 2226; x_wconf 92' lang='lat' dir='ltr'>quum</span> <span class='ocrx_word' id='word_1_295' title='bbox 1030 2176 1192 2214; x_wconf 85' lang='lat' dir='ltr'>eosdem</span> <span class='ocrx_word' id='word_1_296' title='bbox 1222 2183 1384 2228; x_wconf 92' lang='lat' dir='ltr'>utraque</span> <span class='ocrx_word' id='word_1_297' title='bbox 1412 2190 1466 2222; x_wconf 90' lang='lat' dir='ltr'>re,</span> <span class='ocrx_word' id='word_1_298' title='bbox 1501 2184 1541 2215; x_wconf 90' lang='lat' dir='ltr'>et</span> <span class='ocrx_word' id='word_1_299' title='bbox 1568 2178 1710 2228; x_wconf 83' lang='lat' dir='ltr'>insigni</span> 
     </span>
     <span class='ocr_line' id='line_1_34' title="bbox 229 2237 1708 2290; baseline 0.001 -14"><span class='ocrx_word' id='word_1_300' title='bbox 229 2239 383 2290; x_wconf 88' lang='lat' dir='ltr'>justitia</span> <span class='ocrx_word' id='word_1_301' title='bbox 401 2246 441 2278; x_wconf 90' lang='lat' dir='ltr'>et</span> <span class='ocrx_word' id='word_1_302' title='bbox 455 2239 625 2277; x_wconf 87' lang='lat' dir='ltr'>maxima</span> <span class='ocrx_word' id='word_1_303' title='bbox 643 2237 827 2289; x_wconf 88' lang='lat' dir='ltr'>potentia,</span> <span class='ocrx_word' id='word_1_304' title='bbox 848 2237 1014 2276; x_wconf 87' lang='lat' dir='ltr'>viderint</span> <span class='ocrx_word' id='word_1_305' title='bbox 1030 2237 1228 2289; x_wconf 82' lang='lat' dir='ltr'>praeditos,</span> <span class='ocrx_word' id='word_1_306' title='bbox 1247 2238 1378 2289; x_wconf 89' lang='lat' dir='ltr'>itaque</span> <span class='ocrx_word' id='word_1_307' title='bbox 1394 2245 1551 2290; x_wconf 85' lang='lat' dir='ltr'>paratos</span> <span class='ocrx_word' id='word_1_308' title='bbox 1569 2245 1608 2277; x_wconf 89' lang='lat' dir='ltr'>ut</span> <span class='ocrx_word' id='word_1_309' title='bbox 1623 2239 1708 2278; x_wconf 84' lang='lat' dir='ltr'>aliis</span> 
     </span>
     <span class='ocr_line' id='line_1_35' title="bbox 235 2299 1709 2352; baseline 0 -13"><span class='ocrx_word' id='word_1_310' title='bbox 235 2301 351 2340; x_wconf 83' lang='lat' dir='ltr'>saluti</span> <span class='ocrx_word' id='word_1_311' title='bbox 370 2313 457 2340; x_wconf 87' lang='lat' dir='ltr'>esse</span> <span class='ocrx_word' id='word_1_312' title='bbox 476 2308 515 2339; x_wconf 89' lang='lat' dir='ltr'>et</span> <span class='ocrx_word' id='word_1_313' title='bbox 545 2300 696 2352; x_wconf 87' lang='lat' dir='ltr'>possint</span> <span class='ocrx_word' id='word_1_314' title='bbox 725 2306 765 2338; x_wconf 89' lang='lat' dir='ltr'>et</span> <span class='ocrx_word' id='word_1_315' title='bbox 793 2299 927 2344; x_wconf 87' lang='lat' dir='ltr'>velint,</span> <span class='ocrx_word' id='word_1_316' title='bbox 957 2312 1077 2350; x_wconf 89' lang='lat' dir='ltr'>quum</span> <span class='ocrx_word' id='word_1_317' title='bbox 1110 2299 1183 2351; x_wconf 87' lang='lat' dir='ltr'>ipsi</span> <span class='ocrx_word' id='word_1_318' title='bbox 1215 2299 1333 2339; x_wconf 86' lang='lat' dir='ltr'>nullis</span> <span class='ocrx_word' id='word_1_319' title='bbox 1360 2299 1510 2338; x_wconf 86' lang='lat' dir='ltr'>auxiliis</span> <span class='ocrx_word' id='word_1_320' title='bbox 1539 2301 1709 2351; x_wconf 76' lang='lat' dir='ltr'>egeant?</span> 
     </span>
     <span class='ocr_line' id='line_1_36' title="bbox 234 2361 1709 2413; baseline 0.001 -12"><span class='ocrx_word' id='word_1_321' title='bbox 234 2369 383 2413; x_wconf 87' lang='lat' dir='ltr'>quanta</span> <span class='ocrx_word' id='word_1_322' title='bbox 402 2375 491 2401; x_wconf 92' lang='lat' dir='ltr'>vero</span> <span class='ocrx_word' id='word_1_323' title='bbox 511 2368 653 2400; x_wconf 86' lang='lat' dir='ltr'>nostrae</span> <span class='ocrx_word' id='word_1_324' title='bbox 682 2361 787 2400; x_wconf 88' lang='lat' dir='ltr'>urbis</span> <span class='ocrx_word' id='word_1_325' title='bbox 808 2361 1047 2400; x_wconf 89' lang='lat' dir='ltr'>incrementa</span> <span class='ocrx_word' id='word_1_326' title='bbox 1067 2368 1195 2408; x_wconf 85' lang='lat' dir='ltr'>erunt,</span> <span class='ocrx_word' id='word_1_327' title='bbox 1222 2361 1287 2399; x_wconf 89' lang='lat' dir='ltr'>ubi</span> <span class='ocrx_word' id='word_1_328' title='bbox 1319 2361 1482 2400; x_wconf 87' lang='lat' dir='ltr'>aliorum</span> <span class='ocrx_word' id='word_1_329' title='bbox 1510 2368 1620 2401; x_wconf 87' lang='lat' dir='ltr'>tanta</span> <span class='ocrx_word' id='word_1_330' title='bbox 1639 2363 1709 2402; x_wconf 88' lang='lat' dir='ltr'>erit</span> 
     </span>
     <span class='ocr_line' id='line_1_37' title="bbox 233 2422 1708 2475; baseline 0 -12"><span class='ocrx_word' id='word_1_331' title='bbox 233 2437 329 2475; x_wconf 82' lang='lat' dir='ltr'>erga</span> <span class='ocrx_word' id='word_1_332' title='bbox 362 2436 433 2463; x_wconf 90' lang='lat' dir='ltr'>nos</span> <span class='ocrx_word' id='word_1_333' title='bbox 460 2422 756 2462; x_wconf 68' lang='lat' dir='ltr'>benevolentia?</span> <span class='ocrx_word' id='word_1_334' title='bbox 797 2423 952 2474; x_wconf 88' lang='lat' dir='ltr'>quantis</span> <span class='ocrx_word' id='word_1_335' title='bbox 984 2422 1124 2474; x_wconf 88' lang='lat' dir='ltr'>opibus</span> <span class='ocrx_word' id='word_1_336' title='bbox 1155 2423 1290 2462; x_wconf 86' lang='lat' dir='ltr'>affluet</span> <span class='ocrx_word' id='word_1_337' title='bbox 1322 2423 1440 2464; x_wconf 89' lang='lat' dir='ltr'>etiam</span> <span class='ocrx_word' id='word_1_338' title='bbox 1475 2424 1708 2475; x_wconf 86' lang='lat' dir='ltr'>respublica,</span> 
     </span>
     <span class='ocr_line' id='line_1_38' title="bbox 235 2483 1707 2537; baseline 0 -13"><span class='ocrx_word' id='word_1_339' title='bbox 235 2486 416 2525; x_wconf 91' lang='lat' dir='ltr'>universa</span> <span class='ocrx_word' id='word_1_340' title='bbox 437 2485 594 2524; x_wconf 86' lang='lat' dir='ltr'>Graecia</span> <span class='ocrx_word' id='word_1_341' title='bbox 610 2498 679 2537; x_wconf 89' lang='lat' dir='ltr'>per</span> <span class='ocrx_word' id='word_1_342' title='bbox 699 2497 771 2523; x_wconf 90' lang='lat' dir='ltr'>nos</span> <span class='ocrx_word' id='word_1_343' title='bbox 791 2483 1050 2530; x_wconf 73' lang='lat' dir='ltr'>conservata?</span> <span class='ocrx_word' id='word_1_344' title='bbox 1079 2484 1230 2535; x_wconf 87' lang='lat' dir='ltr'>quinos</span> <span class='ocrx_word' id='word_1_345' title='bbox 1252 2497 1328 2522; x_wconf 93' lang='lat' dir='ltr'>non</span> <span class='ocrx_word' id='word_1_346' title='bbox 1345 2483 1508 2523; x_wconf 86' lang='lat' dir='ltr'>efferent</span> <span class='ocrx_word' id='word_1_347' title='bbox 1526 2484 1707 2524; x_wconf 88' lang='lat' dir='ltr'>laudibus</span> 
     </span>
     <span class='ocr_line' id='line_1_39' title="bbox 235 2544 1707 2597; baseline 0 -11"><span class='ocrx_word' id='word_1_348' title='bbox 235 2556 293 2586; x_wconf 90' lang='lat' dir='ltr'>tot</span> <span class='ocrx_word' id='word_1_349' title='bbox 311 2560 358 2586; x_wconf 89' lang='lat' dir='ltr'>ac</span> <span class='ocrx_word' id='word_1_350' title='bbox 377 2554 572 2587; x_wconf 88' lang='lat' dir='ltr'>tantorum</span> <span class='ocrx_word' id='word_1_351' title='bbox 592 2548 781 2585; x_wconf 90' lang='lat' dir='ltr'>bonorum</span> <span class='ocrx_word' id='word_1_352' title='bbox 807 2544 1013 2585; x_wconf 78' lang='lat' dir='ltr'>auctores?</span> <span class='ocrx_word' id='word_1_353' title='bbox 1070 2545 1149 2584; x_wconf 87' lang='lat' dir='ltr'>Sed</span> <span class='ocrx_word' id='word_1_354' title='bbox 1175 2559 1249 2597; x_wconf 84' lang='lat' dir='ltr'>ego</span> <span class='ocrx_word' id='word_1_355' title='bbox 1269 2552 1426 2597; x_wconf 88' lang='lat' dir='ltr'>propter</span> <span class='ocrx_word' id='word_1_356' title='bbox 1446 2552 1603 2585; x_wconf 83' lang='lat' dir='ltr'>aetatem</span> <span class='ocrx_word' id='word_1_357' title='bbox 1624 2559 1707 2586; x_wconf 85' lang='lat' dir='ltr'>ora-</span> 
     </span>
     <span class='ocr_line' id='line_1_40' title="bbox 234 2606 1704 2660; baseline -0.002 -12"><span class='ocrx_word' id='word_1_358' title='bbox 234 2609 338 2648; x_wconf 84' lang='lat' dir='ltr'>tione</span> <span class='ocrx_word' id='word_1_359' title='bbox 363 2622 451 2648; x_wconf 89' lang='lat' dir='ltr'>mea</span> <span class='ocrx_word' id='word_1_360' title='bbox 477 2622 556 2648; x_wconf 90' lang='lat' dir='ltr'>non</span> <span class='ocrx_word' id='word_1_361' title='bbox 576 2609 707 2647; x_wconf 88' lang='lat' dir='ltr'>omnia</span> <span class='ocrx_word' id='word_1_362' title='bbox 727 2608 936 2660; x_wconf 87' lang='lat' dir='ltr'>complecti</span> <span class='ocrx_word' id='word_1_363' title='bbox 957 2620 1129 2659; x_wconf 87' lang='lat' dir='ltr'>possum,</span> <span class='ocrx_word' id='word_1_364' title='bbox 1149 2620 1238 2658; x_wconf 85' lang='lat' dir='ltr'>quae</span> <span class='ocrx_word' id='word_1_365' title='bbox 1259 2606 1386 2645; x_wconf 90' lang='lat' dir='ltr'>animo</span> <span class='ocrx_word' id='word_1_366' title='bbox 1402 2607 1611 2658; x_wconf 89' lang='lat' dir='ltr'>perspicio,</span> <span class='ocrx_word' id='word_1_367' title='bbox 1633 2608 1704 2646; x_wconf 88' lang='lat' dir='ltr'>nisi</span> 
     </span>
     <span class='ocr_line' id='line_1_41' title="bbox 231 2668 1704 2723; baseline -0.001 -15"><span class='ocrx_word' id='word_1_368' title='bbox 231 2670 336 2723; x_wconf 89' lang='lat' dir='ltr'>quod</span> <span class='ocrx_word' id='word_1_369' title='bbox 359 2670 586 2721; x_wconf 82' lang='lat' dir='ltr'>praeclarum</span> <span class='ocrx_word' id='word_1_370' title='bbox 621 2678 683 2709; x_wconf 91' lang='lat' dir='ltr'>est</span> <span class='ocrx_word' id='word_1_371' title='bbox 713 2682 785 2708; x_wconf 89' lang='lat' dir='ltr'>nos</span> <span class='ocrx_word' id='word_1_372' title='bbox 816 2670 855 2707; x_wconf 90' lang='lat' dir='ltr'>in</span> <span class='ocrx_word' id='word_1_373' title='bbox 885 2669 1047 2708; x_wconf 89' lang='lat' dir='ltr'>aliorum</span> <span class='ocrx_word' id='word_1_374' title='bbox 1074 2668 1220 2720; x_wconf 86' lang='lat' dir='ltr'>injuriis</span> <span class='ocrx_word' id='word_1_375' title='bbox 1251 2675 1292 2707; x_wconf 90' lang='lat' dir='ltr'>et</span> <span class='ocrx_word' id='word_1_376' title='bbox 1324 2668 1475 2707; x_wconf 85' lang='lat' dir='ltr'>insania</span> <span class='ocrx_word' id='word_1_377' title='bbox 1494 2668 1636 2720; x_wconf 88' lang='lat' dir='ltr'>primos</span> <span class='ocrx_word' id='word_1_378' title='bbox 1655 2669 1704 2708; x_wconf 89' lang='lat' dir='ltr'>ad</span> 
     </span>
     <span class='ocr_line' id='line_1_42' title="bbox 231 2730 1702 2772; baseline -0.002 -1"><span class='ocrx_word' id='word_1_379' title='bbox 231 2745 366 2771; x_wconf 88' lang='lat' dir='ltr'>sanam</span> <span class='ocrx_word' id='word_1_380' title='bbox 387 2740 558 2771; x_wconf 89' lang='lat' dir='ltr'>mentem</span> <span class='ocrx_word' id='word_1_381' title='bbox 578 2745 750 2772; x_wconf 85' lang='lat' dir='ltr'>reversos</span> <span class='ocrx_word' id='word_1_382' title='bbox 771 2730 1000 2770; x_wconf 83' lang='lat' dir='ltr'>Graeeorum</span> <span class='ocrx_word' id='word_1_383' title='bbox 1028 2731 1165 2770; x_wconf 86' lang='lat' dir='ltr'>salutis</span> <span class='ocrx_word' id='word_1_384' title='bbox 1189 2737 1230 2770; x_wconf 90' lang='lat' dir='ltr'>et</span> <span class='ocrx_word' id='word_1_385' title='bbox 1248 2730 1437 2768; x_wconf 87' lang='lat' dir='ltr'>libertatis</span> <span class='ocrx_word' id='word_1_386' title='bbox 1455 2743 1587 2769; x_wconf 88' lang='lat' dir='ltr'>curam</span> <span class='ocrx_word' id='word_1_387' title='bbox 1615 2744 1702 2769; x_wconf 88' lang='lat' dir='ltr'>sus-</span> 
     </span>
     <span class='ocr_line' id='line_1_43' title="bbox 231 2791 1701 2846; baseline 0 -15"><span class='ocrx_word' id='word_1_388' title='bbox 231 2794 360 2844; x_wconf 91' lang='lat' dir='ltr'>cipere</span> <span class='ocrx_word' id='word_1_389' title='bbox 395 2794 521 2846; x_wconf 90' lang='lat' dir='ltr'>potius</span> <span class='ocrx_word' id='word_1_390' title='bbox 552 2806 670 2844; x_wconf 89' lang='lat' dir='ltr'>quam</span> <span class='ocrx_word' id='word_1_391' title='bbox 707 2799 840 2845; x_wconf 87' lang='lat' dir='ltr'>pestes</span> <span class='ocrx_word' id='word_1_392' title='bbox 874 2793 1024 2832; x_wconf 90' lang='lat' dir='ltr'>illorum</span> <span class='ocrx_word' id='word_1_393' title='bbox 1057 2791 1260 2845; x_wconf 88' lang='lat' dir='ltr'>appellari,</span> <span class='ocrx_word' id='word_1_394' title='bbox 1292 2798 1333 2830; x_wconf 85' lang='lat' dir='ltr'>et</span> <span class='ocrx_word' id='word_1_395' title='bbox 1362 2791 1504 2831; x_wconf 86' lang='lat' dir='ltr'>virtute</span> <span class='ocrx_word' id='word_1_396' title='bbox 1533 2792 1701 2831; x_wconf 84' lang='lat' dir='ltr'>illustres</span> 
     </span>
     <span class='ocr_line' id='line_1_44' title="bbox 231 2854 815 2906; baseline -0.002 -13"><span class='ocrx_word' id='word_1_397' title='bbox 231 2854 371 2893; x_wconf 82' lang='lat' dir='ltr'>avitam</span> <span class='ocrx_word' id='word_1_398' title='bbox 391 2854 552 2905; x_wconf 85' lang='lat' dir='ltr'>gloriam</span> <span class='ocrx_word' id='word_1_399' title='bbox 574 2867 815 2906; x_wconf 86' lang='lat' dir='ltr'>recuperare.</span> 
     </span>
    </p>

    <p class='ocr_par' dir='ltr' id='par_1_6' title="bbox 283 2914 1697 2968">
     <span class='ocr_line' id='line_1_45' title="bbox 283 2914 1697 2968; baseline 0.001 -15"><span class='ocrx_word' id='word_1_400' title='bbox 283 2917 349 2955; x_wconf 77' lang='lat'>47.</span> <span class='ocrx_word' id='word_1_401' title='bbox 380 2915 497 2956; x_wconf 87' lang='lat' dir='ltr'>Nunc</span> <span class='ocrx_word' id='word_1_402' title='bbox 518 2916 558 2955; x_wconf 88' lang='lat' dir='ltr'>id</span> <span class='ocrx_word' id='word_1_403' title='bbox 573 2916 699 2956; x_wconf 88' lang='lat' dir='ltr'>dicam</span> <span class='ocrx_word' id='word_1_404' title='bbox 718 2916 824 2968; x_wconf 89' lang='lat' dir='ltr'>quod</span> <span class='ocrx_word' id='word_1_405' title='bbox 845 2923 964 2968; x_wconf 88' lang='lat' dir='ltr'>caput</span> <span class='ocrx_word' id='word_1_406' title='bbox 984 2923 1055 2964; x_wconf 86' lang='lat' dir='ltr'>est,</span> <span class='ocrx_word' id='word_1_407' title='bbox 1075 2929 1152 2967; x_wconf 89' lang='lat' dir='ltr'>quo</span> <span class='ocrx_word' id='word_1_408' title='bbox 1181 2921 1220 2954; x_wconf 85' lang='lat' dir='ltr'>et</span> <span class='ocrx_word' id='word_1_409' title='bbox 1243 2915 1442 2968; x_wconf 80' lang='lat' dir='ltr'>superiora</span> <span class='ocrx_word' id='word_1_410' title='bbox 1461 2914 1591 2955; x_wconf 87' lang='lat' dir='ltr'>omnia</span> <span class='ocrx_word' id='word_1_411' title='bbox 1611 2928 1697 2967; x_wconf 84' lang='lat' dir='ltr'>per-</span> 
     </span>
    </p>
   </div>
  </div>
 </body>
</html>
