1870 3277
467 185 540 224 DE
569 185 921 224 APOLLODORI
955 184 1314 225 HEREDITATE.
1535 188 1606 225 371

172 293 298 325 tutore
326 288 436 326 bonis
465 288 640 326 omnibus
666 288 816 339 privari,
836 299 913 325 una
936 299 1022 324 cum
1047 287 1130 337 ejus
1156 297 1274 326 matre
1299 302 1383 327 eum
1406 289 1506 328 domi
1527 304 1607 329 suae

172 348 314 398 recepit
340 356 453 399 atque
480 350 550 387 sub
576 349 694 387 oculis
722 349 798 386 suis
819 347 1009 394 educavit,
1028 348 1238 398 puberique
1257 349 1358 388 facto
1378 359 1518 401 praesto
1538 353 1610 390 fuit

175 409 346 447 actiones
365 411 464 448 male
484 418 604 460 gestae
624 410 753 447 tutelae
779 410 817 446 in
846 408 1010 458 Eupolin
1037 410 1273 459 exsequenti,
1293 424 1412 461 eoque
1433 413 1609 463 Eupolidi

173 482 248 507 non
276 471 398 508 solum
430 472 624 509 semissem
653 469 873 508 hereditatis
894 482 916 506 a
938 469 1125 507 Mnesone
1154 470 1285 507 relicta
1313 472 1461 510 actione
1490 475 1609 523 prima

174 533 346 577 extorsit,
368 546 497 571 verum
512 533 624 570 etiam
646 532 764 569 altera
780 531 988 581 posteriore
1008 531 1157 569 actione
1178 532 1318 569 victum
1336 533 1499 583 Eupolin
1522 548 1610 573 coe-

173 593 229 642 git
242 593 482 644 Apollodoro
501 593 626 631 omnia
646 592 805 631 reddere
825 592 872 629 ab
891 592 1005 641 hujus
1024 600 1131 642 patre
1151 592 1350 644 Thrasyllo
1369 594 1512 639 relicta,
1529 596 1610 645 qui·

171 654 244 691 bus
274 654 429 706 Eupolis
456 654 643 706 pupillum
675 653 957 691 defraudasset.
1015 653 1276 692 Arche-damus
1306 662 1381 692 tam
1416 663 1608 693 strenuam

172 715 326 753 navavit
354 728 522 767 operam,
554 722 607 753 ut.
624 714 883 764 Apollodorus
913 721 1036 752 totum
1062 716 1329 765 patrimonium
1357 725 1609 768 recuperaret.

173 777 416 827 Quapropter
435 776 594 827 Eupolis
614 772 727 826 atque
743 775 1001 826 Apollodorus
1031 789 1098 826 per
1125 783 1240 814 totam
1261 778 1375 815 vitam
1398 778 1611 817 simultates

171 837 271 874 inter
298 850 339 874 se
367 837 628 888 agitaverunt3
657 850 750 875 avus
778 844 904 874 autem
934 850 1043 875 meus
1071 845 1186 886 atque
1206 839 1477 889 Apollodorus,
1498 848 1612 891 prout

173 897 289 934 etiam
309 910 379 947 par
398 904 492 944 erat,
511 911 663 949 semper
687 899 790 936 fuere
811 897 1127 949 conjunctissimi.
1182 899 1323 938 Verum
1345 901 1436 952 ipsis
1457 915 1477 939 e
1498 903 1610 941 rebus

173 957 291 1008 gestis
305 958 438 996 melius
454 973 568 1010 quam
584 972 632 997 ex
648 960 818 998 oratione
834 972 920 998 mea
934 959 1183 1011 intelligatur,
1198 974 1312 1012 quam
1326 963 1461 1001 sedulo
1477 965 1610 1002 studu-

172 1018 244 1056 erit
255 1019 509 1070 Apollodorus
521 1028 716 1072 acceptam
730 1021 891 1072 gratiam
903 1021 1100 1059 demereri.
1130 1023 1236 1061 Avus
1245 1023 1341 1060 enim
1355 1037 1400 1062 ea
1413 1037 1497 1062 cum
1507 1034 1609 1064 esset

173 1080 275 1118 ictus
295 1079 511 1119 calamitate
526 1088 568 1120 ut
584 1083 631 1120 ab
647 1083 820 1120 hostibus
836 1089 1048 1133 caperetur,
1065 1083 1113 1120 ad
1127 1084 1334 1122 redimendi
1354 1085 1435 1136 ejus
1448 1088 1610 1137 pretium

173 1141 223 1179 de
244 1155 314 1180 suo
333 1143 504 1181 conferre
520 1156 597 1182 non
617 1143 1074 1195 dubitavitApollodorus
1088 1145 1335 1196 obsidemque
1349 1159 1475 1198 agere,
1487 1148 1611 1187 donec

170 1203 235 1241 ille
256 1211 373 1242 totam
393 1218 579 1243 summam
598 1206 680 1244 aeris
705 1206 809 1243 unde
835 1205 936 1243 unde
965 1205 1168 1256 coegisset.
1222 1208 1382 1258 Avoque
1403 1221 1424 1245 e
1445 1209 1610 1259 pristinis

173 1266 293 1317 copiis
324 1266 373 1304 ad
396 1266 531 1305 incitas
555 1267 726 1312 redacto,
752 1267 790 1304 in
819 1280 858 1305 re
887 1270 966 1315 ejus
996 1267 1169 1305 familiari
1196 1268 1361 1318 gerenda
1388 1269 1609 1320 tuendaque

172 1339 325 1376 operam
341 1328 506 1373 navavit,
522 1329 580 1366 sui
593 1328 810 1379 patrimonii
823 1328 973 1378 copiam
986 1327 1019 1365 ei
1033 1328 1195 1366 faciens:
1215 1335 1254 1366 et
1267 1328 1317 1366 ad
1331 1329 1612 1380 expeditionem

173 1388 457 1426 Corinthiacam
475 1389 736 1439 proficiscens,
752 1389 1012 1427 constituebat
1031 1389 1078 1427 de
1100 1391 1314 1428 substantia
1334 1404 1418 1436 sua,
1438 1405 1612 1442 eamque,

171 1449 202 1487 si
223 1449 315 1500 quid
335 1450 406 1487 sibi
424 1451 549 1488 secius
568 1450 821 1500 contingeret,
843 1451 961 1488 sorori
978 1463 1072 1494 suae,
1091 1464 1177 1501 quae
1197 1451 1330 1490 eadem
1348 1453 1406 1490 avi
1428 1453 1501 1490 mei
1521 1454 1610 1499 filia,

168 1518 209 1549 et
220 1511 307 1548 mihi
320 1518 440 1550 mater
452 1519 523 1558 est,
538 1512 706 1563 legabat,
721 1524 880 1562 eamque
895 1511 1143 1559 Leocratidae,
1159 1514 1222 1564 qui
1237 1526 1338 1551 nunc
1357 1513 1612 1565 hierophanta

169 1579 241 1617 est,
268 1579 428 1623 nuptum
458 1573 644 1612 elocabat.
701 1572 786 1611 Hoc
815 1572 880 1611 ille
910 1573 1036 1611 animo
1064 1586 1156 1624 erga
1183 1587 1254 1612 nos
1282 1574 1444 1626 fuit,qui
1475 1588 1562 1613 eum
1589 1589 1612 1615 a

173 1633 358 1686 principio
385 1647 660 1673 servassemus·
717 1634 805 1678 Quo
824 1634 930 1673 vobis
959 1641 1087 1673 autem
1113 1642 1278 1682 constet,
1295 1637 1463 1686 judices,
1485 1637 1569 1676 haec
1589 1652 1612 1677 a

173 1709 236 1734 me
256 1708 344 1734 vera
362 1696 453 1742 diei,
476 1702 516 1734 et
541 1695 598 1734 bis
626 1697 674 1734 ab
694 1695 930 1746 Apollodoro
948 1697 1088 1734 victum
1115 1697 1154 1734 in
1181 1697 1264 1735 foro
1292 1697 1410 1736 fuisse
1431 1699 1611 1750 Eupolin,

175 1757 294 1795 semel
314 1756 425 1795 titulo
446 1757 546 1795 male
565 1763 684 1807 gestae
704 1757 849 1804 tutelae,
863 1764 943 1795 tum
966 1770 1097 1796 rursus
1118 1758 1336 1797 interversae
1352 1760 1521 1799 semissis
1542 1762 1610 1799 bo-

173 1831 309 1856 norum
329 1831 351 1855 a
366 1818 555 1856 Mnesone
574 1817 809 1864 relictorum,
825 1831 897 1857 avo
914 1831 999 1857 meo
1017 1832 1173 1858 causam
1194 1820 1422 1871 Apollodori
1440 1823 1609 1861 oratione

174 1879 392 1930 adjuvante,
411 1892 535 1930 eoque
554 1886 666 1930 pacto
686 1879 965 1930 Apollodorum
985 1881 1088 1918 bona
1107 1894 1177 1919 sua
1196 1894 1458 1933 recuperasse,
1479 1897 1608 1922 verum

175 1941 288 1977 etiam
311 1947 501 1978 tantorum
521 1953 545 1978 a
562 1941 670 1978 nobis
689 1948 934 1991 acceptorum
964 1942 1235 1981 beneficiorum
1264 1956 1469 1982 memorem
1492 1945 1610 1984 fuisse

177 2014 297 2052 eoque
315 2014 390 2051 quo
408 2000 486 2038 dixi
506 2001 618 2039 modo
636 2009 928 2052 compensatum
948 2002 1038 2050 isse,
1059 2003 1194 2042 horum
1214 2005 1380 2043 omnium
1399 2019 1472 2057 ego
1493 2013 1610 2046 testes

176 2062 399 2113 producam.
455 2063 545 2101 Cita
562 2069 603 2101 tu
624 2062 713 2101 mihi
736 2062 820 2102 hos.

793 2207 1004 2245 TESTES.

177 2298 274 2337 Haec
294 2306 399 2337 tanta
427 2306 536 2338 erant
561 2299 747 2338 beneficia
768 2313 789 2337 a
809 2300 918 2338 nobis
938 2300 975 2338 in
994 2299 1267 2352 Apollodorum
1290 2301 1450 2340 collata:
1481 2303 1610 2341 simul-

175 2360 263 2397 tatis
280 2373 382 2407 vero,
396 2374 482 2412 quae
498 2361 570 2412 ipsi
587 2374 674 2400 cum
697 2361 884 2412 Eupolide
904 2361 1129 2409 intercessit,
1144 2363 1181 2400 in
1196 2375 1315 2401 causa
1332 2363 1405 2401 fuit
1422 2364 1524 2402 fraus
1537 2377 1612 2415 qua

176 2419 239 2458 hic
259 2421 366 2459 illum
382 2435 421 2459 re
434 2430 511 2460 tam
525 2422 629 2460 lauta
648 2423 867 2461 fraudatum
888 2423 999 2468 ierat;
1031 2437 1144 2475 quam
1165 2424 1394 2463 simultatem
1407 2425 1507 2463 haud
1523 2425 1612 2464 licet

176 2482 300 2521 dicere
335 2484 381 2521 ab
410 2483 485 2522 illis
518 2484 707 2523 sublatam
742 2492 857 2537 atque
887 2499 974 2524 cum
1009 2485 1175 2525 amicitia
1206 2494 1478 2524 commutatam
1512 2500 1613 2527 esse.

176 2544 297 2595 Cujus
328 2544 381 2582 rei
410 2558 549 2596 magna
576 2545 686 2584 edam
717 2547 822 2585 istaec
851 2547 1107 2586 documenta:
1138 2547 1317 2598 Eupolidi
1342 2548 1442 2584 enim
1462 2549 1612 2587 tametsi

177 2604 264 2642 duae
283 2613 413 2644 essent
431 2606 534 2652 filiae,
549 2615 722 2645 neutram
736 2616 863 2646 tamen
878 2621 1006 2647 earum
1021 2607 1256 2658 Apollodoro
1269 2608 1482 2655 collocavit,
1495 2621 1611 2660 quem

178 2679 254 2704 non
267 2669 323 2705 sui
340 2667 465 2707 fratris
486 2668 726 2708 solummodo
746 2670 863 2708 filium
884 2677 1029 2716 nosset,
1044 2669 1113 2707 sed
1133 2671 1247 2707 etiam
1266 2671 1361 2708 bene
1381 2670 1610 2722 locupletem

177 2739 276 2765 esse.
307 2727 441 2778 Neque
460 2729 630 2780 fugiebat
648 2744 733 2768 eum
754 2730 954 2769 affinitates
973 2743 1038 2781 per
1057 2730 1249 2768 connubia
1267 2738 1482 2770 contractas
1496 2731 1611 2770 videri

180 2801 255 2826 non
267 2789 574 2840 consanguineos
586 2792 714 2839 modo,
724 2792 861 2831 sedvel
875 2791 1006 2830 obvios
1021 2805 1192 2843 quosque
1209 2791 1304 2831 adeo
1318 2792 1413 2831 inter
1426 2807 1466 2832 se
1480 2806 1611 2832 recon-

179 2850 304 2889 ciliare
326 2862 557 2902 magnasque
571 2853 782 2893 simultates
801 2854 1044 2904 exstinguere
1059 2861 1098 2890 et
1112 2866 1227 2905 posse
1241 2861 1279 2892 et
1293 2854 1433 2900 solere3
1461 2855 1612 2893 fiduciae

177 2911 276 2949 enim
291 2911 503 2950 recordatio
518 2925 591 2952 non
605 2922 731 2964 potest
746 2930 820 2954 non
838 2915 926 2954 odia
940 2927 987 2953 ex
1003 2915 1135 2956 animis
1144 2916 1390 2955 exterminare
1405 2929 1611 2965 eorumque
