<?xml version="1.0" encoding="UTF-8"?>
<!DOCTYPE html PUBLIC "-//W3C//DTD XHTML 1.0 Transitional//EN"
    "http://www.w3.org/TR/xhtml1/DTD/xhtml1-transitional.dtd">
<html xmlns="http://www.w3.org/1999/xhtml" xml:lang="en" lang="en">
 <head>
  <title>
</title>
<meta http-equiv="Content-Type" content="text/html;charset=utf-8" />
  <meta name='ocr-system' content='tesseract 3.04.00' />
  <meta name='ocr-capabilities' content='ocr_page ocr_carea ocr_par ocr_line ocrx_word'/>
</head>
<body>
  <div class='ocr_page' id='page_1' title='image "./oratoresatticie14dobs_0118.png"; bbox 0 0 1870 3277; ppageno 0'>
   <div class='ocr_carea' id='block_1_1' title="bbox 293 176 1168 215">
    <p class='ocr_par' dir='ltr' id='par_1_1' title="bbox 293 176 1168 215">
     <span class='ocr_line' id='line_1_1' title="bbox 293 176 1168 215; baseline -0.003 0"><span class='ocrx_word' id='word_1_1' title='bbox 293 179 368 215; x_wconf 82' lang='lat'>106</span> <span class='ocrx_word' id='word_1_2' title='bbox 880 176 1168 214; x_wconf 84' lang='lat' dir='ltr'>ISOCRA&#39;I&#39;IS</span> 
     </span>
    </p>
   </div>
   <div class='ocr_carea' id='block_1_2' title="bbox 283 278 1774 2986">
    <p class='ocr_par' dir='ltr' id='par_1_2' title="bbox 283 278 1770 1439">
     <span class='ocr_line' id='line_1_2' title="bbox 292 278 1763 330; baseline -0.002 -14"><span class='ocrx_word' id='word_1_3' title='bbox 292 280 341 316; x_wconf 81' lang='lat' dir='ltr'>ab</span> <span class='ocrx_word' id='word_1_4' title='bbox 363 291 495 317; x_wconf 88' lang='lat' dir='ltr'>eorum</span> <span class='ocrx_word' id='word_1_5' title='bbox 516 279 688 317; x_wconf 87' lang='lat' dir='ltr'>consiliis</span> <span class='ocrx_word' id='word_1_6' title='bbox 711 279 939 330; x_wconf 84' lang='lat' dir='ltr'><strong>pendemus,</strong></span> <span class='ocrx_word' id='word_1_7' title='bbox 957 293 1053 329; x_wconf 90' lang='lat' dir='ltr'>quos</span> <span class='ocrx_word' id='word_1_8' title='bbox 1070 292 1182 317; x_wconf 87' lang='lat' dir='ltr'>nemo</span> <span class='ocrx_word' id='word_1_9' title='bbox 1204 287 1264 317; x_wconf 91' lang='lat' dir='ltr'>est</span> <span class='ocrx_word' id='word_1_10' title='bbox 1285 278 1351 329; x_wconf 87' lang='lat' dir='ltr'>qui</span> <span class='ocrx_word' id='word_1_11' title='bbox 1369 290 1445 316; x_wconf 83' lang='lat' dir='ltr'>non</span> <span class='ocrx_word' id='word_1_12' title='bbox 1467 286 1706 330; x_wconf 83' lang='lat' dir='ltr'><strong>aspernetur,</strong></span> <span class='ocrx_word' id='word_1_13' title='bbox 1724 283 1763 314; x_wconf 87' lang='lat' dir='ltr'>et</span> 
     </span>
     <span class='ocr_line' id='line_1_3' title="bbox 292 339 1763 392; baseline -0.002 -14"><span class='ocrx_word' id='word_1_14' title='bbox 292 353 455 378; x_wconf 87' lang='lat' dir='ltr'>summae</span> <span class='ocrx_word' id='word_1_15' title='bbox 488 354 611 379; x_wconf 87' lang='lat' dir='ltr'>rernm</span> <span class='ocrx_word' id='word_1_16' title='bbox 643 341 814 378; x_wconf 83' lang='lat' dir='ltr'>omnium</span> <span class='ocrx_word' id='word_1_17' title='bbox 844 341 931 378; x_wconf 88' lang='lat' dir='ltr'>illos</span> <span class='ocrx_word' id='word_1_18' title='bbox 962 342 1069 391; x_wconf 90' lang='lat' dir='ltr'>ipsos</span> <span class='ocrx_word' id='word_1_19' title='bbox 1101 342 1348 392; x_wconf 82' lang='lat' dir='ltr'>praeficimus,</span> <span class='ocrx_word' id='word_1_20' title='bbox 1370 341 1511 391; x_wconf 90' lang='lat' dir='ltr'>quibus</span> <span class='ocrx_word' id='word_1_21' title='bbox 1542 353 1656 378; x_wconf 91' lang='lat' dir='ltr'>nemo</span> <span class='ocrx_word' id='word_1_22' title='bbox 1686 339 1763 390; x_wconf 91' lang='lat' dir='ltr'>pri-</span> 
     </span>
     <span class='ocr_line' id='line_1_4' title="bbox 290 401 1761 453; baseline -0.001 -13"><span class='ocrx_word' id='word_1_23' title='bbox 290 402 408 440; x_wconf 88' lang='lat' dir='ltr'>vatim</span> <span class='ocrx_word' id='word_1_24' title='bbox 431 402 639 453; x_wconf 85' lang='lat' dir='ltr'>quicquam</span> <span class='ocrx_word' id='word_1_25' title='bbox 661 401 906 439; x_wconf 77' lang='lat' dir='ltr'>commiserit.</span> <span class='ocrx_word' id='word_1_26' title='bbox 966 402 1161 453; x_wconf 83' lang='lat' dir='ltr'>Quodque</span> <span class='ocrx_word' id='word_1_27' title='bbox 1182 402 1351 439; x_wconf 86' lang='lat' dir='ltr'>omnium</span> <span class='ocrx_word' id='word_1_28' title='bbox 1369 401 1657 438; x_wconf 86' lang='lat' dir='ltr'>acerbissimum</span> <span class='ocrx_word' id='word_1_29' title='bbox 1677 407 1761 438; x_wconf 84' lang='lat' dir='ltr'>est:</span> 
     </span>
     <span class='ocr_line' id='line_1_5' title="bbox 291 463 1763 515; baseline -0.001 -15"><span class='ocrx_word' id='word_1_30' title='bbox 291 463 357 514; x_wconf 90' lang='lat' dir='ltr'>qui</span> <span class='ocrx_word' id='word_1_31' title='bbox 375 472 572 515; x_wconf 75' lang='lat' dir='ltr'>nostrapte</span> <span class='ocrx_word' id='word_1_32' title='bbox 589 464 830 501; x_wconf 78' lang='lat' dir='ltr'>confessione</span> <span class='ocrx_word' id='word_1_33' title='bbox 849 463 1019 501; x_wconf 89' lang='lat' dir='ltr'>omnium</span> <span class='ocrx_word' id='word_1_34' title='bbox 1037 465 1306 515; x_wconf 75' lang='lat' dir='ltr'>improbissimi</span> <span class='ocrx_word' id='word_1_35' title='bbox 1328 471 1432 507; x_wconf 88' lang='lat' dir='ltr'>sunt,</span> <span class='ocrx_word' id='word_1_36' title='bbox 1451 463 1521 500; x_wconf 82' lang='lat' dir='ltr'>hos</span> <span class='ocrx_word' id='word_1_37' title='bbox 1545 463 1763 513; x_wconf 81' lang='lat' dir='ltr'>reipublicoe</span> 
     </span>
     <span class='ocr_line' id='line_1_6' title="bbox 291 524 1763 576; baseline -0.001 -14"><span class='ocrx_word' id='word_1_38' title='bbox 291 526 477 563; x_wconf 81' lang='lat' dir='ltr'>custodes</span> <span class='ocrx_word' id='word_1_39' title='bbox 501 525 749 563; x_wconf 83' lang='lat' dir='ltr'>fidelissimos</span> <span class='ocrx_word' id='word_1_40' title='bbox 771 524 1023 569; x_wconf 81' lang='lat' dir='ltr'>arbitramur3</span> <span class='ocrx_word' id='word_1_41' title='bbox 1057 526 1265 576; x_wconf 80' lang='lat' dir='ltr'>inquilinos</span> <span class='ocrx_word' id='word_1_42' title='bbox 1287 526 1441 576; x_wconf 84' lang='lat' dir='ltr'>quidem</span> <span class='ocrx_word' id='word_1_43' title='bbox 1461 525 1556 561; x_wconf 76' lang='lat' dir='ltr'>tales</span> <span class='ocrx_word' id='word_1_44' title='bbox 1577 537 1659 561; x_wconf 82' lang='lat' dir='ltr'>esse</span> <span class='ocrx_word' id='word_1_45' title='bbox 1681 537 1763 561; x_wconf 90' lang='lat' dir='ltr'>crc-</span> 
     </span>
     <span class='ocr_line' id='line_1_7' title="bbox 283 585 1765 638; baseline -0.003 -13"><span class='ocrx_word' id='word_1_46' title='bbox 283 586 436 632; x_wconf 62' lang='lat' dir='ltr'>⁴dimus,</span> <span class='ocrx_word' id='word_1_47' title='bbox 453 587 586 637; x_wconf 85' lang='lat' dir='ltr'>quales</span> <span class='ocrx_word' id='word_1_48' title='bbox 607 587 678 623; x_wconf 88' lang='lat' dir='ltr'>sibi</span> <span class='ocrx_word' id='word_1_49' title='bbox 701 593 885 637; x_wconf 87' lang='lat' dir='ltr'>patronos</span> <span class='ocrx_word' id='word_1_50' title='bbox 908 586 1141 637; x_wconf 76' lang='lat' dir='ltr'>delegerint,</span> <span class='ocrx_word' id='word_1_51' title='bbox 1165 601 1235 626; x_wconf 85' lang='lat' dir='ltr'>nos</span> <span class='ocrx_word' id='word_1_52' title='bbox 1257 588 1360 638; x_wconf 87' lang='lat' dir='ltr'>ipsos</span> <span class='ocrx_word' id='word_1_53' title='bbox 1382 593 1510 624; x_wconf 85' lang='lat' dir='ltr'>autem</span> <span class='ocrx_word' id='word_1_54' title='bbox 1535 599 1609 622; x_wconf 90' lang='lat' dir='ltr'>non</span> <span class='ocrx_word' id='word_1_55' title='bbox 1633 585 1765 623; x_wconf 82' lang='lat' dir='ltr'>existi-</span> 
     </span>
     <span class='ocr_line' id='line_1_8' title="bbox 293 647 1764 698; baseline -0.001 -14"><span class='ocrx_word' id='word_1_56' title='bbox 293 647 389 685; x_wconf 88' lang='lat' dir='ltr'>mari</span> <span class='ocrx_word' id='word_1_57' title='bbox 413 647 557 685; x_wconf 84' lang='lat' dir='ltr'>similes</span> <span class='ocrx_word' id='word_1_58' title='bbox 587 660 793 685; x_wconf 79' lang='lat' dir='ltr'>censemus</span> <span class='ocrx_word' id='word_1_59' title='bbox 814 648 1136 698; x_wconf 81' lang='lat' dir='ltr'>gubernatoribus</span> <span class='ocrx_word' id='word_1_60' title='bbox 1164 651 1320 687; x_wconf 89' lang='lat' dir='ltr'>nostris.</span> <span class='ocrx_word' id='word_1_61' title='bbox 1378 649 1473 685; x_wconf 75' lang='lat' dir='ltr'>Tam</span> <span class='ocrx_word' id='word_1_62' title='bbox 1497 647 1611 697; x_wconf 79' lang='lat' dir='ltr'>longe</span> <span class='ocrx_word' id='word_1_63' title='bbox 1634 655 1764 684; x_wconf 89' lang='lat' dir='ltr'>autem</span> 
     </span>
     <span class='ocr_line' id='line_1_9' title="bbox 294 707 1765 760; baseline -0.003 -13"><span class='ocrx_word' id='word_1_64' title='bbox 294 722 316 747; x_wconf 92' lang='lat' dir='ltr'>a</span> <span class='ocrx_word' id='word_1_65' title='bbox 336 722 443 747; x_wconf 90' lang='lat' dir='ltr'>more</span> <span class='ocrx_word' id='word_1_66' title='bbox 467 710 652 760; x_wconf 83' lang='lat' dir='ltr'>majorum</span> <span class='ocrx_word' id='word_1_67' title='bbox 682 710 924 755; x_wconf 77' lang='lat' dir='ltr'>recessimus,</span> <span class='ocrx_word' id='word_1_68' title='bbox 947 718 990 747; x_wconf 86' lang='lat' dir='ltr'>ut</span> <span class='ocrx_word' id='word_1_69' title='bbox 1016 711 1174 749; x_wconf 82' lang='lat' dir='ltr'>eosdem</span> <span class='ocrx_word' id='word_1_70' title='bbox 1202 712 1254 748; x_wconf 91' lang='lat' dir='ltr'>illi</span> <span class='ocrx_word' id='word_1_71' title='bbox 1284 718 1322 749; x_wconf 91' lang='lat' dir='ltr'>et</span> <span class='ocrx_word' id='word_1_72' title='bbox 1351 723 1511 747; x_wconf 86' lang='lat' dir='ltr'>summac</span> <span class='ocrx_word' id='word_1_73' title='bbox 1544 707 1765 758; x_wconf 88' lang='lat' dir='ltr'>reipnhlicae</span> 
     </span>
     <span class='ocr_line' id='line_1_10' title="bbox 294 770 1768 822; baseline -0.002 -14"><span class='ocrx_word' id='word_1_74' title='bbox 294 772 542 822; x_wconf 71' lang='lat' dir='ltr'>praeficerent</span> <span class='ocrx_word' id='word_1_75' title='bbox 562 779 602 809; x_wconf 88' lang='lat' dir='ltr'>et</span> <span class='ocrx_word' id='word_1_76' title='bbox 621 771 871 822; x_wconf 86' lang='lat' dir='ltr'>imperatores</span> <span class='ocrx_word' id='word_1_77' title='bbox 894 781 1084 818; x_wconf 84' lang='lat' dir='ltr'>crearent,</span> <span class='ocrx_word' id='word_1_78' title='bbox 1106 774 1383 818; x_wconf 82' lang='lat' dir='ltr'>existimantes,</span> <span class='ocrx_word' id='word_1_79' title='bbox 1404 772 1469 822; x_wconf 88' lang='lat' dir='ltr'>qui</span> <span class='ocrx_word' id='word_1_80' title='bbox 1489 785 1560 822; x_wconf 89' lang='lat' dir='ltr'>pro</span> <span class='ocrx_word' id='word_1_81' title='bbox 1580 770 1768 808; x_wconf 88' lang='lat' dir='ltr'>concione</span> 
     </span>
     <span class='ocr_line' id='line_1_11' title="bbox 293 833 1769 885; baseline -0.003 -14"><span class='ocrx_word' id='word_1_82' title='bbox 293 834 440 884; x_wconf 88' lang='lat' dir='ltr'>optima</span> <span class='ocrx_word' id='word_1_83' title='bbox 467 833 663 879; x_wconf 80' lang='lat' dir='ltr'>suaderet,</span> <span class='ocrx_word' id='word_1_84' title='bbox 683 835 849 872; x_wconf 88' lang='lat' dir='ltr'>eundem</span> <span class='ocrx_word' id='word_1_85' title='bbox 881 835 1001 873; x_wconf 85' lang='lat' dir='ltr'>nihilo</span> <span class='ocrx_word' id='word_1_86' title='bbox 1031 836 1200 873; x_wconf 89' lang='lat' dir='ltr'>deterius</span> <span class='ocrx_word' id='word_1_87' title='bbox 1231 836 1344 873; x_wconf 80' lang='lat' dir='ltr'>etiarn</span> <span class='ocrx_word' id='word_1_88' title='bbox 1375 848 1442 885; x_wconf 87' lang='lat' dir='ltr'>per</span> <span class='ocrx_word' id='word_1_89' title='bbox 1467 848 1549 872; x_wconf 83' lang='lat' dir='ltr'>sese</span> <span class='ocrx_word' id='word_1_90' title='bbox 1579 833 1769 870; x_wconf 83' lang='lat' dir='ltr'>delibera-</span> 
     </span>
     <span class='ocr_line' id='line_1_12' title="bbox 293 894 1768 948; baseline -0.003 -16"><span class='ocrx_word' id='word_1_91' title='bbox 293 901 437 933; x_wconf 86' lang='lat' dir='ltr'>turum.</span> <span class='ocrx_word' id='word_1_92' title='bbox 497 895 578 933; x_wconf 92' lang='lat' dir='ltr'>Nos</span> <span class='ocrx_word' id='word_1_93' title='bbox 600 903 750 943; x_wconf 82' lang='lat' dir='ltr'>contra,</span> <span class='ocrx_word' id='word_1_94' title='bbox 780 910 945 947; x_wconf 87' lang='lat' dir='ltr'>quorum</span> <span class='ocrx_word' id='word_1_95' title='bbox 965 898 1136 935; x_wconf 87' lang='lat' dir='ltr'>consiliis</span> <span class='ocrx_word' id='word_1_96' title='bbox 1155 897 1390 948; x_wconf 81' lang='lat' dir='ltr'>gravissimis</span> <span class='ocrx_word' id='word_1_97' title='bbox 1419 897 1455 933; x_wconf 92' lang='lat' dir='ltr'>in</span> <span class='ocrx_word' id='word_1_98' title='bbox 1477 898 1589 933; x_wconf 82' lang='lat' dir='ltr'>rebus</span> <span class='ocrx_word' id='word_1_99' title='bbox 1613 894 1768 936; x_wconf 88' lang='lat' dir='ltr'>utimur,</span> 
     </span>
     <span class='ocr_line' id='line_1_13' title="bbox 292 955 1767 1010; baseline -0.002 -16"><span class='ocrx_word' id='word_1_100' title='bbox 292 957 368 995; x_wconf 85' lang='lat' dir='ltr'>illis</span> <span class='ocrx_word' id='word_1_101' title='bbox 390 965 576 1008; x_wconf 81' lang='lat' dir='ltr'>tanquam</span> <span class='ocrx_word' id='word_1_102' title='bbox 598 960 750 997; x_wconf 82' lang='lat' dir='ltr'>stolidis</span> <span class='ocrx_word' id='word_1_103' title='bbox 768 960 970 1010; x_wconf 83' lang='lat' dir='ltr'>imperium</span> <span class='ocrx_word' id='word_1_104' title='bbox 992 973 1068 998; x_wconf 86' lang='lat' dir='ltr'>non</span> <span class='ocrx_word' id='word_1_105' title='bbox 1089 960 1313 1005; x_wconf 85' lang='lat' dir='ltr'>deferimus,</span> <span class='ocrx_word' id='word_1_106' title='bbox 1329 959 1501 1009; x_wconf 86' lang='lat' dir='ltr'>quivero</span> <span class='ocrx_word' id='word_1_107' title='bbox 1517 958 1598 1010; x_wconf 85' lang='lat' dir='ltr'>ejus</span> <span class='ocrx_word' id='word_1_108' title='bbox 1617 955 1767 1007; x_wconf 84' lang='lat' dir='ltr'>generis</span> 
     </span>
     <span class='ocr_line' id='line_1_14' title="bbox 293 1017 1766 1072; baseline -0.003 -14"><span class='ocrx_word' id='word_1_109' title='bbox 293 1027 386 1058; x_wconf 88' lang='lat' dir='ltr'>sunt</span> <span class='ocrx_word' id='word_1_110' title='bbox 418 1027 460 1058; x_wconf 89' lang='lat' dir='ltr'>ut</span> <span class='ocrx_word' id='word_1_111' title='bbox 490 1034 603 1058; x_wconf 87' lang='lat' dir='ltr'>nemo</span> <span class='ocrx_word' id='word_1_112' title='bbox 636 1021 792 1071; x_wconf 85' lang='lat' dir='ltr'>publice</span> <span class='ocrx_word' id='word_1_113' title='bbox 822 1023 1048 1072; x_wconf 89' lang='lat' dir='ltr'>privatimve</span> <span class='ocrx_word' id='word_1_114' title='bbox 1081 1022 1230 1059; x_wconf 89' lang='lat' dir='ltr'>illorum</span> <span class='ocrx_word' id='word_1_115' title='bbox 1264 1020 1468 1058; x_wconf 85' lang='lat' dir='ltr'>consilium</span> <span class='ocrx_word' id='word_1_116' title='bbox 1502 1026 1673 1070; x_wconf 83' lang='lat' dir='ltr'>expetat,</span> <span class='ocrx_word' id='word_1_117' title='bbox 1695 1017 1766 1054; x_wconf 87' lang='lat' dir='ltr'>hos</span> 
     </span>
     <span class='ocr_line' id='line_1_15' title="bbox 293 1078 1767 1132; baseline -0.003 -14"><span class='ocrx_word' id='word_1_118' title='bbox 293 1081 505 1119; x_wconf 80' lang='lat' dir='ltr'>dictatores</span> <span class='ocrx_word' id='word_1_119' title='bbox 528 1082 713 1118; x_wconf 85' lang='lat' dir='ltr'>mittimus</span> <span class='ocrx_word' id='word_1_120' title='bbox 733 1083 798 1132; x_wconf 85' lang='lat' dir='ltr'>qui</span> <span class='ocrx_word' id='word_1_121' title='bbox 819 1096 888 1120; x_wconf 92' lang='lat' dir='ltr'>suo</span> <span class='ocrx_word' id='word_1_122' title='bbox 913 1084 1097 1120; x_wconf 84' lang='lat' dir='ltr'>arbitratu</span> <span class='ocrx_word' id='word_1_123' title='bbox 1121 1089 1259 1132; x_wconf 77' lang='lat' dir='ltr'>gerant</span> <span class='ocrx_word' id='word_1_124' title='bbox 1285 1082 1425 1124; x_wconf 81' lang='lat' dir='ltr'>onmia,</span> <span class='ocrx_word' id='word_1_125' title='bbox 1447 1082 1557 1130; x_wconf 84' lang='lat' dir='ltr'>quasi</span> <span class='ocrx_word' id='word_1_126' title='bbox 1579 1093 1667 1116; x_wconf 86' lang='lat' dir='ltr'>vero</span> <span class='ocrx_word' id='word_1_127' title='bbox 1688 1078 1767 1115; x_wconf 89' lang='lat' dir='ltr'>illic</span> 
     </span>
     <span class='ocr_line' id='line_1_16' title="bbox 293 1141 1770 1193; baseline -0.003 -13"><span class='ocrx_word' id='word_1_128' title='bbox 293 1143 546 1193; x_wconf 75' lang='lat' dir='ltr'>sapientiores</span> <span class='ocrx_word' id='word_1_129' title='bbox 567 1143 683 1177; x_wconf 79' lang='lat' dir='ltr'>futuri</span> <span class='ocrx_word' id='word_1_130' title='bbox 708 1145 783 1177; x_wconf 66' lang='lat' dir='ltr'>sint</span> <span class='ocrx_word' id='word_1_131' title='bbox 801 1151 835 1178; x_wconf 64' lang='lat' dir='ltr'>et</span> <span class='ocrx_word' id='word_1_132' title='bbox 853 1145 1004 1178; x_wconf 56' lang='lat' dir='ltr'>facilins</span> <span class='ocrx_word' id='word_1_133' title='bbox 1021 1143 1270 1180; x_wconf 73' lang='lat' dir='ltr'>deliberaturi</span> <span class='ocrx_word' id='word_1_134' title='bbox 1288 1143 1335 1179; x_wconf 89' lang='lat' dir='ltr'>de</span> <span class='ocrx_word' id='word_1_135' title='bbox 1353 1142 1470 1179; x_wconf 86' lang='lat' dir='ltr'>totius</span> <span class='ocrx_word' id='word_1_136' title='bbox 1484 1141 1648 1178; x_wconf 78' lang='lat' dir='ltr'>Graeciae</span> <span class='ocrx_word' id='word_1_137' title='bbox 1666 1147 1770 1177; x_wconf 82' lang='lat' dir='ltr'>statu</span> 
     </span>
     <span class='ocr_line' id='line_1_17' title="bbox 293 1202 1768 1255; baseline -0.002 -14"><span class='ocrx_word' id='word_1_138' title='bbox 293 1217 412 1255; x_wconf 89' lang='lat' dir='ltr'>quam</span> <span class='ocrx_word' id='word_1_139' title='bbox 433 1203 481 1241; x_wconf 92' lang='lat' dir='ltr'>de</span> <span class='ocrx_word' id='word_1_140' title='bbox 498 1204 612 1241; x_wconf 89' lang='lat' dir='ltr'>rebus</span> <span class='ocrx_word' id='word_1_141' title='bbox 634 1216 722 1254; x_wconf 81' lang='lat' dir='ltr'>quae</span> <span class='ocrx_word' id='word_1_142' title='bbox 739 1202 801 1241; x_wconf 90' lang='lat' dir='ltr'>hic</span> <span class='ocrx_word' id='word_1_143' title='bbox 817 1203 1116 1241; x_wconf 83' lang='lat' dir='ltr'>considerandae</span> <span class='ocrx_word' id='word_1_144' title='bbox 1133 1212 1417 1254; x_wconf 88' lang='lat' dir='ltr'>proponuntur.</span> <span class='ocrx_word' id='word_1_145' title='bbox 1478 1204 1617 1254; x_wconf 86' lang='lat' dir='ltr'>Neque</span> <span class='ocrx_word' id='word_1_146' title='bbox 1639 1210 1768 1239; x_wconf 82' lang='lat' dir='ltr'>tamen</span> 
     </span>
     <span class='ocr_line' id='line_1_18' title="bbox 293 1263 1769 1315; baseline -0.003 -12"><span class='ocrx_word' id='word_1_147' title='bbox 293 1265 378 1304; x_wconf 87' lang='lat' dir='ltr'>haee</span> <span class='ocrx_word' id='word_1_148' title='bbox 401 1278 512 1315; x_wconf 72' lang='lat' dir='ltr'>aeque</span> <span class='ocrx_word' id='word_1_149' title='bbox 534 1264 582 1302; x_wconf 80' lang='lat' dir='ltr'>ad</span> <span class='ocrx_word' id='word_1_150' title='bbox 604 1277 739 1301; x_wconf 90' lang='lat' dir='ltr'>omnes</span> <span class='ocrx_word' id='word_1_151' title='bbox 762 1264 954 1315; x_wconf 88' lang='lat' dir='ltr'>pertinere</span> <span class='ocrx_word' id='word_1_152' title='bbox 977 1264 1077 1308; x_wconf 89' lang='lat' dir='ltr'>volo,</span> <span class='ocrx_word' id='word_1_153' title='bbox 1101 1264 1167 1301; x_wconf 89' lang='lat' dir='ltr'>sed</span> <span class='ocrx_word' id='word_1_154' title='bbox 1199 1264 1246 1301; x_wconf 91' lang='lat' dir='ltr'>ad</span> <span class='ocrx_word' id='word_1_155' title='bbox 1279 1277 1344 1300; x_wconf 87' lang='lat' dir='ltr'>eos</span> <span class='ocrx_word' id='word_1_156' title='bbox 1372 1264 1561 1301; x_wconf 76' lang='lat' dir='ltr'>duntaxat</span> <span class='ocrx_word' id='word_1_157' title='bbox 1587 1264 1650 1314; x_wconf 92' lang='lat' dir='ltr'>qui</span> <span class='ocrx_word' id='word_1_158' title='bbox 1672 1263 1769 1300; x_wconf 86' lang='lat' dir='ltr'>tales</span> 
     </span>
     <span class='ocr_line' id='line_1_19' title="bbox 295 1325 1769 1377; baseline -0.003 -12"><span class='ocrx_word' id='word_1_159' title='bbox 295 1334 388 1366; x_wconf 83' lang='lat' dir='ltr'>sunt</span> <span class='ocrx_word' id='word_1_160' title='bbox 407 1326 544 1377; x_wconf 87' lang='lat' dir='ltr'>quales</span> <span class='ocrx_word' id='word_1_161' title='bbox 562 1328 644 1376; x_wconf 89' lang='lat' dir='ltr'>jam</span> <span class='ocrx_word' id='word_1_162' title='bbox 667 1325 849 1364; x_wconf 85' lang='lat' dir='ltr'>diximus.</span> <span class='ocrx_word' id='word_1_163' title='bbox 911 1326 1004 1364; x_wconf 87' lang='lat' dir='ltr'>Dies</span> <span class='ocrx_word' id='word_1_164' title='bbox 1021 1339 1080 1363; x_wconf 93' lang='lat' dir='ltr'>me</span> <span class='ocrx_word' id='word_1_165' title='bbox 1099 1325 1286 1363; x_wconf 89' lang='lat' dir='ltr'>defecerit</span> <span class='ocrx_word' id='word_1_166' title='bbox 1301 1325 1332 1362; x_wconf 88' lang='lat' dir='ltr'>si</span> <span class='ocrx_word' id='word_1_167' title='bbox 1350 1325 1388 1362; x_wconf 91' lang='lat' dir='ltr'>in</span> <span class='ocrx_word' id='word_1_168' title='bbox 1405 1325 1535 1362; x_wconf 83' lang='lat' dir='ltr'>onmia</span> <span class='ocrx_word' id='word_1_169' title='bbox 1550 1332 1769 1362; x_wconf 84' lang='lat' dir='ltr'>nostrarum</span> 
     </span>
     <span class='ocr_line' id='line_1_20' title="bbox 293 1388 1205 1439; baseline -0.001 -12"><span class='ocrx_word' id='word_1_170' title='bbox 293 1390 491 1428; x_wconf 85' lang='lat' dir='ltr'>actionum</span> <span class='ocrx_word' id='word_1_171' title='bbox 515 1388 656 1426; x_wconf 84' lang='lat' dir='ltr'>delicta</span> <span class='ocrx_word' id='word_1_172' title='bbox 674 1401 792 1426; x_wconf 86' lang='lat' dir='ltr'>coner</span> <span class='ocrx_word' id='word_1_173' title='bbox 813 1388 981 1426; x_wconf 90' lang='lat' dir='ltr'>severius</span> <span class='ocrx_word' id='word_1_174' title='bbox 1000 1388 1205 1439; x_wconf 87' lang='lat' dir='ltr'>inquirere.</span> 
     </span>
    </p>

    <p class='ocr_par' dir='ltr' id='par_1_3' title="bbox 293 1449 1774 2616">
     <span class='ocr_line' id='line_1_21' title="bbox 353 1449 1769 1501; baseline -0.002 -12"><span class='ocrx_word' id='word_1_175' title='bbox 353 1453 414 1490; x_wconf 81' lang='lat'>18.</span> <span class='ocrx_word' id='word_1_176' title='bbox 447 1451 642 1489; x_wconf 82' lang='lat' dir='ltr'>Fortassis</span> <span class='ocrx_word' id='word_1_177' title='bbox 664 1458 791 1489; x_wconf 85' lang='lat' dir='ltr'>autem</span> <span class='ocrx_word' id='word_1_178' title='bbox 814 1451 976 1490; x_wconf 79' lang='lat' dir='ltr'>exsistet</span> <span class='ocrx_word' id='word_1_179' title='bbox 996 1464 1127 1489; x_wconf 88' lang='lat' dir='ltr'>eorum</span> <span class='ocrx_word' id='word_1_180' title='bbox 1151 1451 1288 1501; x_wconf 82' lang='lat' dir='ltr'>aliquis</span> <span class='ocrx_word' id='word_1_181' title='bbox 1310 1451 1358 1488; x_wconf 85' lang='lat' dir='ltr'>ad</span> <span class='ocrx_word' id='word_1_182' title='bbox 1380 1463 1478 1501; x_wconf 85' lang='lat' dir='ltr'>quos·</span> <span class='ocrx_word' id='word_1_183' title='bbox 1504 1450 1589 1487; x_wconf 89' lang='lat' dir='ltr'>haec</span> <span class='ocrx_word' id='word_1_184' title='bbox 1609 1449 1769 1487; x_wconf 85' lang='lat' dir='ltr'>crimina</span> 
     </span>
     <span class='ocr_line' id='line_1_22' title="bbox 295 1512 1769 1564; baseline -0.003 -11"><span class='ocrx_word' id='word_1_185' title='bbox 295 1514 462 1553; x_wconf 84' lang='lat' dir='ltr'>maxime</span> <span class='ocrx_word' id='word_1_186' title='bbox 495 1513 691 1564; x_wconf 86' lang='lat' dir='ltr'>pertinent</span> <span class='ocrx_word' id='word_1_187' title='bbox 717 1514 783 1564; x_wconf 89' lang='lat' dir='ltr'>qui</span> <span class='ocrx_word' id='word_1_188' title='bbox 808 1527 897 1551; x_wconf 89' lang='lat' dir='ltr'>cum</span> <span class='ocrx_word' id='word_1_189' title='bbox 919 1513 1184 1564; x_wconf 83' lang='lat' dir='ltr'>indignatione</span> <span class='ocrx_word' id='word_1_190' title='bbox 1206 1514 1429 1563; x_wconf 81' lang='lat' dir='ltr'>interroget,</span> <span class='ocrx_word' id='word_1_191' title='bbox 1451 1514 1514 1562; x_wconf 91' lang='lat' dir='ltr'>qni</span> <span class='ocrx_word' id='word_1_192' title='bbox 1537 1512 1616 1555; x_wconf 84' lang='lat' dir='ltr'>fiat,</span> <span class='ocrx_word' id='word_1_193' title='bbox 1638 1512 1668 1549; x_wconf 91' lang='lat' dir='ltr'>si</span> <span class='ocrx_word' id='word_1_194' title='bbox 1691 1519 1769 1549; x_wconf 90' lang='lat' dir='ltr'>tam</span> 
     </span>
     <span class='ocr_line' id='line_1_23' title="bbox 296 1573 1770 1620; baseline -0.003 -6"><span class='ocrx_word' id='word_1_195' title='bbox 296 1575 397 1614; x_wconf 88' lang='lat' dir='ltr'>male</span> <span class='ocrx_word' id='word_1_196' title='bbox 426 1575 692 1620; x_wconf 87' lang='lat' dir='ltr'>consulamus,</span> <span class='ocrx_word' id='word_1_197' title='bbox 714 1582 756 1612; x_wconf 87' lang='lat' dir='ltr'>ut</span> <span class='ocrx_word' id='word_1_198' title='bbox 781 1588 857 1612; x_wconf 89' lang='lat' dir='ltr'>non</span> <span class='ocrx_word' id='word_1_199' title='bbox 886 1575 1096 1613; x_wconf 87' lang='lat' dir='ltr'>incolumes</span> <span class='ocrx_word' id='word_1_200' title='bbox 1125 1582 1274 1612; x_wconf 76' lang='lat' dir='ltr'>tantum</span> <span class='ocrx_word' id='word_1_201' title='bbox 1298 1575 1364 1612; x_wconf 89' lang='lat' dir='ltr'>sed</span> <span class='ocrx_word' id='word_1_202' title='bbox 1393 1574 1508 1611; x_wconf 84' lang='lat' dir='ltr'>ctiam</span> <span class='ocrx_word' id='word_1_203' title='bbox 1540 1573 1646 1610; x_wconf 86' lang='lat' dir='ltr'>nulla</span> <span class='ocrx_word' id='word_1_204' title='bbox 1676 1573 1770 1610; x_wconf 88' lang='lat' dir='ltr'>urbe</span> 
     </span>
     <span class='ocr_line' id='line_1_24' title="bbox 293 1633 1770 1689; baseline -0.004 -12"><span class='ocrx_word' id='word_1_205' title='bbox 293 1638 434 1689; x_wconf 88' lang='lat' dir='ltr'>opibus</span> <span class='ocrx_word' id='word_1_206' title='bbox 461 1643 497 1675; x_wconf 89' lang='lat' dir='ltr'>et</span> <span class='ocrx_word' id='word_1_207' title='bbox 528 1636 700 1688; x_wconf 84' lang='lat' dir='ltr'>potentia</span> <span class='ocrx_word' id='word_1_208' title='bbox 731 1636 929 1674; x_wconf 86' lang='lat' dir='ltr'>inferiores</span> <span class='ocrx_word' id='word_1_209' title='bbox 961 1636 1109 1673; x_wconf 70' lang='lat' dir='ltr'>simus?</span> <span class='ocrx_word' id='word_1_210' title='bbox 1161 1636 1352 1688; x_wconf 79' lang='lat' dir='ltr'>Expedita</span> <span class='ocrx_word' id='word_1_211' title='bbox 1384 1635 1583 1684; x_wconf 84' lang='lat' dir='ltr'>responsio</span> <span class='ocrx_word' id='word_1_212' title='bbox 1615 1641 1698 1671; x_wconf 81' lang='lat' dir='ltr'>est:</span> <span class='ocrx_word' id='word_1_213' title='bbox 1730 1633 1770 1671; x_wconf 89' lang='lat' dir='ltr'>id</span> 
     </span>
     <span class='ocr_line' id='line_1_25' title="bbox 294 1697 1771 1749; baseline -0.004 -11"><span class='ocrx_word' id='word_1_214' title='bbox 294 1699 606 1738; x_wconf 82' lang='lat' dir='ltr'>adversariorum</span> <span class='ocrx_word' id='word_1_215' title='bbox 636 1705 855 1736; x_wconf 85' lang='lat' dir='ltr'>nostrorum</span> <span class='ocrx_word' id='word_1_216' title='bbox 885 1698 1054 1736; x_wconf 90' lang='lat' dir='ltr'>consiliis</span> <span class='ocrx_word' id='word_1_217' title='bbox 1077 1698 1197 1736; x_wconf 87' lang='lat' dir='ltr'>nihilo</span> <span class='ocrx_word' id='word_1_218' title='bbox 1224 1697 1540 1749; x_wconf 86' lang='lat' dir='ltr'>prudentioribus</span> <span class='ocrx_word' id='word_1_219' title='bbox 1569 1703 1771 1746; x_wconf 84' lang='lat' dir='ltr'>acceptum</span> 
     </span>
     <span class='ocr_line' id='line_1_26' title="bbox 294 1758 1773 1805; baseline -0.004 -5"><span class='ocrx_word' id='word_1_220' title='bbox 294 1775 382 1800; x_wconf 87' lang='lat' dir='ltr'>esse</span> <span class='ocrx_word' id='word_1_221' title='bbox 403 1760 665 1798; x_wconf 86' lang='lat' dir='ltr'>referendum.</span> <span class='ocrx_word' id='word_1_222' title='bbox 723 1760 838 1805; x_wconf 86' lang='lat' dir='ltr'>Nam,</span> <span class='ocrx_word' id='word_1_223' title='bbox 856 1760 886 1798; x_wconf 93' lang='lat' dir='ltr'>si</span> <span class='ocrx_word' id='word_1_224' title='bbox 902 1760 1078 1797; x_wconf 86' lang='lat' dir='ltr'>Thebani</span> <span class='ocrx_word' id='word_1_225' title='bbox 1101 1773 1188 1798; x_wconf 83' lang='lat' dir='ltr'>mox</span> <span class='ocrx_word' id='word_1_226' title='bbox 1206 1761 1316 1798; x_wconf 87' lang='lat' dir='ltr'>victis</span> <span class='ocrx_word' id='word_1_227' title='bbox 1336 1758 1640 1797; x_wconf 78' lang='lat' dir='ltr'>Lacedaemoniis</span> <span class='ocrx_word' id='word_1_228' title='bbox 1659 1758 1773 1795; x_wconf 87' lang='lat' dir='ltr'>Pelo-</span> 
     </span>
     <span class='ocr_line' id='line_1_27' title="bbox 295 1820 1772 1875; baseline -0.002 -15"><span class='ocrx_word' id='word_1_229' title='bbox 295 1834 514 1875; x_wconf 85' lang='lat' dir='ltr'>ponnesum</span> <span class='ocrx_word' id='word_1_230' title='bbox 536 1822 768 1859; x_wconf 87' lang='lat' dir='ltr'>liberassent</span> <span class='ocrx_word' id='word_1_231' title='bbox 788 1830 826 1858; x_wconf 90' lang='lat' dir='ltr'>et</span> <span class='ocrx_word' id='word_1_232' title='bbox 845 1822 996 1858; x_wconf 83' lang='lat' dir='ltr'>caeteris</span> <span class='ocrx_word' id='word_1_233' title='bbox 1018 1821 1170 1859; x_wconf 66' lang='lat' dir='ltr'>Graecis</span> <span class='ocrx_word' id='word_1_234' title='bbox 1186 1823 1275 1871; x_wconf 90' lang='lat' dir='ltr'>jure</span> <span class='ocrx_word' id='word_1_235' title='bbox 1306 1834 1376 1858; x_wconf 77' lang='lat' dir='ltr'>suo</span> <span class='ocrx_word' id='word_1_236' title='bbox 1405 1821 1584 1858; x_wconf 87' lang='lat' dir='ltr'>restituto</span> <span class='ocrx_word' id='word_1_237' title='bbox 1605 1820 1772 1870; x_wconf 90' lang='lat' dir='ltr'>quievis-</span> 
     </span>
     <span class='ocr_line' id='line_1_28' title="bbox 297 1881 1773 1932; baseline -0.002 -10"><span class='ocrx_word' id='word_1_238' title='bbox 297 1893 398 1930; x_wconf 80' lang='lat' dir='ltr'>sent,</span> <span class='ocrx_word' id='word_1_239' title='bbox 414 1897 484 1922; x_wconf 88' lang='lat' dir='ltr'>nos</span> <span class='ocrx_word' id='word_1_240' title='bbox 507 1891 635 1922; x_wconf 86' lang='lat' dir='ltr'>autem</span> <span class='ocrx_word' id='word_1_241' title='bbox 657 1882 792 1920; x_wconf 83' lang='lat' dir='ltr'>eadem</span> <span class='ocrx_word' id='word_1_242' title='bbox 815 1882 898 1919; x_wconf 78' lang='lat' dir='ltr'>haec</span> <span class='ocrx_word' id='word_1_243' title='bbox 921 1895 1211 1932; x_wconf 84' lang='lat' dir='ltr'>peccassemus,</span> <span class='ocrx_word' id='word_1_244' title='bbox 1228 1896 1354 1932; x_wconf 86' lang='lat' dir='ltr'>neque</span> <span class='ocrx_word' id='word_1_245' title='bbox 1373 1883 1446 1919; x_wconf 90' lang='lat' dir='ltr'>iste</span> <span class='ocrx_word' id='word_1_246' title='bbox 1469 1895 1538 1919; x_wconf 92' lang='lat' dir='ltr'>nos</span> <span class='ocrx_word' id='word_1_247' title='bbox 1559 1882 1634 1920; x_wconf 91' lang='lat' dir='ltr'>hoc</span> <span class='ocrx_word' id='word_1_248' title='bbox 1657 1881 1773 1920; x_wconf 88' lang='lat' dir='ltr'>modo</span> 
     </span>
     <span class='ocr_line' id='line_1_29' title="bbox 295 1946 1773 2000; baseline -0.002 -13"><span class='ocrx_word' id='word_1_249' title='bbox 295 1962 432 2000; x_wconf 80' lang='lat' dir='ltr'>rogare</span> <span class='ocrx_word' id='word_1_250' title='bbox 451 1955 596 1999; x_wconf 86' lang='lat' dir='ltr'>posset,</span> <span class='ocrx_word' id='word_1_251' title='bbox 612 1954 650 1985; x_wconf 88' lang='lat' dir='ltr'>et</span> <span class='ocrx_word' id='word_1_252' title='bbox 668 1960 738 1984; x_wconf 90' lang='lat' dir='ltr'>nos</span> <span class='ocrx_word' id='word_1_253' title='bbox 760 1946 1065 1996; x_wconf 72' lang='lat' dir='ltr'>intelligeremus</span> <span class='ocrx_word' id='word_1_254' title='bbox 1082 1955 1272 1996; x_wconf 82' lang='lat' dir='ltr'>quantum</span> <span class='ocrx_word' id='word_1_255' title='bbox 1293 1946 1494 1983; x_wconf 80' lang='lat' dir='ltr'>modestiae</span> <span class='ocrx_word' id='word_1_256' title='bbox 1515 1946 1773 1996; x_wconf 85' lang='lat' dir='ltr'>tranquillitas</span> 
     </span>
     <span class='ocr_line' id='line_1_30' title="bbox 296 2008 1774 2060; baseline -0.002 -12"><span class='ocrx_word' id='word_1_257' title='bbox 296 2010 530 2048; x_wconf 87' lang='lat' dir='ltr'>turbulentis</span> <span class='ocrx_word' id='word_1_258' title='bbox 551 2017 589 2047; x_wconf 88' lang='lat' dir='ltr'>et</span> <span class='ocrx_word' id='word_1_259' title='bbox 607 2008 790 2060; x_wconf 87' lang='lat' dir='ltr'>inquietis</span> <span class='ocrx_word' id='word_1_260' title='bbox 818 2008 991 2046; x_wconf 91' lang='lat' dir='ltr'>consiliis</span> <span class='ocrx_word' id='word_1_261' title='bbox 1019 2015 1236 2058; x_wconf 81' lang='lat' dir='ltr'>praestaret.</span> <span class='ocrx_word' id='word_1_262' title='bbox 1297 2008 1416 2045; x_wconf 91' lang='lat' dir='ltr'>Nunc</span> <span class='ocrx_word' id='word_1_263' title='bbox 1436 2021 1496 2045; x_wconf 88' lang='lat' dir='ltr'>res</span> <span class='ocrx_word' id='word_1_264' title='bbox 1518 2020 1563 2044; x_wconf 91' lang='lat' dir='ltr'>eo</span> <span class='ocrx_word' id='word_1_265' title='bbox 1584 2008 1710 2051; x_wconf 85' lang='lat' dir='ltr'>rediit,</span> <span class='ocrx_word' id='word_1_266' title='bbox 1731 2013 1774 2045; x_wconf 82' lang='lat' dir='ltr'>ut</span> 
     </span>
     <span class='ocr_line' id='line_1_31' title="bbox 296 2069 1773 2121; baseline -0.002 -10"><span class='ocrx_word' id='word_1_267' title='bbox 296 2073 471 2111; x_wconf 87' lang='lat' dir='ltr'>Thebani</span> <span class='ocrx_word' id='word_1_268' title='bbox 490 2072 618 2117; x_wconf 90' lang='lat' dir='ltr'>nobis,</span> <span class='ocrx_word' id='word_1_269' title='bbox 634 2085 705 2110; x_wconf 91' lang='lat' dir='ltr'>nos</span> <span class='ocrx_word' id='word_1_270' title='bbox 725 2070 920 2108; x_wconf 89' lang='lat' dir='ltr'>Thebanis</span> <span class='ocrx_word' id='word_1_271' title='bbox 941 2070 1108 2108; x_wconf 87' lang='lat' dir='ltr'>vicissim</span> <span class='ocrx_word' id='word_1_272' title='bbox 1133 2070 1250 2108; x_wconf 88' lang='lat' dir='ltr'>saluti</span> <span class='ocrx_word' id='word_1_273' title='bbox 1273 2070 1406 2115; x_wconf 89' lang='lat' dir='ltr'>simus,</span> <span class='ocrx_word' id='word_1_274' title='bbox 1428 2070 1542 2121; x_wconf 90' lang='lat' dir='ltr'>plane</span> <span class='ocrx_word' id='word_1_275' title='bbox 1564 2082 1639 2107; x_wconf 89' lang='lat' dir='ltr'>non</span> <span class='ocrx_word' id='word_1_276' title='bbox 1662 2069 1773 2108; x_wconf 84' lang='lat' dir='ltr'>aliter</span> 
     </span>
     <span class='ocr_line' id='line_1_32' title="bbox 298 2131 1771 2186; baseline -0.001 -14"><span class='ocrx_word' id='word_1_277' title='bbox 298 2148 416 2186; x_wconf 86' lang='lat' dir='ltr'>quam</span> <span class='ocrx_word' id='word_1_278' title='bbox 440 2135 471 2172; x_wconf 91' lang='lat' dir='ltr'>si</span> <span class='ocrx_word' id='word_1_279' title='bbox 493 2148 564 2171; x_wconf 88' lang='lat' dir='ltr'>nos</span> <span class='ocrx_word' id='word_1_280' title='bbox 586 2134 654 2178; x_wconf 92' lang='lat' dir='ltr'>eis,</span> <span class='ocrx_word' id='word_1_281' title='bbox 678 2133 746 2184; x_wconf 92' lang='lat' dir='ltr'>ipsi</span> <span class='ocrx_word' id='word_1_282' title='bbox 770 2133 879 2170; x_wconf 88' lang='lat' dir='ltr'>nobis</span> <span class='ocrx_word' id='word_1_283' title='bbox 901 2131 1045 2169; x_wconf 85' lang='lat' dir='ltr'>auxilia</span> <span class='ocrx_word' id='word_1_284' title='bbox 1067 2132 1274 2170; x_wconf 88' lang='lat' dir='ltr'>mitterent.</span> <span class='ocrx_word' id='word_1_285' title='bbox 1333 2132 1519 2177; x_wconf 87' lang='lat' dir='ltr'>Quare,si</span> <span class='ocrx_word' id='word_1_286' title='bbox 1537 2145 1771 2182; x_wconf 84' lang='lat' dir='ltr'>saperemus,</span> 
     </span>
     <span class='ocr_line' id='line_1_33' title="bbox 299 2193 1772 2247; baseline -0.003 -13"><span class='ocrx_word' id='word_1_287' title='bbox 299 2204 436 2234; x_wconf 88' lang='lat' dir='ltr'>mutuo</span> <span class='ocrx_word' id='word_1_288' title='bbox 465 2194 669 2247; x_wconf 87' lang='lat' dir='ltr'>pecuniam</span> <span class='ocrx_word' id='word_1_289' title='bbox 694 2194 743 2231; x_wconf 88' lang='lat' dir='ltr'>ad</span> <span class='ocrx_word' id='word_1_290' title='bbox 765 2193 991 2232; x_wconf 86' lang='lat' dir='ltr'>indicendas</span> <span class='ocrx_word' id='word_1_291' title='bbox 1021 2194 1233 2232; x_wconf 89' lang='lat' dir='ltr'>conciones</span> <span class='ocrx_word' id='word_1_292' title='bbox 1265 2193 1559 2244; x_wconf 81' lang='lat' dir='ltr'>dilargiremur:</span> <span class='ocrx_word' id='word_1_293' title='bbox 1588 2206 1675 2230; x_wconf 86' lang='lat' dir='ltr'>nam</span> <span class='ocrx_word' id='word_1_294' title='bbox 1700 2193 1772 2239; x_wconf 82' lang='lat' dir='ltr'>utri</span> 
     </span>
     <span class='ocr_line' id='line_1_34' title="bbox 300 2255 1772 2307; baseline -0.003 -11"><span class='ocrx_word' id='word_1_295' title='bbox 300 2269 474 2297; x_wconf 86' lang='lat' dir='ltr'>nostrum</span> <span class='ocrx_word' id='word_1_296' title='bbox 512 2256 651 2307; x_wconf 88' lang='lat' dir='ltr'>saepius</span> <span class='ocrx_word' id='word_1_297' title='bbox 688 2255 939 2301; x_wconf 89' lang='lat' dir='ltr'>conveniunt,</span> <span class='ocrx_word' id='word_1_298' title='bbox 972 2255 1007 2292; x_wconf 87' lang='lat' dir='ltr'>hi</span> <span class='ocrx_word' id='word_1_299' title='bbox 1044 2255 1253 2293; x_wconf 89' lang='lat' dir='ltr'>alterorum</span> <span class='ocrx_word' id='word_1_300' title='bbox 1288 2268 1494 2293; x_wconf 89' lang='lat' dir='ltr'>successus</span> <span class='ocrx_word' id='word_1_301' title='bbox 1530 2261 1772 2305; x_wconf 87' lang='lat' dir='ltr'>promovent.</span> 
     </span>
     <span class='ocr_line' id='line_1_35' title="bbox 301 2315 1773 2368; baseline -0.003 -11"><span class='ocrx_word' id='word_1_302' title='bbox 301 2319 429 2357; x_wconf 88' lang='lat' dir='ltr'>Decet</span> <span class='ocrx_word' id='word_1_303' title='bbox 449 2326 577 2356; x_wconf 86' lang='lat' dir='ltr'>autem</span> <span class='ocrx_word' id='word_1_304' title='bbox 600 2331 667 2355; x_wconf 90' lang='lat' dir='ltr'>eos</span> <span class='ocrx_word' id='word_1_305' title='bbox 687 2317 750 2368; x_wconf 91' lang='lat' dir='ltr'>qui</span> <span class='ocrx_word' id='word_1_306' title='bbox 771 2317 831 2355; x_wconf 85' lang='lat' dir='ltr'>vel</span> <span class='ocrx_word' id='word_1_307' title='bbox 853 2317 1034 2355; x_wconf 89' lang='lat' dir='ltr'>mediocri</span> <span class='ocrx_word' id='word_1_308' title='bbox 1056 2324 1149 2354; x_wconf 86' lang='lat' dir='ltr'>sunt</span> <span class='ocrx_word' id='word_1_309' title='bbox 1168 2317 1322 2367; x_wconf 79' lang='lat' dir='ltr'>ingenio</span> <span class='ocrx_word' id='word_1_310' title='bbox 1348 2329 1455 2367; x_wconf 84' lang='lat' dir='ltr'>spem</span> <span class='ocrx_word' id='word_1_311' title='bbox 1478 2315 1614 2353; x_wconf 87' lang='lat' dir='ltr'>salutis</span> <span class='ocrx_word' id='word_1_312' title='bbox 1634 2329 1712 2354; x_wconf 88' lang='lat' dir='ltr'>non</span> <span class='ocrx_word' id='word_1_313' title='bbox 1734 2316 1773 2354; x_wconf 90' lang='lat' dir='ltr'>in</span> 
     </span>
     <span class='ocr_line' id='line_1_36' title="bbox 299 2377 1772 2429; baseline -0.003 -11"><span class='ocrx_word' id='word_1_314' title='bbox 299 2380 469 2418; x_wconf 89' lang='lat' dir='ltr'>hostium</span> <span class='ocrx_word' id='word_1_315' title='bbox 492 2379 643 2426; x_wconf 88' lang='lat' dir='ltr'>erratis,</span> <span class='ocrx_word' id='word_1_316' title='bbox 660 2379 728 2416; x_wconf 91' lang='lat' dir='ltr'>sed</span> <span class='ocrx_word' id='word_1_317' title='bbox 749 2379 785 2416; x_wconf 91' lang='lat' dir='ltr'>in</span> <span class='ocrx_word' id='word_1_318' title='bbox 807 2386 910 2416; x_wconf 88' lang='lat' dir='ltr'>recte</span> <span class='ocrx_word' id='word_1_319' title='bbox 928 2378 1040 2416; x_wconf 89' lang='lat' dir='ltr'>factis</span> <span class='ocrx_word' id='word_1_320' title='bbox 1058 2378 1310 2429; x_wconf 90' lang='lat' dir='ltr'>consiliisque</span> <span class='ocrx_word' id='word_1_321' title='bbox 1327 2378 1407 2415; x_wconf 92' lang='lat' dir='ltr'>suis</span> <span class='ocrx_word' id='word_1_322' title='bbox 1421 2377 1636 2416; x_wconf 88' lang='lat' dir='ltr'>collocare:</span> <span class='ocrx_word' id='word_1_323' title='bbox 1668 2389 1772 2423; x_wconf 89' lang='lat' dir='ltr'>nam,</span> 
     </span>
     <span class='ocr_line' id='line_1_37' title="bbox 300 2440 1773 2492; baseline -0.001 -12"><span class='ocrx_word' id='word_1_324' title='bbox 300 2455 388 2492; x_wconf 88' lang='lat' dir='ltr'>quae</span> <span class='ocrx_word' id='word_1_325' title='bbox 404 2441 609 2480; x_wconf 78' lang='lat' dir='ltr'>commoda</span> <span class='ocrx_word' id='word_1_326' title='bbox 624 2454 672 2479; x_wconf 88' lang='lat' dir='ltr'>ex</span> <span class='ocrx_word' id='word_1_327' title='bbox 689 2440 996 2478; x_wconf 86' lang='lat' dir='ltr'>adversariorum</span> <span class='ocrx_word' id='word_1_328' title='bbox 1018 2440 1171 2478; x_wconf 86' lang='lat' dir='ltr'>inscitia</span> <span class='ocrx_word' id='word_1_329' title='bbox 1190 2441 1380 2491; x_wconf 85' lang='lat' dir='ltr'>capimus,</span> <span class='ocrx_word' id='word_1_330' title='bbox 1398 2453 1444 2477; x_wconf 83' lang='lat' dir='ltr'>ea</span> <span class='ocrx_word' id='word_1_331' title='bbox 1463 2440 1626 2477; x_wconf 86' lang='lat' dir='ltr'>fortasse</span> <span class='ocrx_word' id='word_1_332' title='bbox 1647 2453 1773 2490; x_wconf 87' lang='lat' dir='ltr'>neque</span> 
     </span>
     <span class='ocr_line' id='line_1_38' title="bbox 299 2501 1772 2554; baseline -0.001 -13"><span class='ocrx_word' id='word_1_333' title='bbox 299 2504 366 2541; x_wconf 89' lang='lat' dir='ltr'>diu</span> <span class='ocrx_word' id='word_1_334' title='bbox 385 2504 574 2542; x_wconf 86' lang='lat' dir='ltr'>duratura</span> <span class='ocrx_word' id='word_1_335' title='bbox 598 2516 724 2553; x_wconf 90' lang='lat' dir='ltr'>neque</span> <span class='ocrx_word' id='word_1_336' title='bbox 749 2502 973 2540; x_wconf 89' lang='lat' dir='ltr'>uniusmodi</span> <span class='ocrx_word' id='word_1_337' title='bbox 1001 2516 1155 2554; x_wconf 86' lang='lat' dir='ltr'>semper</span> <span class='ocrx_word' id='word_1_338' title='bbox 1179 2502 1310 2540; x_wconf 85' lang='lat' dir='ltr'>futura.</span> <span class='ocrx_word' id='word_1_339' title='bbox 1339 2508 1445 2546; x_wconf 90' lang='lat' dir='ltr'>sunt,</span> <span class='ocrx_word' id='word_1_340' title='bbox 1467 2501 1572 2552; x_wconf 91' lang='lat' dir='ltr'>quod</span> <span class='ocrx_word' id='word_1_341' title='bbox 1598 2509 1728 2539; x_wconf 89' lang='lat' dir='ltr'>autem</span> <span class='ocrx_word' id='word_1_342' title='bbox 1749 2513 1772 2540; x_wconf 85' lang='lat' dir='ltr'>a</span> 
     </span>
     <span class='ocr_line' id='line_1_39' title="bbox 300 2562 1675 2616; baseline -0.004 -11"><span class='ocrx_word' id='word_1_343' title='bbox 300 2566 412 2605; x_wconf 85' lang='lat' dir='ltr'>nobis</span> <span class='ocrx_word' id='word_1_344' title='bbox 434 2565 526 2616; x_wconf 89' lang='lat' dir='ltr'>ipsis</span> <span class='ocrx_word' id='word_1_345' title='bbox 548 2564 806 2616; x_wconf 85' lang='lat' dir='ltr'>proficiscitur</span> <span class='ocrx_word' id='word_1_346' title='bbox 827 2564 938 2601; x_wconf 91' lang='lat' dir='ltr'>solidi</span> <span class='ocrx_word' id='word_1_347' title='bbox 961 2563 1105 2613; x_wconf 85' lang='lat' dir='ltr'>aliquid</span> <span class='ocrx_word' id='word_1_348' title='bbox 1128 2563 1246 2601; x_wconf 84' lang='lat' dir='ltr'>habe-t</span> <span class='ocrx_word' id='word_1_349' title='bbox 1266 2570 1304 2601; x_wconf 91' lang='lat' dir='ltr'>et</span> <span class='ocrx_word' id='word_1_350' title='bbox 1323 2563 1409 2614; x_wconf 87' lang='lat' dir='ltr'>plus</span> <span class='ocrx_word' id='word_1_351' title='bbox 1430 2562 1675 2600; x_wconf 88' lang='lat' dir='ltr'>constantiae.</span> 
     </span>
    </p>

    <p class='ocr_par' dir='ltr' id='par_1_4' title="bbox 300 2624 1772 2986">
     <span class='ocr_line' id='line_1_40' title="bbox 359 2624 1772 2677; baseline -0.002 -12"><span class='ocrx_word' id='word_1_352' title='bbox 359 2629 421 2665; x_wconf 81' lang='lat'>19.</span> <span class='ocrx_word' id='word_1_353' title='bbox 452 2629 509 2665; x_wconf 90' lang='lat' dir='ltr'>Ac</span> <span class='ocrx_word' id='word_1_354' title='bbox 530 2641 597 2665; x_wconf 88' lang='lat' dir='ltr'>eos</span> <span class='ocrx_word' id='word_1_355' title='bbox 619 2626 777 2677; x_wconf 89' lang='lat' dir='ltr'>quidem</span> <span class='ocrx_word' id='word_1_356' title='bbox 805 2625 972 2664; x_wconf 87' lang='lat' dir='ltr'>refutare</span> <span class='ocrx_word' id='word_1_357' title='bbox 992 2625 1058 2675; x_wconf 86' lang='lat' dir='ltr'>qui</span> <span class='ocrx_word' id='word_1_358' title='bbox 1086 2625 1191 2662; x_wconf 84' lang='lat' dir='ltr'>dicta.</span> <span class='ocrx_word' id='word_1_359' title='bbox 1213 2632 1345 2663; x_wconf 89' lang='lat' dir='ltr'>nostra</span> <span class='ocrx_word' id='word_1_360' title='bbox 1371 2632 1514 2661; x_wconf 87' lang='lat' dir='ltr'>temere</span> <span class='ocrx_word' id='word_1_361' title='bbox 1542 2624 1772 2662; x_wconf 84' lang='lat' dir='ltr'>cavillantur</span> 
     </span>
     <span class='ocr_line' id='line_1_41' title="bbox 301 2684 1772 2738; baseline -0.001 -12"><span class='ocrx_word' id='word_1_362' title='bbox 301 2688 458 2726; x_wconf 85' lang='lat' dir='ltr'>difficile</span> <span class='ocrx_word' id='word_1_363' title='bbox 477 2701 554 2727; x_wconf 87' lang='lat' dir='ltr'>non</span> <span class='ocrx_word' id='word_1_364' title='bbox 572 2695 655 2726; x_wconf 88' lang='lat' dir='ltr'>est:</span> <span class='ocrx_word' id='word_1_365' title='bbox 686 2688 716 2726; x_wconf 83' lang='lat' dir='ltr'>si</span> <span class='ocrx_word' id='word_1_366' title='bbox 734 2687 820 2738; x_wconf 88' lang='lat' dir='ltr'>quis</span> <span class='ocrx_word' id='word_1_367' title='bbox 837 2694 966 2724; x_wconf 78' lang='lat' dir='ltr'>autem</span> <span class='ocrx_word' id='word_1_368' title='bbox 985 2686 1103 2737; x_wconf 88' lang='lat' dir='ltr'>paulo</span> <span class='ocrx_word' id='word_1_369' title='bbox 1121 2686 1269 2736; x_wconf 88' lang='lat' dir='ltr'>aequior</span> <span class='ocrx_word' id='word_1_370' title='bbox 1285 2699 1346 2724; x_wconf 89' lang='lat' dir='ltr'>me</span> <span class='ocrx_word' id='word_1_371' title='bbox 1362 2699 1453 2723; x_wconf 83' lang='lat' dir='ltr'>vera</span> <span class='ocrx_word' id='word_1_372' title='bbox 1469 2684 1625 2735; x_wconf 87' lang='lat' dir='ltr'>quidem</span> <span class='ocrx_word' id='word_1_373' title='bbox 1643 2685 1772 2724; x_wconf 86' lang='lat' dir='ltr'>dicere</span> 
     </span>
     <span class='ocr_line' id='line_1_42' title="bbox 301 2747 1772 2801; baseline -0.001 -14"><span class='ocrx_word' id='word_1_374' title='bbox 301 2763 374 2788; x_wconf 91' lang='lat' dir='ltr'>nec</span> <span class='ocrx_word' id='word_1_375' title='bbox 395 2749 534 2801; x_wconf 88' lang='lat' dir='ltr'>injuria</span> <span class='ocrx_word' id='word_1_376' title='bbox 554 2748 834 2800; x_wconf 84' lang='lat' dir='ltr'>reprehendere</span> <span class='ocrx_word' id='word_1_377' title='bbox 855 2761 900 2785; x_wconf 90' lang='lat' dir='ltr'>ea</span> <span class='ocrx_word' id='word_1_378' title='bbox 920 2762 1009 2799; x_wconf 77' lang='lat' dir='ltr'>quae</span> <span class='ocrx_word' id='word_1_379' title='bbox 1029 2748 1126 2785; x_wconf 89' lang='lat' dir='ltr'>fiunt</span> <span class='ocrx_word' id='word_1_380' title='bbox 1146 2748 1396 2792; x_wconf 86' lang='lat' dir='ltr'>assentiatur,</span> <span class='ocrx_word' id='word_1_381' title='bbox 1417 2747 1487 2784; x_wconf 90' lang='lat' dir='ltr'>sed</span> <span class='ocrx_word' id='word_1_382' title='bbox 1508 2760 1661 2796; x_wconf 85' lang='lat' dir='ltr'>aequum</span> <span class='ocrx_word' id='word_1_383' title='bbox 1685 2760 1772 2785; x_wconf 86' lang='lat' dir='ltr'>esse</span> 
     </span>
     <span class='ocr_line' id='line_1_43' title="bbox 302 2809 1771 2861; baseline -0.002 -12"><span class='ocrx_word' id='word_1_384' title='bbox 302 2812 408 2850; x_wconf 83' lang='lat' dir='ltr'>dicat</span> <span class='ocrx_word' id='word_1_385' title='bbox 426 2824 492 2849; x_wconf 89' lang='lat' dir='ltr'>eos</span> <span class='ocrx_word' id='word_1_386' title='bbox 512 2811 577 2861; x_wconf 91' lang='lat' dir='ltr'>qui</span> <span class='ocrx_word' id='word_1_387' title='bbox 599 2824 647 2849; x_wconf 89' lang='lat' dir='ltr'>ex</span> <span class='ocrx_word' id='word_1_388' title='bbox 667 2811 796 2848; x_wconf 84' lang='lat' dir='ltr'>animo</span> <span class='ocrx_word' id='word_1_389' title='bbox 822 2811 1042 2848; x_wconf 88' lang='lat' dir='ltr'>consultum</span> <span class='ocrx_word' id='word_1_390' title='bbox 1070 2809 1153 2847; x_wconf 84' lang='lat' dir='ltr'>aliis</span> <span class='ocrx_word' id='word_1_391' title='bbox 1176 2809 1294 2847; x_wconf 90' lang='lat' dir='ltr'>velint</span> <span class='ocrx_word' id='word_1_392' title='bbox 1320 2822 1395 2846; x_wconf 93' lang='lat' dir='ltr'>non</span> <span class='ocrx_word' id='word_1_393' title='bbox 1423 2815 1574 2845; x_wconf 89' lang='lat' dir='ltr'>tantum</span> <span class='ocrx_word' id='word_1_394' title='bbox 1594 2816 1678 2846; x_wconf 85' lang='lat' dir='ltr'>acta</span> <span class='ocrx_word' id='word_1_395' title='bbox 1700 2809 1771 2846; x_wconf 91' lang='lat' dir='ltr'>im-</span> 
     </span>
     <span class='ocr_line' id='line_1_44' title="bbox 300 2869 1772 2924; baseline -0.003 -13"><span class='ocrx_word' id='word_1_396' title='bbox 300 2873 480 2924; x_wconf 81' lang='lat' dir='ltr'>probare,</span> <span class='ocrx_word' id='word_1_397' title='bbox 503 2872 572 2910; x_wconf 90' lang='lat' dir='ltr'>sed</span> <span class='ocrx_word' id='word_1_398' title='bbox 595 2873 710 2909; x_wconf 86' lang='lat' dir='ltr'>etiam</span> <span class='ocrx_word' id='word_1_399' title='bbox 733 2885 890 2910; x_wconf 91' lang='lat' dir='ltr'>monere</span> <span class='ocrx_word' id='word_1_400' title='bbox 910 2885 999 2922; x_wconf 88' lang='lat' dir='ltr'>quae</span> <span class='ocrx_word' id='word_1_401' title='bbox 1025 2871 1210 2922; x_wconf 83' lang='lat' dir='ltr'>fugienda.</span> <span class='ocrx_word' id='word_1_402' title='bbox 1228 2884 1316 2922; x_wconf 88' lang='lat' dir='ltr'>quae</span> <span class='ocrx_word' id='word_1_403' title='bbox 1336 2869 1539 2921; x_wconf 86' lang='lat' dir='ltr'>sequenda</span> <span class='ocrx_word' id='word_1_404' title='bbox 1559 2870 1636 2908; x_wconf 89' lang='lat' dir='ltr'>sint</span> <span class='ocrx_word' id='word_1_405' title='bbox 1657 2877 1698 2908; x_wconf 90' lang='lat' dir='ltr'>ut</span> <span class='ocrx_word' id='word_1_406' title='bbox 1717 2870 1772 2911; x_wconf 77' lang='lat' dir='ltr'>ita</span> 
     </span>
     <span class='ocr_line' id='line_1_45' title="bbox 301 2930 1769 2986; baseline -0.003 -13"><span class='ocrx_word' id='word_1_407' title='bbox 301 2935 441 2973; x_wconf 84' lang='lat' dir='ltr'>sentire</span> <span class='ocrx_word' id='word_1_408' title='bbox 457 2940 496 2971; x_wconf 93' lang='lat' dir='ltr'>et</span> <span class='ocrx_word' id='word_1_409' title='bbox 514 2933 565 2972; x_wconf 86' lang='lat' dir='ltr'>ad</span> <span class='ocrx_word' id='word_1_410' title='bbox 585 2933 691 2971; x_wconf 91' lang='lat' dir='ltr'>hunc</span> <span class='ocrx_word' id='word_1_411' title='bbox 713 2933 867 2972; x_wconf 83' lang='lat' dir='ltr'>modum</span> <span class='ocrx_word' id='word_1_412' title='bbox 888 2933 1111 2986; x_wconf 85' lang='lat' dir='ltr'>delinquere</span> <span class='ocrx_word' id='word_1_413' title='bbox 1128 2933 1365 2979; x_wconf 88' lang='lat' dir='ltr'>desinamus,</span> <span class='ocrx_word' id='word_1_414' title='bbox 1384 2931 1467 2983; x_wconf 84' lang='lat' dir='ltr'>ejus</span> <span class='ocrx_word' id='word_1_415' title='bbox 1489 2931 1611 2970; x_wconf 85' lang='lat' dir='ltr'>oratio</span> <span class='ocrx_word' id='word_1_416' title='bbox 1631 2944 1707 2969; x_wconf 88' lang='lat' dir='ltr'>non</span> <span class='ocrx_word' id='word_1_417' title='bbox 1730 2930 1769 2976; x_wconf 75' lang='lat' dir='ltr'>id</span> 
     </span>
    </p>
   </div>
  </div>
 </body>
</html>
