1870 3277
565 161 788 200 CONTRA
818 162 1254 201 DEMOSTHENEM.
1547 166 1624 202 435

186 259 351 297 Graeciae
369 266 517 310 pestem
537 263 628 300 urbe
648 262 909 306 exterminare,
930 275 974 299 ac
994 262 1073 312 pati
1089 263 1280 300 fortunam
1297 262 1400 300 urbis
1419 263 1622 309 immutari,

185 328 301 372 atque
321 331 543 372 exspectare
563 323 594 360 si
613 323 696 361 haec
714 323 807 360 fiant
823 323 904 360 fore
924 329 966 360 ut
979 323 1113 360 melius
1132 336 1218 360 curn
1239 324 1435 374 republica
1449 332 1597 376 agatur.

243 383 301 419 13.
333 383 490 430 Audite,
509 383 776 429 Athenienses,
801 382 896 420 illud
922 383 1034 420 etiarn
1061 383 1255 420 decretum
1284 384 1464 434 scripturn
1495 398 1517 422 a
1542 385 1623 423 De-

182 443 396 490 mosthene,
415 444 518 493 quod
538 445 689 482 turbata
708 443 898 494 republica
915 451 1003 494 post
1023 443 1321 481 Chaeronensem
1340 457 1508 495 pugnam
1532 446 1622 484 fecit

182 505 374 555 popularis
402 505 486 550 iste,
505 512 542 543 et
570 505 764 543 oraculum
786 505 889 555 quod
916 505 1070 543 allatum
1097 512 1156 544 est
1181 505 1348 543 Dodona
1372 520 1395 544 a
1420 507 1622 545 Dodonaeo

181 567 303 605 Jove:
333 568 531 619 perspicue
551 568 843 617 namquevobis
863 567 950 604 olim
971 567 1159 618 praedixit,
1179 567 1371 605 cavendos
1395 580 1481 606 esse
1501 568 1620 606 duces

182 635 220 666 et
239 636 450 668 senatores.
508 629 644 666 Recita
662 628 860 665 oraculum
880 629 917 665 in
937 628 1080 679 primis.

739 736 1056 775 ORACULUM.

181 814 314 852 Recita
332 828 421 865 ergo
440 816 611 865 pulcrum
634 816 827 854 decretum
848 815 970 852 istius.

688 915 924 953 DECRETI
956 914 1108 953 PARS.

177 991 376 1043 Popularis
404 993 579 1031 nimirum
608 1000 667 1031 est
691 994 754 1044 qui
783 1006 837 1039 se,
863 1005 1002 1043 nempe
1024 993 1143 1030 virum
1169 992 1305 1030 fortem
1332 983 1615 1040 et'animosum‚

175 1053 273 1091 inter
300 1060 465 1091 armatos
493 1055 643 1100 referat,
671 1067 766 1105 quos
793 1067 883 1092 vero
909 1054 1047 1091 civium
1075 1054 1155 1104 ipse
1181 1054 1415 1104 improbarit,
1443 1055 1492 1092 ad
1520 1068 1615 1106 opus

176 1114 394 1151 faciendum
414 1115 514 1152 abire
529 1114 678 1165 jubeat,
693 1122 731 1152 et
749 1115 779 1153 si
797 1114 887 1165 quid
908 1114 1010 1152 aliud
1025 1114 1097 1165 ipsi
1111 1115 1213 1152 factu
1230 1114 1472 1153 commodum
1486 1116 1615 1154 videa-

176 1182 248 1221 tur,
267 1176 307 1213 id
327 1175 467 1214 scribat
485 1189 567 1214 esse
587 1176 815 1214 faciendum.
873 1176 1009 1214 Recita
1027 1175 1185 1226 reliqua.

613 1286 899 1330 RELIQUUM
930 1285 1179 1324 DECRETI.

176 1361 326 1399 Auditis
351 1362 512 1412 judices.
568 1363 682 1400 Abire
711 1364 821 1413 jubet
850 1363 1045 1400 decretum
1076 1363 1247 1401 delectos
1279 1363 1443 1414 legatos.
1502 1364 1614 1402 Post-

174 1434 288 1471 quam
314 1429 441 1459 autem
467 1423 538 1460 iste
561 1423 703 1460 audivit
724 1431 814 1473 post
832 1423 1128 1462 Chaeronensem
1148 1438 1316 1475 pugnam
1339 1425 1557 1477 Philippum
1576 1427 1614 1463 in

174 1495 307 1532 agrum
327 1489 494 1520 nostrum
507 1484 794 1534 impressionem
815 1484 1020 1529 facturum,
1041 1484 1121 1536 ipse
1143 1485 1215 1522 sibi
1233 1485 1462 1536 legationem
1483 1487 1615 1525 decre-

173 1544 240 1587 vit,
268 1551 310 1581 ut
334 1558 379 1582 ex
407 1545 498 1581 urbe
536 1545 748 1595 aufugeret,
778 1553 865 1583 octo
900 1546 1053 1584 talentis
1081 1546 1245 1596 publicae
1273 1548 1446 1597 pecuniae
1473 1561 1615 1586 conva-

175 1605 281 1649 satis,
314 1604 495 1655 nullaque
527 1606 656 1643 habita
689 1606 833 1644 ratione
865 1606 1002 1657 inopiae
1033 1614 1114 1644 tum
1148 1609 1333 1658 urgentis,
1363 1622 1450 1646 cum
1487 1610 1614 1648 caeteri

174 1678 303 1704 omnes
322 1666 369 1704 de
390 1679 460 1704 suo
479 1667 706 1716 largirentur
728 1667 777 1704 ad
803 1668 985 1705 tuendam
1009 1668 1170 1706 salutem
1192 1676 1370 1707 vestram.
1426 1671 1528 1708 Talis
1554 1679 1614 1709 est

172 1727 409 1765 consiliarius
428 1727 498 1765 iste
514 1734 652 1773 vester,
670 1740 717 1765 ac
733 1728 829 1766 duas
843 1729 913 1766 has
931 1729 1030 1767 solas
1047 1730 1370 1780 peregrinationes
1384 1744 1611 1782 peromnem

173 1795 325 1826 aetatem
356 1789 537 1840 suscepit,
560 1796 649 1839 post
673 1802 841 1839 pugnam
873 1802 960 1827 cum
988 1803 1033 1827 ex
1060 1791 1153 1828 urbe
1180 1790 1342 1840 aufugit,
1369 1798 1408 1829 et
1433 1805 1534 1830 nunc
1561 1793 1608 1830 ad

172 1848 402 1899 Olympiam,
416 1858 663 1900 posteaquam
682 1862 770 1887 cum
792 1849 980 1887 Nicanore
1000 1850 1117 1887 fretus
1137 1851 1226 1888 festi
1245 1851 1472 1890 solennitate
1491 1853 1610 1891 collo·

169 1913 234 1963 qui
257 1913 388 1950 voluit.
446 1912 672 1951 Consulturn
701 1912 871 1962 profecto
895 1912 1006 1950 fuerit
1032 1912 1146 1963 hujus
1174 1913 1264 1950 fidei
1296 1914 1429 1952 urbem
1456 1915 1608 1953 credere

169 1981 209 2011 et
239 1974 475 2012 committere
503 1986 570 2011 vos
600 1973 807 2023 periculum
837 1972 1020 2017 adituros,
1050 1974 1130 2023 qui,
1157 1974 1314 2024 quando
1342 1987 1427 2013 cum
1457 1975 1609 2026 reliquis

169 2044 304 2074 eontra
328 2037 456 2075 hostes
482 2036 731 2088 pugnandum
756 2036 840 2082 fuit,
859 2036 1055 2074 ordinibus
1082 2037 1240 2075 desertis
1270 2037 1424 2075 domum
1454 2038 1608 2090 refugit,

169 2099 324 2148 quando
351 2106 480 2136 autem
508 2098 609 2136 domi
639 2097 887 2148 pugnandum
918 2098 988 2135 fuit
1020 2111 1097 2136 una
1126 2111 1215 2136 cum
1243 2100 1404 2145 caeteris‚
1432 2099 1513 2150 ipse
1537 2113 1607 2138 suo

167 2159 348 2209 suffragio
376 2159 524 2209 legatus
555 2159 778 2209 designatus
807 2158 973 2196 excessit
1002 2166 1117 2209 atque
1142 2172 1189 2196 ex
1213 2160 1305 2198 urbe
1331 2160 1491 2211 aufugit,
1518 2174 1604 2198 cum

166 2232 278 2271 porro
295 2220 437 2271 legatio
456 2220 504 2258 de
522 2232 616 2271 pace
634 2218 811 2270 obeunda
829 2226 941 2264 esset,
956 2221 1110 2270 negavit
1125 2232 1166 2258 se
1182 2220 1242 2257 vel
1257 2220 1377 2259 altero
1395 2221 1493 2272 pede
1512 2222 1605 2259 urbe

168 2293 425 2325 excessurum,
450 2293 537 2318 cum
566 2287 694 2317 autem
721 2279 939 2316 Alexander
965 2279 1116 2317 exsules
1141 2292 1320 2318 revocare
1349 2281 1536 2320 diceretur
1567 2289 1606 2319 et

169 2341 338 2380 Nicanor
356 2342 570 2392 Olympiam
590 2340 770 2386 venisset,
787 2340 957 2390 legatum
978 2340 1231 2379 sacrificulum
1256 2343 1404 2380 senatui
1428 2355 1511 2380 sese
1537 2343 1605 2380 ob-

168 2402 267 2440 tulit.
324 2402 430 2440 Talis
457 2403 528 2441 iste
555 2408 628 2447 est,
647 2403 684 2439 in
709 2401 848 2452 praeliis
877 2407 1006 2439 custos
1033 2402 1187 2447 aedium,
1207 2402 1306 2440 inter
1328 2416 1392 2441 eos
1413 2403 1475 2453 qui
1503 2403 1605 2441 domi

169 2471 324 2501 manent
342 2464 506 2515 legatus,
525 2464 624 2501 inter
642 2463 792 2513 legatos
810 2462 990 2512 fugitivus
1007 2469 1079 2500 est.

225 2526 286 2563 14.
317 2525 466 2569 Recita,
487 2525 600 2563 etiam
625 2524 821 2562 decretum
841 2523 890 2560 de
912 2523 1201 2573 investigatione
1220 2523 1478 2573 pecuniarum,
1500 2524 1605 2573 quod

170 2586 297 2624 retulit
323 2586 604 2624 Demosthenes
633 2585 779 2622 senatui
800 2583 1068 2634 Areopagitico
1099 2584 1146 2621 de
1176 2596 1257 2621 sese
1288 2591 1326 2622 et
1350 2584 1466 2629 vobis,
1492 2591 1534 2621 ut
1561 2584 1606 2622 iis

170 2647 265 2684 inter
283 2660 323 2685 se
342 2647 492 2685 collatis
511 2646 672 2685 videatis
692 2646 968 2684 Demosthenis
987 2644 1308 2696 desperationem.

732 2744 1046 2784 DECRETUM.

168 2827 275 2864 Tune
308 2824 408 2863 istud
435 2825 629 2875 scripsisti,
656 2821 965 2863 Demosthenes?
1022 2822 1239 2872 Scripsisti:
1270 2822 1416 2860 inficias
1449 2824 1499 2860 ire
1529 2835 1603 2860 non

167 2892 288 2940 potes.
346 2886 446 2923 Data
483 2892 542 2923 est
575 2887 721 2923 senatui
761 2883 965 2922 auctoritas
1005 2895 1049 2920 ex
1087 2883 1211 2921 edicto
1245 2883 1339 2921 tuo?
1397 2884 1497 2922 Data
1530 2891 1601 2921 est.
