<?xml version="1.0" encoding="UTF-8"?>
<!DOCTYPE html PUBLIC "-//W3C//DTD XHTML 1.0 Transitional//EN"
    "http://www.w3.org/TR/xhtml1/DTD/xhtml1-transitional.dtd">
<html xmlns="http://www.w3.org/1999/xhtml" xml:lang="en" lang="en">
 <head>
  <title>
</title>
<meta http-equiv="Content-Type" content="text/html;charset=utf-8" />
  <meta name='ocr-system' content='tesseract 3.04.00' />
  <meta name='ocr-capabilities' content='ocr_page ocr_carea ocr_par ocr_line ocrx_word'/>
</head>
<body>
  <div class='ocr_page' id='page_1' title='image "./oratoresatticie14dobs_0045.png"; bbox 0 0 1870 3277; ppageno 0'>
   <div class='ocr_carea' id='block_1_1' title="bbox 682 172 1619 216">
    <p class='ocr_par' dir='ltr' id='par_1_1' title="bbox 682 172 1619 216">
     <span class='ocr_line' id='line_1_1' title="bbox 682 172 1619 216; baseline -0.009 0"><span class='ocrx_word' id='word_1_1' title='bbox 682 177 1089 216; x_wconf 86' lang='lat' dir='ltr'><strong>PANEGYRICUS.</strong></span> <span class='ocrx_word' id='word_1_2' title='bbox 1570 172 1619 208; x_wconf 87' lang='grc'>33</span> 
     </span>
    </p>
   </div>
   <div class='ocr_carea' id='block_1_2' title="bbox 138 272 1622 3027">
    <p class='ocr_par' dir='ltr' id='par_1_2' title="bbox 151 272 1622 450">
     <span class='ocr_line' id='line_1_2' title="bbox 153 272 1621 329; baseline -0.004 -15"><span class='ocrx_word' id='word_1_3' title='bbox 153 277 306 315; x_wconf 86' lang='lat' dir='ltr'>laudem</span> <span class='ocrx_word' id='word_1_4' title='bbox 327 286 367 316; x_wconf 87' lang='lat' dir='ltr'>et</span> <span class='ocrx_word' id='word_1_5' title='bbox 399 279 557 329; x_wconf 83' lang='lat' dir='ltr'>praemia</span> <span class='ocrx_word' id='word_1_6' title='bbox 588 285 822 322; x_wconf 86' lang='lat' dir='ltr'>meruerunt,</span> <span class='ocrx_word' id='word_1_7' title='bbox 846 290 973 328; x_wconf 90' lang='lat' dir='ltr'>neque</span> <span class='ocrx_word' id='word_1_8' title='bbox 1006 277 1129 314; x_wconf 88' lang='lat' dir='ltr'>multo</span> <span class='ocrx_word' id='word_1_9' title='bbox 1160 281 1246 326; x_wconf 86' lang='lat' dir='ltr'>post</span> <span class='ocrx_word' id='word_1_10' title='bbox 1275 274 1389 312; x_wconf 88' lang='lat' dir='ltr'>maris</span> <span class='ocrx_word' id='word_1_11' title='bbox 1421 272 1621 323; x_wconf 87' lang='lat' dir='ltr'>imperium</span> 
     </span>
     <span class='ocr_line' id='line_1_3' title="bbox 153 333 1622 389; baseline -0.003 -14"><span class='ocrx_word' id='word_1_12' title='bbox 153 345 245 376; x_wconf 87' lang='lat' dir='ltr'>sunt</span> <span class='ocrx_word' id='word_1_13' title='bbox 262 339 408 389; x_wconf 85' lang='lat' dir='ltr'>adepti,</span> <span class='ocrx_word' id='word_1_14' title='bbox 428 347 468 378; x_wconf 87' lang='lat' dir='ltr'>et</span> <span class='ocrx_word' id='word_1_15' title='bbox 487 340 658 378; x_wconf 89' lang='lat' dir='ltr'>delatum</span> <span class='ocrx_word' id='word_1_16' title='bbox 680 352 702 377; x_wconf 90' lang='lat' dir='ltr'>a</span> <span class='ocrx_word' id='word_1_17' title='bbox 723 339 874 376; x_wconf 80' lang='lat' dir='ltr'>Graecis</span> <span class='ocrx_word' id='word_1_18' title='bbox 895 339 1059 383; x_wconf 86' lang='lat' dir='ltr'>caeteris,</span> <span class='ocrx_word' id='word_1_19' title='bbox 1081 346 1120 376; x_wconf 92' lang='lat' dir='ltr'>et</span> <span class='ocrx_word' id='word_1_20' title='bbox 1138 337 1222 376; x_wconf 87' lang='lat' dir='ltr'>istis</span> <span class='ocrx_word' id='word_1_21' title='bbox 1244 336 1309 387; x_wconf 88' lang='lat' dir='ltr'>qui</span> <span class='ocrx_word' id='word_1_22' title='bbox 1329 347 1432 372; x_wconf 88' lang='lat' dir='ltr'>nunc</span> <span class='ocrx_word' id='word_1_23' title='bbox 1452 334 1491 373; x_wconf 92' lang='lat' dir='ltr'>id</span> <span class='ocrx_word' id='word_1_24' title='bbox 1511 333 1622 372; x_wconf 87' lang='lat' dir='ltr'>nobis</span> 
     </span>
     <span class='ocr_line' id='line_1_4' title="bbox 151 400 904 450; baseline -0.003 -12"><span class='ocrx_word' id='word_1_25' title='bbox 151 401 299 450; x_wconf 88' lang='lat' dir='ltr'>eripere</span> <span class='ocrx_word' id='word_1_26' title='bbox 320 400 481 439; x_wconf 88' lang='lat' dir='ltr'>student</span> <span class='ocrx_word' id='word_1_27' title='bbox 497 414 573 439; x_wconf 92' lang='lat' dir='ltr'>non</span> <span class='ocrx_word' id='word_1_28' title='bbox 591 400 904 439; x_wconf 86' lang='lat' dir='ltr'>adversantibus.</span> 
     </span>
    </p>

    <p class='ocr_par' dir='ltr' id='par_1_3' title="bbox 146 455 1621 1190">
     <span class='ocr_line' id='line_1_5' title="bbox 206 455 1620 513; baseline -0.004 -16"><span class='ocrx_word' id='word_1_29' title='bbox 206 463 271 498; x_wconf 88' lang='lat'>21.</span> <span class='ocrx_word' id='word_1_30' title='bbox 303 462 440 513; x_wconf 85' lang='lat' dir='ltr'>Neque</span> <span class='ocrx_word' id='word_1_31' title='bbox 478 475 567 501; x_wconf 88' lang='lat' dir='ltr'>vero</span> <span class='ocrx_word' id='word_1_32' title='bbox 599 474 659 498; x_wconf 88' lang='lat' dir='ltr'>me</span> <span class='ocrx_word' id='word_1_33' title='bbox 694 462 901 512; x_wconf 88' lang='lat' dir='ltr'>quisquam</span> <span class='ocrx_word' id='word_1_34' title='bbox 936 461 1113 511; x_wconf 84' lang='lat' dir='ltr'>ignorare</span> <span class='ocrx_word' id='word_1_35' title='bbox 1145 464 1256 509; x_wconf 89' lang='lat' dir='ltr'>putet</span> <span class='ocrx_word' id='word_1_36' title='bbox 1285 457 1401 495; x_wconf 87' lang='lat' dir='ltr'>etiam</span> <span class='ocrx_word' id='word_1_37' title='bbox 1436 455 1620 494; x_wconf 87' lang='lat' dir='ltr'>Lacedae-</span> 
     </span>
     <span class='ocr_line' id='line_1_6' title="bbox 151 517 1620 573; baseline -0.005 -13"><span class='ocrx_word' id='word_1_38' title='bbox 151 523 300 561; x_wconf 87' lang='lat' dir='ltr'>monios</span> <span class='ocrx_word' id='word_1_39' title='bbox 318 525 389 561; x_wconf 90' lang='lat' dir='ltr'>sub</span> <span class='ocrx_word' id='word_1_40' title='bbox 409 524 477 561; x_wconf 90' lang='lat' dir='ltr'>illa</span> <span class='ocrx_word' id='word_1_41' title='bbox 494 530 668 573; x_wconf 85' lang='lat' dir='ltr'>tempora</span> <span class='ocrx_word' id='word_1_42' title='bbox 688 522 810 560; x_wconf 87' lang='lat' dir='ltr'>multa</span> <span class='ocrx_word' id='word_1_43' title='bbox 830 523 869 559; x_wconf 87' lang='lat' dir='ltr'>in</span> <span class='ocrx_word' id='word_1_44' title='bbox 890 521 1056 559; x_wconf 87' lang='lat' dir='ltr'>Graecos</span> <span class='ocrx_word' id='word_1_45' title='bbox 1075 519 1266 559; x_wconf 88' lang='lat' dir='ltr'>beneficia</span> <span class='ocrx_word' id='word_1_46' title='bbox 1285 517 1519 557; x_wconf 86' lang='lat' dir='ltr'>contulisse:</span> <span class='ocrx_word' id='word_1_47' title='bbox 1550 517 1620 554; x_wconf 90' lang='lat' dir='ltr'>sed</span> 
     </span>
     <span class='ocr_line' id='line_1_7' title="bbox 149 580 1620 636; baseline -0.005 -13"><span class='ocrx_word' id='word_1_48' title='bbox 149 594 299 624; x_wconf 88' lang='lat' dir='ltr'>tantum</span> <span class='ocrx_word' id='word_1_49' title='bbox 317 587 427 625; x_wconf 87' lang='lat' dir='ltr'>abest</span> <span class='ocrx_word' id='word_1_50' title='bbox 443 593 487 623; x_wconf 92' lang='lat' dir='ltr'>ut</span> <span class='ocrx_word' id='word_1_51' title='bbox 502 594 647 624; x_wconf 87' lang='lat' dir='ltr'>nostrae</span> <span class='ocrx_word' id='word_1_52' title='bbox 659 586 764 624; x_wconf 79' lang='lat' dir='ltr'>urbis</span> <span class='ocrx_word' id='word_1_53' title='bbox 777 585 913 623; x_wconf 89' lang='lat' dir='ltr'>laudes</span> <span class='ocrx_word' id='word_1_54' title='bbox 927 591 1132 636; x_wconf 89' lang='lat' dir='ltr'>propterea</span> <span class='ocrx_word' id='word_1_55' title='bbox 1148 583 1384 627; x_wconf 90' lang='lat' dir='ltr'>minuantur,</span> <span class='ocrx_word' id='word_1_56' title='bbox 1399 587 1443 617; x_wconf 89' lang='lat' dir='ltr'>ut</span> <span class='ocrx_word' id='word_1_57' title='bbox 1454 580 1620 630; x_wconf 86' lang='lat' dir='ltr'>majores</span> 
     </span>
     <span class='ocr_line' id='line_1_8' title="bbox 150 642 1619 699; baseline -0.006 -13"><span class='ocrx_word' id='word_1_58' title='bbox 150 649 265 686; x_wconf 92' lang='lat' dir='ltr'>etiam</span> <span class='ocrx_word' id='word_1_59' title='bbox 291 649 368 686; x_wconf 87' lang='lat' dir='ltr'>sint</span> <span class='ocrx_word' id='word_1_60' title='bbox 401 648 506 699; x_wconf 90' lang='lat' dir='ltr'>quod</span> <span class='ocrx_word' id='word_1_61' title='bbox 533 648 674 686; x_wconf 89' lang='lat' dir='ltr'>talibus</span> <span class='ocrx_word' id='word_1_62' title='bbox 708 648 858 685; x_wconf 89' lang='lat' dir='ltr'>aemulis</span> <span class='ocrx_word' id='word_1_63' title='bbox 885 654 1036 685; x_wconf 90' lang='lat' dir='ltr'>tantum</span> <span class='ocrx_word' id='word_1_64' title='bbox 1064 644 1259 684; x_wconf 85' lang='lat' dir='ltr'>excelluit.</span> <span class='ocrx_word' id='word_1_65' title='bbox 1318 642 1456 680; x_wconf 80' lang='lat' dir='ltr'>Dicam</span> <span class='ocrx_word' id='word_1_66' title='bbox 1491 648 1619 678; x_wconf 90' lang='lat' dir='ltr'>autem</span> 
     </span>
     <span class='ocr_line' id='line_1_9' title="bbox 148 702 1619 760; baseline -0.007 -12"><span class='ocrx_word' id='word_1_67' title='bbox 148 710 266 760; x_wconf 88' lang='lat' dir='ltr'>paulo</span> <span class='ocrx_word' id='word_1_68' title='bbox 298 709 483 760; x_wconf 87' lang='lat' dir='ltr'>prolixius</span> <span class='ocrx_word' id='word_1_69' title='bbox 522 709 571 747; x_wconf 91' lang='lat' dir='ltr'>de</span> <span class='ocrx_word' id='word_1_70' title='bbox 608 709 664 746; x_wconf 84' lang='lat' dir='ltr'>his</span> <span class='ocrx_word' id='word_1_71' title='bbox 698 709 852 747; x_wconf 78' lang='lat' dir='ltr'>duabus</span> <span class='ocrx_word' id='word_1_72' title='bbox 887 708 1047 746; x_wconf 86' lang='lat' dir='ltr'>urbibus</span> <span class='ocrx_word' id='word_1_73' title='bbox 1085 720 1212 758; x_wconf 88' lang='lat' dir='ltr'>neque</span> <span class='ocrx_word' id='word_1_74' title='bbox 1249 704 1425 744; x_wconf 83' lang='lat' dir='ltr'>celeriter</span> <span class='ocrx_word' id='word_1_75' title='bbox 1457 702 1619 741; x_wconf 88' lang='lat' dir='ltr'>nimium</span> 
     </span>
     <span class='ocr_line' id='line_1_10' title="bbox 151 769 1621 821; baseline -0.005 -13"><span class='ocrx_word' id='word_1_76' title='bbox 151 770 423 821; x_wconf 85' lang='lat' dir='ltr'>praetervehar,</span> <span class='ocrx_word' id='word_1_77' title='bbox 455 777 499 808; x_wconf 90' lang='lat' dir='ltr'>ut</span> <span class='ocrx_word' id='word_1_78' title='bbox 524 771 560 807; x_wconf 89' lang='lat' dir='ltr'>in</span> <span class='ocrx_word' id='word_1_79' title='bbox 586 770 810 808; x_wconf 85' lang='lat' dir='ltr'>memoriam</span> <span class='ocrx_word' id='word_1_80' title='bbox 831 777 1025 820; x_wconf 90' lang='lat' dir='ltr'>utrunque</span> <span class='ocrx_word' id='word_1_81' title='bbox 1058 769 1168 807; x_wconf 90' lang='lat' dir='ltr'>nobis</span> <span class='ocrx_word' id='word_1_82' title='bbox 1194 773 1408 811; x_wconf 89' lang='lat' dir='ltr'>revocetur,</span> <span class='ocrx_word' id='word_1_83' title='bbox 1437 771 1519 802; x_wconf 90' lang='lat' dir='ltr'>tum</span> <span class='ocrx_word' id='word_1_84' title='bbox 1550 776 1621 801; x_wconf 91' lang='lat' dir='ltr'>no-</span> 
     </span>
     <span class='ocr_line' id='line_1_11' title="bbox 146 828 1618 883; baseline -0.003 -14"><span class='ocrx_word' id='word_1_85' title='bbox 146 838 313 870; x_wconf 89' lang='lat' dir='ltr'>strorum</span> <span class='ocrx_word' id='word_1_86' title='bbox 337 832 527 883; x_wconf 87' lang='lat' dir='ltr'>majorum</span> <span class='ocrx_word' id='word_1_87' title='bbox 553 832 686 878; x_wconf 89' lang='lat' dir='ltr'>virtus,</span> <span class='ocrx_word' id='word_1_88' title='bbox 713 838 796 869; x_wconf 87' lang='lat' dir='ltr'>tum</span> <span class='ocrx_word' id='word_1_89' title='bbox 826 831 1035 870; x_wconf 78' lang='lat' dir='ltr'>inimicitiae</span> <span class='ocrx_word' id='word_1_90' title='bbox 1061 832 1327 868; x_wconf 89' lang='lat' dir='ltr'>barbarorum.</span> <span class='ocrx_word' id='word_1_91' title='bbox 1387 828 1527 878; x_wconf 82' lang='lat' dir='ltr'>Neque</span> <span class='ocrx_word' id='word_1_92' title='bbox 1557 839 1618 864; x_wconf 90' lang='lat' dir='ltr'>me</span> 
     </span>
     <span class='ocr_line' id='line_1_12' title="bbox 147 888 1617 945; baseline -0.003 -15"><span class='ocrx_word' id='word_1_93' title='bbox 147 893 260 944; x_wconf 82' lang='lat' dir='ltr'>fugit,</span> <span class='ocrx_word' id='word_1_94' title='bbox 283 906 400 944; x_wconf 88' lang='lat' dir='ltr'>quam</span> <span class='ocrx_word' id='word_1_95' title='bbox 427 893 583 932; x_wconf 88' lang='lat' dir='ltr'>difficile</span> <span class='ocrx_word' id='word_1_96' title='bbox 604 893 654 932; x_wconf 90' lang='lat' dir='ltr'>sit</span> <span class='ocrx_word' id='word_1_97' title='bbox 682 901 772 945; x_wconf 91' lang='lat' dir='ltr'>post</span> <span class='ocrx_word' id='word_1_98' title='bbox 791 894 886 932; x_wconf 87' lang='lat' dir='ltr'>alios</span> <span class='ocrx_word' id='word_1_99' title='bbox 907 907 1043 932; x_wconf 90' lang='lat' dir='ltr'>omnes</span> <span class='ocrx_word' id='word_1_100' title='bbox 1066 893 1115 931; x_wconf 90' lang='lat' dir='ltr'>de</span> <span class='ocrx_word' id='word_1_101' title='bbox 1135 893 1250 931; x_wconf 87' lang='lat' dir='ltr'>rebus</span> <span class='ocrx_word' id='word_1_102' title='bbox 1272 891 1400 930; x_wconf 86' lang='lat' dir='ltr'>dicere</span> <span class='ocrx_word' id='word_1_103' title='bbox 1423 890 1507 940; x_wconf 83' lang='lat' dir='ltr'>jam</span> <span class='ocrx_word' id='word_1_104' title='bbox 1526 888 1617 926; x_wconf 90' lang='lat' dir='ltr'>olim</span> 
     </span>
     <span class='ocr_line' id='line_1_13' title="bbox 147 951 1618 1006; baseline -0.003 -14"><span class='ocrx_word' id='word_1_105' title='bbox 147 956 356 1006; x_wconf 87' lang='lat' dir='ltr'>occupatis,</span> <span class='ocrx_word' id='word_1_106' title='bbox 372 955 421 993; x_wconf 89' lang='lat' dir='ltr'>de</span> <span class='ocrx_word' id='word_1_107' title='bbox 441 955 581 1006; x_wconf 88' lang='lat' dir='ltr'>quibus</span> <span class='ocrx_word' id='word_1_108' title='bbox 599 955 907 1006; x_wconf 77' lang='lat' dir='ltr'>eloquentissimi</span> <span class='ocrx_word' id='word_1_109' title='bbox 927 955 1032 994; x_wconf 88' lang='lat' dir='ltr'>cives</span> <span class='ocrx_word' id='word_1_110' title='bbox 1051 956 1089 993; x_wconf 91' lang='lat' dir='ltr'>in</span> <span class='ocrx_word' id='word_1_111' title='bbox 1105 953 1271 1006; x_wconf 88' lang='lat' dir='ltr'>publicis</span> <span class='ocrx_word' id='word_1_112' title='bbox 1291 951 1499 1004; x_wconf 84' lang='lat' dir='ltr'>sepulturis</span> <span class='ocrx_word' id='word_1_113' title='bbox 1514 963 1618 1001; x_wconf 87' lang='lat' dir='ltr'>saepe</span> 
     </span>
     <span class='ocr_line' id='line_1_14' title="bbox 148 1011 1619 1066; baseline -0.003 -12"><span class='ocrx_word' id='word_1_114' title='bbox 148 1018 265 1056; x_wconf 89' lang='lat' dir='ltr'>verba</span> <span class='ocrx_word' id='word_1_115' title='bbox 292 1017 491 1055; x_wconf 85' lang='lat' dir='ltr'>fecerunt:</span> <span class='ocrx_word' id='word_1_116' title='bbox 538 1030 699 1055; x_wconf 87' lang='lat' dir='ltr'>necesse</span> <span class='ocrx_word' id='word_1_117' title='bbox 731 1018 831 1055; x_wconf 86' lang='lat' dir='ltr'>enim</span> <span class='ocrx_word' id='word_1_118' title='bbox 867 1023 928 1055; x_wconf 89' lang='lat' dir='ltr'>est</span> <span class='ocrx_word' id='word_1_119' title='bbox 959 1017 1127 1055; x_wconf 88' lang='lat' dir='ltr'>maxima</span> <span class='ocrx_word' id='word_1_120' title='bbox 1156 1027 1320 1066; x_wconf 87' lang='lat' dir='ltr'>quaeque</span> <span class='ocrx_word' id='word_1_121' title='bbox 1347 1014 1429 1065; x_wconf 89' lang='lat' dir='ltr'>jam</span> <span class='ocrx_word' id='word_1_122' title='bbox 1458 1019 1548 1051; x_wconf 89' lang='lat' dir='ltr'>ante</span> <span class='ocrx_word' id='word_1_123' title='bbox 1580 1011 1619 1049; x_wconf 90' lang='lat' dir='ltr'>in</span> 
     </span>
     <span class='ocr_line' id='line_1_15' title="bbox 146 1076 1618 1129; baseline -0.003 -14"><span class='ocrx_word' id='word_1_124' title='bbox 146 1079 317 1116; x_wconf 88' lang='lat' dir='ltr'>medium</span> <span class='ocrx_word' id='word_1_125' title='bbox 338 1078 469 1125; x_wconf 87' lang='lat' dir='ltr'>allata,</span> <span class='ocrx_word' id='word_1_126' title='bbox 490 1085 529 1116; x_wconf 87' lang='lat' dir='ltr'>et</span> <span class='ocrx_word' id='word_1_127' title='bbox 547 1091 667 1129; x_wconf 88' lang='lat' dir='ltr'>parva</span> <span class='ocrx_word' id='word_1_128' title='bbox 685 1079 866 1129; x_wconf 81' lang='lat' dir='ltr'>quaedam</span> <span class='ocrx_word' id='word_1_129' title='bbox 887 1079 1023 1117; x_wconf 87' lang='lat' dir='ltr'>relicta</span> <span class='ocrx_word' id='word_1_130' title='bbox 1042 1091 1143 1116; x_wconf 86' lang='lat' dir='ltr'>esse.</span> <span class='ocrx_word' id='word_1_131' title='bbox 1201 1076 1293 1114; x_wconf 80' lang='lat' dir='ltr'>Non</span> <span class='ocrx_word' id='word_1_132' title='bbox 1313 1082 1446 1114; x_wconf 90' lang='lat' dir='ltr'>tamen</span> <span class='ocrx_word' id='word_1_133' title='bbox 1467 1087 1514 1112; x_wconf 89' lang='lat' dir='ltr'>ea</span> <span class='ocrx_word' id='word_1_134' title='bbox 1532 1086 1618 1124; x_wconf 88' lang='lat' dir='ltr'>quae</span> 
     </span>
     <span class='ocr_line' id='line_1_16' title="bbox 146 1136 1617 1190; baseline -0.003 -13"><span class='ocrx_word' id='word_1_135' title='bbox 146 1147 308 1187; x_wconf 79' lang='lat' dir='ltr'>restant,</span> <span class='ocrx_word' id='word_1_136' title='bbox 321 1140 505 1190; x_wconf 88' lang='lat' dir='ltr'>quoniam</span> <span class='ocrx_word' id='word_1_137' title='bbox 521 1140 699 1177; x_wconf 87' lang='lat' dir='ltr'>instituto</span> <span class='ocrx_word' id='word_1_138' title='bbox 715 1146 845 1178; x_wconf 87' lang='lat' dir='ltr'>nostro</span> <span class='ocrx_word' id='word_1_139' title='bbox 866 1141 1051 1189; x_wconf 87' lang='lat' dir='ltr'>serviunt,</span> <span class='ocrx_word' id='word_1_140' title='bbox 1067 1139 1221 1177; x_wconf 90' lang='lat' dir='ltr'>silentio</span> <span class='ocrx_word' id='word_1_141' title='bbox 1233 1136 1500 1189; x_wconf 87' lang='lat' dir='ltr'>praetereunda</span> <span class='ocrx_word' id='word_1_142' title='bbox 1512 1143 1617 1173; x_wconf 87' lang='lat' dir='ltr'>sunt.</span> 
     </span>
    </p>

    <p class='ocr_par' dir='ltr' id='par_1_4' title="bbox 138 1197 1619 2980">
     <span class='ocr_line' id='line_1_17' title="bbox 201 1197 1619 1251; baseline -0.002 -15"><span class='ocrx_word' id='word_1_143' title='bbox 201 1202 267 1239; x_wconf 80' lang='lat'>22.</span> <span class='ocrx_word' id='word_1_144' title='bbox 298 1201 455 1251; x_wconf 88' lang='lat' dir='ltr'>Optime</span> <span class='ocrx_word' id='word_1_145' title='bbox 490 1200 605 1251; x_wconf 85' lang='lat' dir='ltr'>igitur</span> <span class='ocrx_word' id='word_1_146' title='bbox 638 1201 792 1238; x_wconf 86' lang='lat' dir='ltr'>meritos</span> <span class='ocrx_word' id='word_1_147' title='bbox 829 1209 869 1238; x_wconf 92' lang='lat' dir='ltr'>et</span> <span class='ocrx_word' id='word_1_148' title='bbox 902 1201 1079 1239; x_wconf 85' lang='lat' dir='ltr'>maximis</span> <span class='ocrx_word' id='word_1_149' title='bbox 1112 1199 1294 1237; x_wconf 85' lang='lat' dir='ltr'>laudibus</span> <span class='ocrx_word' id='word_1_150' title='bbox 1325 1197 1446 1235; x_wconf 84' lang='lat' dir='ltr'>fuisse</span> <span class='ocrx_word' id='word_1_151' title='bbox 1479 1197 1619 1247; x_wconf 83' lang='lat' dir='ltr'>dignos</span> 
     </span>
     <span class='ocr_line' id='line_1_18' title="bbox 147 1258 1619 1312; baseline -0.001 -15"><span class='ocrx_word' id='word_1_152' title='bbox 147 1273 213 1297; x_wconf 87' lang='lat' dir='ltr'>eos</span> <span class='ocrx_word' id='word_1_153' title='bbox 244 1261 423 1298; x_wconf 85' lang='lat' dir='ltr'>existimo</span> <span class='ocrx_word' id='word_1_154' title='bbox 443 1261 508 1310; x_wconf 92' lang='lat' dir='ltr'>qui</span> <span class='ocrx_word' id='word_1_155' title='bbox 539 1274 610 1298; x_wconf 84' lang='lat' dir='ltr'>sua</span> <span class='ocrx_word' id='word_1_156' title='bbox 636 1274 798 1311; x_wconf 89' lang='lat' dir='ltr'>corpora</span> <span class='ocrx_word' id='word_1_157' title='bbox 817 1275 886 1312; x_wconf 89' lang='lat' dir='ltr'>pro</span> <span class='ocrx_word' id='word_1_158' title='bbox 907 1262 1072 1299; x_wconf 82' lang='lat' dir='ltr'>Graeciae</span> <span class='ocrx_word' id='word_1_159' title='bbox 1103 1260 1329 1298; x_wconf 84' lang='lat' dir='ltr'>defensione</span> <span class='ocrx_word' id='word_1_160' title='bbox 1349 1258 1528 1310; x_wconf 88' lang='lat' dir='ltr'>periculis</span> <span class='ocrx_word' id='word_1_161' title='bbox 1549 1259 1619 1296; x_wconf 89' lang='lat' dir='ltr'>ob-</span> 
     </span>
     <span class='ocr_line' id='line_1_19' title="bbox 138 1320 1619 1372; baseline 0 -14"><span class='ocrx_word' id='word_1_162' title='bbox 138 1321 344 1371; x_wconf 84' lang='lat' dir='ltr'>jecerunt:</span> <span class='ocrx_word' id='word_1_163' title='bbox 375 1322 445 1359; x_wconf 87' lang='lat' dir='ltr'>sed</span> <span class='ocrx_word' id='word_1_164' title='bbox 466 1335 538 1360; x_wconf 87' lang='lat' dir='ltr'>nec</span> <span class='ocrx_word' id='word_1_165' title='bbox 559 1335 690 1359; x_wconf 85' lang='lat' dir='ltr'>eorum</span> <span class='ocrx_word' id='word_1_166' title='bbox 706 1322 815 1360; x_wconf 80' lang='lat' dir='ltr'>nulla</span> <span class='ocrx_word' id='word_1_167' title='bbox 835 1323 931 1361; x_wconf 89' lang='lat' dir='ltr'>ratio</span> <span class='ocrx_word' id='word_1_168' title='bbox 952 1322 1134 1361; x_wconf 82' lang='lat' dir='ltr'>habenda</span> <span class='ocrx_word' id='word_1_169' title='bbox 1154 1329 1213 1361; x_wconf 86' lang='lat' dir='ltr'>est</span> <span class='ocrx_word' id='word_1_170' title='bbox 1233 1321 1300 1372; x_wconf 88' lang='lat' dir='ltr'>qui</span> <span class='ocrx_word' id='word_1_171' title='bbox 1319 1333 1366 1358; x_wconf 89' lang='lat' dir='ltr'>eo</span> <span class='ocrx_word' id='word_1_172' title='bbox 1385 1320 1488 1358; x_wconf 89' lang='lat' dir='ltr'>bello</span> <span class='ocrx_word' id='word_1_173' title='bbox 1501 1326 1619 1358; x_wconf 85' lang='lat' dir='ltr'>aetate</span> 
     </span>
     <span class='ocr_line' id='line_1_20' title="bbox 145 1381 1615 1435; baseline -0.001 -15"><span class='ocrx_word' id='word_1_174' title='bbox 145 1383 361 1433; x_wconf 74' lang='lat' dir='ltr'>superlores</span> <span class='ocrx_word' id='word_1_175' title='bbox 393 1384 430 1420; x_wconf 92' lang='lat' dir='ltr'>in</span> <span class='ocrx_word' id='word_1_176' title='bbox 464 1391 625 1433; x_wconf 86' lang='lat' dir='ltr'>utraque</span> <span class='ocrx_word' id='word_1_177' title='bbox 656 1385 749 1421; x_wconf 86' lang='lat' dir='ltr'>urbe</span> <span class='ocrx_word' id='word_1_178' title='bbox 777 1397 936 1421; x_wconf 86' lang='lat' dir='ltr'>summae</span> <span class='ocrx_word' id='word_1_179' title='bbox 962 1398 1089 1422; x_wconf 87' lang='lat' dir='ltr'>rerum</span> <span class='ocrx_word' id='word_1_180' title='bbox 1119 1384 1368 1435; x_wconf 84' lang='lat' dir='ltr'>praefuerunt.</span> <span class='ocrx_word' id='word_1_181' title='bbox 1425 1382 1485 1419; x_wconf 94' lang='lat' dir='ltr'>Illi</span> <span class='ocrx_word' id='word_1_182' title='bbox 1515 1381 1615 1419; x_wconf 92' lang='lat' dir='ltr'>enim</span> 
     </span>
     <span class='ocr_line' id='line_1_21' title="bbox 143 1444 1617 1497; baseline 0 -15"><span class='ocrx_word' id='word_1_183' title='bbox 143 1444 250 1482; x_wconf 90' lang='lat' dir='ltr'>fuere</span> <span class='ocrx_word' id='word_1_184' title='bbox 277 1447 342 1495; x_wconf 91' lang='lat' dir='ltr'>qui</span> <span class='ocrx_word' id='word_1_185' title='bbox 371 1452 640 1496; x_wconf 81' lang='lat' dir='ltr'>praepararunt</span> <span class='ocrx_word' id='word_1_186' title='bbox 671 1453 845 1495; x_wconf 87' lang='lat' dir='ltr'>posteros</span> <span class='ocrx_word' id='word_1_187' title='bbox 869 1454 908 1483; x_wconf 92' lang='lat' dir='ltr'>et</span> <span class='ocrx_word' id='word_1_188' title='bbox 930 1446 1115 1497; x_wconf 88' lang='lat' dir='ltr'>populum</span> <span class='ocrx_word' id='word_1_189' title='bbox 1141 1445 1191 1484; x_wconf 87' lang='lat' dir='ltr'>ad</span> <span class='ocrx_word' id='word_1_190' title='bbox 1218 1445 1398 1483; x_wconf 85' lang='lat' dir='ltr'>virtutem</span> <span class='ocrx_word' id='word_1_191' title='bbox 1425 1444 1617 1482; x_wconf 85' lang='lat' dir='ltr'>cohortati</span> 
     </span>
     <span class='ocr_line' id='line_1_22' title="bbox 142 1505 1616 1547; baseline 0 -3"><span class='ocrx_word' id='word_1_192' title='bbox 142 1519 209 1544; x_wconf 85' lang='lat' dir='ltr'>eos</span> <span class='ocrx_word' id='word_1_193' title='bbox 232 1507 402 1545; x_wconf 88' lang='lat' dir='ltr'>barbaris</span> <span class='ocrx_word' id='word_1_194' title='bbox 424 1507 631 1546; x_wconf 86' lang='lat' dir='ltr'>acerrimos</span> <span class='ocrx_word' id='word_1_195' title='bbox 662 1507 905 1545; x_wconf 84' lang='lat' dir='ltr'>adversarios</span> <span class='ocrx_word' id='word_1_196' title='bbox 935 1507 1158 1547; x_wconf 81' lang='lat' dir='ltr'>effecerunt.</span> <span class='ocrx_word' id='word_1_197' title='bbox 1217 1507 1301 1545; x_wconf 87' lang='lat' dir='ltr'>Nec</span> <span class='ocrx_word' id='word_1_198' title='bbox 1327 1506 1428 1544; x_wconf 89' lang='lat' dir='ltr'>enirn</span> <span class='ocrx_word' id='word_1_199' title='bbox 1448 1505 1503 1543; x_wconf 93' lang='lat' dir='ltr'>illi</span> <span class='ocrx_word' id='word_1_200' title='bbox 1529 1506 1616 1544; x_wconf 92' lang='lat' dir='ltr'>nul-</span> 
     </span>
     <span class='ocr_line' id='line_1_23' title="bbox 144 1570 1618 1624; baseline 0.001 -16"><span class='ocrx_word' id='word_1_201' title='bbox 144 1570 221 1608; x_wconf 90' lang='lat' dir='ltr'>lam</span> <span class='ocrx_word' id='word_1_202' title='bbox 253 1571 475 1622; x_wconf 84' lang='lat' dir='ltr'>reipublicae</span> <span class='ocrx_word' id='word_1_203' title='bbox 495 1585 627 1609; x_wconf 87' lang='lat' dir='ltr'>curam</span> <span class='ocrx_word' id='word_1_204' title='bbox 654 1571 865 1618; x_wconf 87' lang='lat' dir='ltr'>habebant,</span> <span class='ocrx_word' id='word_1_205' title='bbox 885 1585 1012 1624; x_wconf 90' lang='lat' dir='ltr'>neque</span> <span class='ocrx_word' id='word_1_206' title='bbox 1039 1573 1203 1623; x_wconf 87' lang='lat' dir='ltr'>publicis</span> <span class='ocrx_word' id='word_1_207' title='bbox 1223 1571 1362 1623; x_wconf 90' lang='lat' dir='ltr'>opibus</span> <span class='ocrx_word' id='word_1_208' title='bbox 1389 1571 1618 1610; x_wconf 83' lang='lat' dir='ltr'>fruebantur</span> 
     </span>
     <span class='ocr_line' id='line_1_24' title="bbox 143 1633 1619 1685; baseline 0.002 -16"><span class='ocrx_word' id='word_1_209' title='bbox 143 1640 185 1670; x_wconf 88' lang='lat' dir='ltr'>ut</span> <span class='ocrx_word' id='word_1_210' title='bbox 211 1634 384 1683; x_wconf 89' lang='lat' dir='ltr'>privatis,</span> <span class='ocrx_word' id='word_1_211' title='bbox 405 1642 448 1672; x_wconf 91' lang='lat' dir='ltr'>ut</span> <span class='ocrx_word' id='word_1_212' title='bbox 480 1633 625 1672; x_wconf 86' lang='lat' dir='ltr'>alienas</span> <span class='ocrx_word' id='word_1_213' title='bbox 653 1634 919 1685; x_wconf 81' lang='lat' dir='ltr'>negligebant,</span> <span class='ocrx_word' id='word_1_214' title='bbox 939 1634 1010 1672; x_wconf 88' lang='lat' dir='ltr'>sed</span> <span class='ocrx_word' id='word_1_215' title='bbox 1039 1648 1102 1672; x_wconf 90' lang='lat' dir='ltr'>eas</span> <span class='ocrx_word' id='word_1_216' title='bbox 1134 1634 1456 1672; x_wconf 86' lang='lat' dir='ltr'>administrabant</span> <span class='ocrx_word' id='word_1_217' title='bbox 1482 1641 1526 1672; x_wconf 85' lang='lat' dir='ltr'>ut</span> <span class='ocrx_word' id='word_1_218' title='bbox 1544 1634 1619 1685; x_wconf 93' lang='lat' dir='ltr'>pri-</span> 
     </span>
     <span class='ocr_line' id='line_1_25' title="bbox 145 1688 1616 1748; baseline 0.001 -16"><span class='ocrx_word' id='word_1_219' title='bbox 145 1702 270 1741; x_wconf 86' lang='lat' dir='ltr'>vatas,</span> <span class='ocrx_word' id='word_1_220' title='bbox 297 1695 350 1732; x_wconf 88' lang='lat' dir='ltr'>ita</span> <span class='ocrx_word' id='word_1_221' title='bbox 383 1695 428 1733; x_wconf 86' lang='lat' dir='ltr'>iis</span> <span class='ocrx_word' id='word_1_222' title='bbox 458 1696 706 1733; x_wconf 87' lang='lat' dir='ltr'>abstinebant</span> <span class='ocrx_word' id='word_1_223' title='bbox 732 1703 776 1734; x_wconf 92' lang='lat' dir='ltr'>ut</span> <span class='ocrx_word' id='word_1_224' title='bbox 809 1697 1000 1735; x_wconf 88' lang='lat' dir='ltr'>abstinere</span> <span class='ocrx_word' id='word_1_225' title='bbox 1027 1696 1142 1734; x_wconf 88' lang='lat' dir='ltr'>decet</span> <span class='ocrx_word' id='word_1_226' title='bbox 1168 1709 1326 1748; x_wconf 88' lang='lat' dir='ltr'>prorsus</span> <span class='ocrx_word' id='word_1_227' title='bbox 1357 1695 1511 1740; x_wconf 90' lang='lat' dir='ltr'>alienis;</span> <span class='ocrx_word' id='word_1_228' title='bbox 1542 1688 1616 1734; x_wconf 84' lang='lat' dir='ltr'>nec</span> 
     </span>
     <span class='ocr_line' id='line_1_26' title="bbox 145 1755 1615 1808; baseline 0.001 -15"><span class='ocrx_word' id='word_1_229' title='bbox 145 1756 307 1806; x_wconf 82' lang='lat' dir='ltr'>pecunia</span> <span class='ocrx_word' id='word_1_230' title='bbox 337 1755 562 1794; x_wconf 87' lang='lat' dir='ltr'>felicitatem</span> <span class='ocrx_word' id='word_1_231' title='bbox 596 1756 869 1804; x_wconf 83' lang='lat' dir='ltr'>metiebantur,</span> <span class='ocrx_word' id='word_1_232' title='bbox 895 1757 965 1795; x_wconf 89' lang='lat' dir='ltr'>sed</span> <span class='ocrx_word' id='word_1_233' title='bbox 992 1757 1023 1795; x_wconf 92' lang='lat' dir='ltr'>is</span> <span class='ocrx_word' id='word_1_234' title='bbox 1050 1770 1143 1808; x_wconf 90' lang='lat' dir='ltr'>opes</span> <span class='ocrx_word' id='word_1_235' title='bbox 1172 1757 1372 1808; x_wconf 84' lang='lat' dir='ltr'>possidere</span> <span class='ocrx_word' id='word_1_236' title='bbox 1402 1757 1615 1795; x_wconf 86' lang='lat' dir='ltr'>tutissimas</span> 
     </span>
     <span class='ocr_line' id='line_1_27' title="bbox 145 1817 1616 1870; baseline 0.003 -16"><span class='ocrx_word' id='word_1_237' title='bbox 145 1824 184 1854; x_wconf 88' lang='lat' dir='ltr'>et</span> <span class='ocrx_word' id='word_1_238' title='bbox 208 1817 486 1866; x_wconf 88' lang='lat' dir='ltr'>pulcherrimas</span> <span class='ocrx_word' id='word_1_239' title='bbox 515 1817 587 1854; x_wconf 90' lang='lat' dir='ltr'>sibi</span> <span class='ocrx_word' id='word_1_240' title='bbox 606 1818 821 1864; x_wconf 88' lang='lat' dir='ltr'>videbatur,</span> <span class='ocrx_word' id='word_1_241' title='bbox 849 1819 913 1869; x_wconf 85' lang='lat' dir='ltr'>qui</span> <span class='ocrx_word' id='word_1_242' title='bbox 946 1820 1001 1856; x_wconf 85' lang='lat' dir='ltr'>ita</span> <span class='ocrx_word' id='word_1_243' title='bbox 1028 1832 1068 1857; x_wconf 87' lang='lat' dir='ltr'>se</span> <span class='ocrx_word' id='word_1_244' title='bbox 1100 1820 1260 1869; x_wconf 82' lang='lat' dir='ltr'>gerebat</span> <span class='ocrx_word' id='word_1_245' title='bbox 1285 1826 1327 1856; x_wconf 91' lang='lat' dir='ltr'>ut</span> <span class='ocrx_word' id='word_1_246' title='bbox 1354 1825 1392 1856; x_wconf 91' lang='lat' dir='ltr'>et</span> <span class='ocrx_word' id='word_1_247' title='bbox 1419 1818 1503 1870; x_wconf 90' lang='lat' dir='ltr'>ipse</span> <span class='ocrx_word' id='word_1_248' title='bbox 1532 1832 1616 1858; x_wconf 91' lang='lat' dir='ltr'>ma-</span> 
     </span>
     <span class='ocr_line' id='line_1_28' title="bbox 143 1878 1616 1920; baseline 0.002 -4"><span class='ocrx_word' id='word_1_249' title='bbox 143 1879 284 1917; x_wconf 83' lang='lat' dir='ltr'>ximam</span> <span class='ocrx_word' id='word_1_250' title='bbox 305 1878 457 1916; x_wconf 88' lang='lat' dir='ltr'>laudem</span> <span class='ocrx_word' id='word_1_251' title='bbox 489 1887 699 1917; x_wconf 87' lang='lat' dir='ltr'>mereretur</span> <span class='ocrx_word' id='word_1_252' title='bbox 718 1887 759 1918; x_wconf 87' lang='lat' dir='ltr'>et</span> <span class='ocrx_word' id='word_1_253' title='bbox 784 1880 912 1918; x_wconf 84' lang='lat' dir='ltr'>liberis</span> <span class='ocrx_word' id='word_1_254' title='bbox 935 1880 1013 1918; x_wconf 88' lang='lat' dir='ltr'>suis</span> <span class='ocrx_word' id='word_1_255' title='bbox 1034 1880 1344 1918; x_wconf 85' lang='lat' dir='ltr'>honestissimam</span> <span class='ocrx_word' id='word_1_256' title='bbox 1365 1880 1506 1918; x_wconf 86' lang='lat' dir='ltr'>famam</span> <span class='ocrx_word' id='word_1_257' title='bbox 1528 1882 1616 1920; x_wconf 86' lang='lat' dir='ltr'>reli-</span> 
     </span>
     <span class='ocr_line' id='line_1_29' title="bbox 143 1941 1615 1992; baseline 0.004 -15"><span class='ocrx_word' id='word_1_258' title='bbox 143 1946 277 1978; x_wconf 82' lang='lat' dir='ltr'>cturus</span> <span class='ocrx_word' id='word_1_259' title='bbox 297 1947 420 1985; x_wconf 80' lang='lat' dir='ltr'>esset3</span> <span class='ocrx_word' id='word_1_260' title='bbox 452 1954 577 1992; x_wconf 91' lang='lat' dir='ltr'>neque</span> <span class='ocrx_word' id='word_1_261' title='bbox 593 1941 757 1979; x_wconf 87' lang='lat' dir='ltr'>audacia</span> <span class='ocrx_word' id='word_1_262' title='bbox 772 1942 870 1979; x_wconf 89' lang='lat' dir='ltr'>inter</span> <span class='ocrx_word' id='word_1_263' title='bbox 889 1955 928 1980; x_wconf 91' lang='lat' dir='ltr'>se</span> <span class='ocrx_word' id='word_1_264' title='bbox 944 1943 1147 1980; x_wconf 83' lang='lat' dir='ltr'>certabant</span> <span class='ocrx_word' id='word_1_265' title='bbox 1163 1955 1236 1980; x_wconf 89' lang='lat' dir='ltr'>nec</span> <span class='ocrx_word' id='word_1_266' title='bbox 1255 1942 1348 1980; x_wconf 90' lang='lat' dir='ltr'>alios</span> <span class='ocrx_word' id='word_1_267' title='bbox 1361 1942 1423 1979; x_wconf 89' lang='lat' dir='ltr'>alii</span> <span class='ocrx_word' id='word_1_268' title='bbox 1436 1942 1615 1983; x_wconf 90' lang='lat' dir='ltr'>ferociter</span> 
     </span>
     <span class='ocr_line' id='line_1_30' title="bbox 142 2001 1611 2054; baseline 0.003 -16"><span class='ocrx_word' id='word_1_269' title='bbox 142 2001 394 2052; x_wconf 84' lang='lat' dir='ltr'>impetebant,</span> <span class='ocrx_word' id='word_1_270' title='bbox 415 2002 485 2040; x_wconf 89' lang='lat' dir='ltr'>sed</span> <span class='ocrx_word' id='word_1_271' title='bbox 506 2002 659 2052; x_wconf 82' lang='lat' dir='ltr'>gravius</span> <span class='ocrx_word' id='word_1_272' title='bbox 681 2016 764 2041; x_wconf 87' lang='lat' dir='ltr'>esse</span> <span class='ocrx_word' id='word_1_273' title='bbox 797 2005 986 2054; x_wconf 86' lang='lat' dir='ltr'>putabant</span> <span class='ocrx_word' id='word_1_274' title='bbox 1005 2003 1106 2040; x_wconf 91' lang='lat' dir='ltr'>male</span> <span class='ocrx_word' id='word_1_275' title='bbox 1125 2003 1258 2041; x_wconf 88' lang='lat' dir='ltr'>audire</span> <span class='ocrx_word' id='word_1_276' title='bbox 1279 2016 1301 2040; x_wconf 88' lang='lat' dir='ltr'>a</span> <span class='ocrx_word' id='word_1_277' title='bbox 1324 2003 1473 2041; x_wconf 89' lang='lat' dir='ltr'>civibus</span> <span class='ocrx_word' id='word_1_278' title='bbox 1496 2017 1611 2054; x_wconf 90' lang='lat' dir='ltr'>quam</span> 
     </span>
     <span class='ocr_line' id='line_1_31' title="bbox 141 2061 1612 2117; baseline 0.006 -19"><span class='ocrx_word' id='word_1_279' title='bbox 141 2061 305 2100; x_wconf 90' lang='lat' dir='ltr'>honeste</span> <span class='ocrx_word' id='word_1_280' title='bbox 324 2075 394 2113; x_wconf 91' lang='lat' dir='ltr'>pro</span> <span class='ocrx_word' id='word_1_281' title='bbox 412 2063 505 2100; x_wconf 88' lang='lat' dir='ltr'>urbe</span> <span class='ocrx_word' id='word_1_282' title='bbox 522 2064 767 2109; x_wconf 86' lang='lat' dir='ltr'>occumbere,</span> <span class='ocrx_word' id='word_1_283' title='bbox 783 2072 822 2102; x_wconf 89' lang='lat' dir='ltr'>et</span> <span class='ocrx_word' id='word_1_284' title='bbox 842 2066 961 2115; x_wconf 84' lang='lat' dir='ltr'>magis</span> <span class='ocrx_word' id='word_1_285' title='bbox 981 2066 1267 2104; x_wconf 85' lang='lat' dir='ltr'>erubescebant</span> <span class='ocrx_word' id='word_1_286' title='bbox 1290 2066 1321 2103; x_wconf 88' lang='lat' dir='ltr'>si</span> <span class='ocrx_word' id='word_1_287' title='bbox 1342 2066 1436 2116; x_wconf 89' lang='lat' dir='ltr'>quid</span> <span class='ocrx_word' id='word_1_288' title='bbox 1458 2067 1612 2117; x_wconf 89' lang='lat' dir='ltr'>publice</span> 
     </span>
     <span class='ocr_line' id='line_1_32' title="bbox 143 2123 1614 2178; baseline 0.005 -19"><span class='ocrx_word' id='word_1_289' title='bbox 143 2123 328 2161; x_wconf 86' lang='lat' dir='ltr'>delictum</span> <span class='ocrx_word' id='word_1_290' title='bbox 360 2131 464 2161; x_wconf 87' lang='lat' dir='ltr'>esset</span> <span class='ocrx_word' id='word_1_291' title='bbox 494 2137 609 2174; x_wconf 85' lang='lat' dir='ltr'>quam</span> <span class='ocrx_word' id='word_1_292' title='bbox 640 2138 744 2163; x_wconf 90' lang='lat' dir='ltr'>nunc</span> <span class='ocrx_word' id='word_1_293' title='bbox 775 2126 951 2176; x_wconf 90' lang='lat' dir='ltr'>privatim</span> <span class='ocrx_word' id='word_1_294' title='bbox 985 2140 1167 2178; x_wconf 89' lang='lat' dir='ltr'>peccasse</span> <span class='ocrx_word' id='word_1_295' title='bbox 1198 2127 1359 2178; x_wconf 88' lang='lat' dir='ltr'>pudeat.</span> <span class='ocrx_word' id='word_1_296' title='bbox 1419 2128 1462 2166; x_wconf 93' lang='lat' dir='ltr'>In</span> <span class='ocrx_word' id='word_1_297' title='bbox 1495 2142 1614 2169; x_wconf 85' lang='lat' dir='ltr'>causa</span> 
     </span>
     <span class='ocr_line' id='line_1_33' title="bbox 140 2183 1611 2241; baseline 0.006 -20"><span class='ocrx_word' id='word_1_298' title='bbox 140 2183 237 2222; x_wconf 90' lang='lat' dir='ltr'>illud</span> <span class='ocrx_word' id='word_1_299' title='bbox 270 2190 364 2230; x_wconf 89' lang='lat' dir='ltr'>erat,</span> <span class='ocrx_word' id='word_1_300' title='bbox 393 2185 500 2236; x_wconf 92' lang='lat' dir='ltr'>quod</span> <span class='ocrx_word' id='word_1_301' title='bbox 533 2198 690 2236; x_wconf 88' lang='lat' dir='ltr'>operam</span> <span class='ocrx_word' id='word_1_302' title='bbox 724 2187 872 2226; x_wconf 87' lang='lat' dir='ltr'>dabant</span> <span class='ocrx_word' id='word_1_303' title='bbox 903 2194 947 2226; x_wconf 90' lang='lat' dir='ltr'>ut</span> <span class='ocrx_word' id='word_1_304' title='bbox 978 2188 1085 2238; x_wconf 82' lang='lat' dir='ltr'>leges</span> <span class='ocrx_word' id='word_1_305' title='bbox 1117 2196 1310 2227; x_wconf 83' lang='lat' dir='ltr'>accuratae</span> <span class='ocrx_word' id='word_1_306' title='bbox 1341 2196 1381 2227; x_wconf 90' lang='lat' dir='ltr'>et</span> <span class='ocrx_word' id='word_1_307' title='bbox 1412 2191 1611 2241; x_wconf 87' lang='lat' dir='ltr'>praeclarae</span> 
     </span>
     <span class='ocr_line' id='line_1_34' title="bbox 141 2249 1609 2302; baseline 0.003 -16"><span class='ocrx_word' id='word_1_308' title='bbox 141 2255 286 2295; x_wconf 89' lang='lat' dir='ltr'>essent,</span> <span class='ocrx_word' id='word_1_309' title='bbox 307 2262 384 2287; x_wconf 88' lang='lat' dir='ltr'>non</span> <span class='ocrx_word' id='word_1_310' title='bbox 406 2255 484 2287; x_wconf 91' lang='lat' dir='ltr'>tam</span> <span class='ocrx_word' id='word_1_311' title='bbox 506 2249 743 2300; x_wconf 89' lang='lat' dir='ltr'>privatorum</span> <span class='ocrx_word' id='word_1_312' title='bbox 763 2257 1034 2289; x_wconf 83' lang='lat' dir='ltr'>contractuum</span> <span class='ocrx_word' id='word_1_313' title='bbox 1057 2264 1174 2301; x_wconf 91' lang='lat' dir='ltr'>quam</span> <span class='ocrx_word' id='word_1_314' title='bbox 1195 2250 1358 2302; x_wconf 85' lang='lat' dir='ltr'>publicae</span> <span class='ocrx_word' id='word_1_315' title='bbox 1380 2251 1609 2302; x_wconf 82' lang='lat' dir='ltr'>disciplinae.</span> 
     </span>
     <span class='ocr_line' id='line_1_35' title="bbox 141 2310 1611 2363; baseline 0.003 -15"><span class='ocrx_word' id='word_1_316' title='bbox 141 2310 325 2348; x_wconf 88' lang='lat' dir='ltr'>Sciebant</span> <span class='ocrx_word' id='word_1_317' title='bbox 343 2310 443 2347; x_wconf 88' lang='lat' dir='ltr'>enim</span> <span class='ocrx_word' id='word_1_318' title='bbox 467 2310 576 2348; x_wconf 88' lang='lat' dir='ltr'>bonis</span> <span class='ocrx_word' id='word_1_319' title='bbox 594 2311 684 2349; x_wconf 92' lang='lat' dir='ltr'>viris</span> <span class='ocrx_word' id='word_1_320' title='bbox 706 2311 800 2349; x_wconf 90' lang='lat' dir='ltr'>nihil</span> <span class='ocrx_word' id='word_1_321' title='bbox 820 2325 917 2363; x_wconf 88' lang='lat' dir='ltr'>opus</span> <span class='ocrx_word' id='word_1_322' title='bbox 939 2325 1022 2350; x_wconf 86' lang='lat' dir='ltr'>esse</span> <span class='ocrx_word' id='word_1_323' title='bbox 1043 2312 1173 2350; x_wconf 80' lang='lat' dir='ltr'>multis</span> <span class='ocrx_word' id='word_1_324' title='bbox 1200 2311 1366 2362; x_wconf 89' lang='lat' dir='ltr'>scriptis,</span> <span class='ocrx_word' id='word_1_325' title='bbox 1387 2312 1456 2350; x_wconf 90' lang='lat' dir='ltr'>sed</span> <span class='ocrx_word' id='word_1_326' title='bbox 1476 2314 1611 2363; x_wconf 89' lang='lat' dir='ltr'>paucis</span> 
     </span>
     <span class='ocr_line' id='line_1_36' title="bbox 141 2371 1610 2426; baseline 0.003 -17"><span class='ocrx_word' id='word_1_327' title='bbox 141 2373 246 2410; x_wconf 90' lang='lat' dir='ltr'>velut</span> <span class='ocrx_word' id='word_1_328' title='bbox 266 2372 434 2417; x_wconf 83' lang='lat' dir='ltr'>tesseris,</span> <span class='ocrx_word' id='word_1_329' title='bbox 455 2379 498 2410; x_wconf 91' lang='lat' dir='ltr'>ut</span> <span class='ocrx_word' id='word_1_330' title='bbox 519 2371 569 2410; x_wconf 92' lang='lat' dir='ltr'>de</span> <span class='ocrx_word' id='word_1_331' title='bbox 585 2385 625 2410; x_wconf 88' lang='lat' dir='ltr'>re</span> <span class='ocrx_word' id='word_1_332' title='bbox 646 2379 728 2410; x_wconf 90' lang='lat' dir='ltr'>tum</span> <span class='ocrx_word' id='word_1_333' title='bbox 748 2374 906 2424; x_wconf 87' lang='lat' dir='ltr'>publica</span> <span class='ocrx_word' id='word_1_334' title='bbox 923 2381 1004 2412; x_wconf 88' lang='lat' dir='ltr'>turn</span> <span class='ocrx_word' id='word_1_335' title='bbox 1025 2374 1176 2426; x_wconf 89' lang='lat' dir='ltr'>privata</span> <span class='ocrx_word' id='word_1_336' title='bbox 1191 2374 1463 2412; x_wconf 88' lang='lat' dir='ltr'>consentirent.</span> <span class='ocrx_word' id='word_1_337' title='bbox 1520 2375 1610 2413; x_wconf 82' lang='lat' dir='ltr'>Jam</span> 
     </span>
     <span class='ocr_line' id='line_1_37' title="bbox 142 2434 1611 2485; baseline 0.001 -13"><span class='ocrx_word' id='word_1_338' title='bbox 142 2441 293 2472; x_wconf 85' lang='lat' dir='ltr'>tantum</span> <span class='ocrx_word' id='word_1_339' title='bbox 330 2434 403 2472; x_wconf 83' lang='lat' dir='ltr'>fuit</span> <span class='ocrx_word' id='word_1_340' title='bbox 446 2447 580 2472; x_wconf 89' lang='lat' dir='ltr'>eorum</span> <span class='ocrx_word' id='word_1_341' title='bbox 624 2434 844 2485; x_wconf 86' lang='lat' dir='ltr'>reipublicae</span> <span class='ocrx_word' id='word_1_342' title='bbox 884 2436 1068 2482; x_wconf 90' lang='lat' dir='ltr'>studium,</span> <span class='ocrx_word' id='word_1_343' title='bbox 1108 2442 1151 2474; x_wconf 89' lang='lat' dir='ltr'>ut</span> <span class='ocrx_word' id='word_1_344' title='bbox 1186 2437 1284 2474; x_wconf 89' lang='lat' dir='ltr'>inter</span> <span class='ocrx_word' id='word_1_345' title='bbox 1319 2448 1384 2473; x_wconf 92' lang='lat' dir='ltr'>eos</span> <span class='ocrx_word' id='word_1_346' title='bbox 1424 2436 1611 2474; x_wconf 85' lang='lat' dir='ltr'>sactiones</span> 
     </span>
     <span class='ocr_line' id='line_1_38' title="bbox 140 2495 1612 2547; baseline 0.001 -13"><span class='ocrx_word' id='word_1_347' title='bbox 140 2503 288 2542; x_wconf 88' lang='lat' dir='ltr'>essent,</span> <span class='ocrx_word' id='word_1_348' title='bbox 308 2508 386 2533; x_wconf 89' lang='lat' dir='ltr'>non</span> <span class='ocrx_word' id='word_1_349' title='bbox 407 2495 481 2533; x_wconf 87' lang='lat' dir='ltr'>utri</span> <span class='ocrx_word' id='word_1_350' title='bbox 501 2495 631 2533; x_wconf 88' lang='lat' dir='ltr'>alteris</span> <span class='ocrx_word' id='word_1_351' title='bbox 652 2509 674 2534; x_wconf 91' lang='lat' dir='ltr'>e</span> <span class='ocrx_word' id='word_1_352' title='bbox 703 2496 829 2535; x_wconf 89' lang='lat' dir='ltr'>medio</span> <span class='ocrx_word' id='word_1_353' title='bbox 850 2497 1012 2535; x_wconf 90' lang='lat' dir='ltr'>sublatis</span> <span class='ocrx_word' id='word_1_354' title='bbox 1032 2497 1188 2547; x_wconf 91' lang='lat' dir='ltr'>reliquis</span> <span class='ocrx_word' id='word_1_355' title='bbox 1210 2497 1514 2543; x_wconf 85' lang='lat' dir='ltr'>dominarentur,</span> <span class='ocrx_word' id='word_1_356' title='bbox 1543 2498 1612 2535; x_wconf 87' lang='lat' dir='ltr'>sed</span> 
     </span>
     <span class='ocr_line' id='line_1_39' title="bbox 141 2557 1610 2610; baseline 0.002 -15"><span class='ocrx_word' id='word_1_357' title='bbox 141 2558 216 2595; x_wconf 87' lang='lat' dir='ltr'>utri</span> <span class='ocrx_word' id='word_1_358' title='bbox 254 2571 364 2596; x_wconf 78' lang='lat' dir='ltr'>suam</span> <span class='ocrx_word' id='word_1_359' title='bbox 395 2559 432 2595; x_wconf 88' lang='lat' dir='ltr'>in</span> <span class='ocrx_word' id='word_1_360' title='bbox 470 2557 665 2596; x_wconf 89' lang='lat' dir='ltr'>civitatem</span> <span class='ocrx_word' id='word_1_361' title='bbox 699 2559 998 2598; x_wconf 86' lang='lat' dir='ltr'>beneficentiam</span> <span class='ocrx_word' id='word_1_362' title='bbox 1034 2559 1305 2610; x_wconf 83' lang='lat' dir='ltr'>properantius</span> <span class='ocrx_word' id='word_1_363' title='bbox 1342 2558 1610 2598; x_wconf 86' lang='lat' dir='ltr'>declararent:</span> 
     </span>
     <span class='ocr_line' id='line_1_40' title="bbox 141 2619 1612 2672; baseline 0.002 -15"><span class='ocrx_word' id='word_1_364' title='bbox 141 2619 347 2658; x_wconf 87' lang='lat' dir='ltr'>societates</span> <span class='ocrx_word' id='word_1_365' title='bbox 379 2620 551 2668; x_wconf 86' lang='lat' dir='ltr'>coibant,</span> <span class='ocrx_word' id='word_1_366' title='bbox 581 2632 657 2657; x_wconf 91' lang='lat' dir='ltr'>non</span> <span class='ocrx_word' id='word_1_367' title='bbox 688 2621 737 2658; x_wconf 92' lang='lat' dir='ltr'>ob</span> <span class='ocrx_word' id='word_1_368' title='bbox 767 2621 918 2672; x_wconf 88' lang='lat' dir='ltr'>privata</span> <span class='ocrx_word' id='word_1_369' title='bbox 945 2621 1164 2667; x_wconf 86' lang='lat' dir='ltr'>commoda,</span> <span class='ocrx_word' id='word_1_370' title='bbox 1198 2621 1267 2658; x_wconf 88' lang='lat' dir='ltr'>sed</span> <span class='ocrx_word' id='word_1_371' title='bbox 1295 2628 1450 2672; x_wconf 89' lang='lat' dir='ltr'>propter</span> <span class='ocrx_word' id='word_1_372' title='bbox 1479 2622 1612 2672; x_wconf 90' lang='lat' dir='ltr'>populi</span> 
     </span>
     <span class='ocr_line' id='line_1_41' title="bbox 140 2681 1612 2732; baseline 0.003 -14"><span class='ocrx_word' id='word_1_373' title='bbox 140 2681 412 2719; x_wconf 88' lang='lat' dir='ltr'>emolumenta.</span> <span class='ocrx_word' id='word_1_374' title='bbox 470 2681 698 2732; x_wconf 86' lang='lat' dir='ltr'>Eodemque</span> <span class='ocrx_word' id='word_1_375' title='bbox 712 2682 829 2720; x_wconf 88' lang='lat' dir='ltr'>modo</span> <span class='ocrx_word' id='word_1_376' title='bbox 842 2683 959 2722; x_wconf 86' lang='lat' dir='ltr'>etiam</span> <span class='ocrx_word' id='word_1_377' title='bbox 971 2696 1030 2722; x_wconf 91' lang='lat' dir='ltr'>res</span> <span class='ocrx_word' id='word_1_378' title='bbox 1045 2683 1205 2721; x_wconf 89' lang='lat' dir='ltr'>aliorum</span> <span class='ocrx_word' id='word_1_379' title='bbox 1221 2682 1554 2728; x_wconf 85' lang='lat' dir='ltr'>administrabant,</span> <span class='ocrx_word' id='word_1_380' title='bbox 1568 2692 1612 2722; x_wconf 90' lang='lat' dir='ltr'>ut</span> 
     </span>
     <span class='ocr_line' id='line_1_42' title="bbox 141 2739 1609 2796; baseline 0.003 -19"><span class='ocrx_word' id='word_1_381' title='bbox 141 2742 313 2780; x_wconf 90' lang='lat' dir='ltr'>colerent</span> <span class='ocrx_word' id='word_1_382' title='bbox 333 2739 496 2781; x_wconf 84' lang='lat' dir='ltr'>Graecos</span> <span class='ocrx_word' id='word_1_383' title='bbox 517 2755 593 2780; x_wconf 90' lang='lat' dir='ltr'>non</span> <span class='ocrx_word' id='word_1_384' title='bbox 613 2744 867 2794; x_wconf 84' lang='lat' dir='ltr'>exagitarent,</span> <span class='ocrx_word' id='word_1_385' title='bbox 890 2745 1242 2794; x_wconf 85' lang='lat' dir='ltr'>existimabantque</span> <span class='ocrx_word' id='word_1_386' title='bbox 1263 2756 1340 2781; x_wconf 92' lang='lat' dir='ltr'>non</span> <span class='ocrx_word' id='word_1_387' title='bbox 1368 2744 1609 2796; x_wconf 86' lang='lat' dir='ltr'>tyrannidem</span> 
     </span>
     <span class='ocr_line' id='line_1_43' title="bbox 144 2803 1609 2857; baseline 0.002 -17"><span class='ocrx_word' id='word_1_388' title='bbox 144 2803 214 2841; x_wconf 87' lang='lat' dir='ltr'>sed</span> <span class='ocrx_word' id='word_1_389' title='bbox 252 2805 453 2855; x_wconf 86' lang='lat' dir='ltr'>imperium</span> <span class='ocrx_word' id='word_1_390' title='bbox 489 2806 527 2843; x_wconf 90' lang='lat' dir='ltr'>in</span> <span class='ocrx_word' id='word_1_391' title='bbox 563 2820 629 2845; x_wconf 91' lang='lat' dir='ltr'>eos</span> <span class='ocrx_word' id='word_1_392' title='bbox 667 2821 754 2846; x_wconf 88' lang='lat' dir='ltr'>esse</span> <span class='ocrx_word' id='word_1_393' title='bbox 784 2807 1055 2851; x_wconf 83' lang='lat' dir='ltr'>exercendum,</span> <span class='ocrx_word' id='word_1_394' title='bbox 1094 2814 1134 2843; x_wconf 88' lang='lat' dir='ltr'>et</span> <span class='ocrx_word' id='word_1_395' title='bbox 1167 2805 1287 2844; x_wconf 89' lang='lat' dir='ltr'>duces</span> <span class='ocrx_word' id='word_1_396' title='bbox 1324 2806 1452 2857; x_wconf 83' lang='lat' dir='ltr'>potius</span> <span class='ocrx_word' id='word_1_397' title='bbox 1491 2819 1609 2856; x_wconf 88' lang='lat' dir='ltr'>quam</span> 
     </span>
     <span class='ocr_line' id='line_1_44' title="bbox 143 2864 1608 2918; baseline 0.001 -16"><span class='ocrx_word' id='word_1_398' title='bbox 143 2864 320 2904; x_wconf 86' lang='lat' dir='ltr'>dominos</span> <span class='ocrx_word' id='word_1_399' title='bbox 350 2867 550 2918; x_wconf 84' lang='lat' dir='ltr'>appellari,</span> <span class='ocrx_word' id='word_1_400' title='bbox 575 2876 789 2907; x_wconf 85' lang='lat' dir='ltr'>servatores</span> <span class='ocrx_word' id='word_1_401' title='bbox 821 2876 860 2907; x_wconf 88' lang='lat' dir='ltr'>et</span> <span class='ocrx_word' id='word_1_402' title='bbox 893 2882 969 2906; x_wconf 89' lang='lat' dir='ltr'>non</span> <span class='ocrx_word' id='word_1_403' title='bbox 998 2874 1213 2906; x_wconf 80' lang='lat' dir='ltr'>vastatores</span> <span class='ocrx_word' id='word_1_404' title='bbox 1244 2868 1443 2914; x_wconf 85' lang='lat' dir='ltr'>nominari,</span> <span class='ocrx_word' id='word_1_405' title='bbox 1470 2881 1511 2905; x_wconf 87' lang='lat' dir='ltr'>se</span> <span class='ocrx_word' id='word_1_406' title='bbox 1541 2880 1608 2904; x_wconf 92' lang='lat' dir='ltr'>cu-</span> 
     </span>
     <span class='ocr_line' id='line_1_45' title="bbox 142 2926 1609 2980; baseline 0.002 -17"><span class='ocrx_word' id='word_1_407' title='bbox 142 2926 320 2976; x_wconf 80' lang='lat' dir='ltr'>piebant;</span> <span class='ocrx_word' id='word_1_408' title='bbox 349 2927 546 2968; x_wconf 84' lang='lat' dir='ltr'>beneficiis</span> <span class='ocrx_word' id='word_1_409' title='bbox 566 2930 742 2969; x_wconf 86' lang='lat' dir='ltr'>civitates</span> <span class='ocrx_word' id='word_1_410' title='bbox 762 2930 986 2969; x_wconf 84' lang='lat' dir='ltr'>alliciebant</span> <span class='ocrx_word' id='word_1_411' title='bbox 1003 2942 1081 2968; x_wconf 87' lang='lat' dir='ltr'>non</span> <span class='ocrx_word' id='word_1_412' title='bbox 1100 2929 1136 2968; x_wconf 88' lang='lat' dir='ltr'>vi</span> <span class='ocrx_word' id='word_1_413' title='bbox 1157 2941 1311 2967; x_wconf 87' lang='lat' dir='ltr'>eversas</span> <span class='ocrx_word' id='word_1_414' title='bbox 1331 2929 1378 2968; x_wconf 86' lang='lat' dir='ltr'>ad</span> <span class='ocrx_word' id='word_1_415' title='bbox 1401 2942 1441 2967; x_wconf 89' lang='lat' dir='ltr'>se</span> <span class='ocrx_word' id='word_1_416' title='bbox 1463 2936 1609 2980; x_wconf 82' lang='lat' dir='ltr'>pertra-</span> 
     </span>
    </p>

    <p class='ocr_par' dir='ltr' id='par_1_5' title="bbox 866 3005 886 3027">
     <span class='ocr_line' id='line_1_46' title="bbox 866 3005 886 3027; baseline 0 -15"><span class='ocrx_word' id='word_1_417' title='bbox 866 3005 886 3027; x_wconf 53' lang='lat' dir='ltr'><strong>F</strong></span> 
     </span>
    </p>
   </div>
  </div>
 </body>
</html>
