1870 3277
283 158 359 192 374
948 158 1063 196 ISAEI

280 257 429 304 lodoro,
442 257 632 310 Thrasylli
652 259 742 305 filio,
758 258 961 309 relictam].
1018 261 1124 311 Cape
1140 266 1179 298 tu
1198 260 1267 298 has
1287 259 1406 311 leges,
1423 274 1517 312 quas
1533 261 1570 299 bi
1589 262 1724 313 migra·

281 328 379 368 runt,
399 335 541 373 easque
560 324 678 362 recita
697 323 754 361 his
776 322 1021 373 [judicibus].

908 434 1092 471 LEGES.

285 522 369 560 Hac
398 521 550 573 quidem
570 533 591 558 e
610 521 696 572 lege
709 528 837 571 partes
854 520 1074 559 hereditatis
1095 521 1263 571 aequales
1282 521 1409 558 ferunt
1428 520 1597 558 defuncti
1620 534 1724 558 soror

282 590 475 634 superstes
508 590 546 620 et
566 582 666 619 filius
697 583 743 620 ab
765 582 884 620 altera
910 595 1036 620 sorore
1064 582 1245 620 defuncta
1270 582 1437 620 relictus.
1496 583 1602 633 Cape
1623 581 1722 620 hanc

281 657 433 695 quoque
453 645 591 694 legem,
608 650 648 681 et
666 643 783 681 recita
802 643 889 681 illis.

944 755 1062 793 LEX.

284 841 511 880 Consobrini
531 842 562 879 si
581 841 676 879 nulli
697 848 786 880 sunt
813 854 938 892 neque
959 843 1268 892 consobrinorum
1290 843 1394 880 liberi
1415 855 1541 893 neque
1561 854 1722 879 consan-

282 903 501 953 guineorum
522 902 720 953 quisquam
733 916 755 940 a
771 910 876 953 parte
897 904 1028 953 patris,
1044 910 1124 940 tum
1145 903 1301 940 tradidit
1320 903 1516 953 legislator
1535 902 1724 940 heredita-

281 972 358 1003 tem
390 964 686 1014 consanguineis
722 977 744 1000 a
781 972 886 1015 parte
925 964 1068 1009 matris,
1107 964 1290 1002 definiens
1327 977 1512 1014 quosnam
1551 971 1725 1015 oporteat

282 1026 449 1076 potiores
470 1038 567 1063 esse.
626 1025 731 1076 Cape
749 1032 790 1062 tu
810 1025 909 1063 hanc
930 1037 1086 1076 quoque
1107 1025 1248 1076 legem,
1268 1032 1306 1063 et
1325 1025 1415 1076 ipsis
1437 1024 1566 1062 recita.

948 1143 1064 1182 LEX.

284 1232 451 1282 Legibus
480 1231 566 1270 haec
585 1231 837 1277 edicentibus‚
856 1230 1115 1283 Thrasybulus
1134 1230 1210 1277 hic,
1229 1231 1382 1269 tametsi
1402 1231 1457 1268 vir
1475 1237 1573 1269 esset
1588 1232 1728 1281 [eoque

282 1295 331 1332 ab
350 1293 573 1332 hereditatis
597 1293 683 1344 jure
710 1292 894 1345 propior],
922 1300 1049 1331 tamen
1071 1306 1117 1331 ne
1150 1301 1297 1344 partem
1323 1293 1478 1343 quidem
1505 1292 1586 1344 ejus
1607 1292 1726 1343 petiit,

281 1354 346 1393 hic
371 1361 497 1393 autem
523 1353 745 1406 [Pronapis]
773 1354 859 1392 loco
876 1360 914 1392 et
936 1353 1088 1392 nomine
1113 1354 1228 1404 hujus
1259 1353 1428 1391 mulieris
1459 1353 1605 1404 [uxoris
1627 1352 1725 1401 suae]

280 1422 401 1454 totam
428 1417 562 1467 petiit:
594 1416 689 1454 adeo
714 1415 767 1453 nil
798 1422 1000 1454 autumant
1025 1415 1300 1466 impudentiam
1332 1417 1485 1462 obesse,
1505 1416 1652 1454 etiamsi
1684 1416 1724 1453 in

282 1479 396 1516 rebus
422 1485 499 1515 tam
519 1477 643 1529 planis
664 1484 702 1515 et
725 1477 936 1528 perspicuis
959 1477 1067 1528 leges
1096 1477 1258 1528 migrare
1286 1477 1469 1516 audeaut.
1525 1477 1727 1515 Verumta-

282 1552 371 1578 men
400 1539 474 1577 hac
501 1545 661 1578 utuntur
686 1538 948 1584 excusatione,
974 1538 1256 1589 Thrasybulum
1286 1539 1324 1575 in
1351 1538 1508 1576 domum
1539 1538 1726 1590 Hippolo-

285 1600 410 1639 chidae
440 1601 721 1651 emancipatum
753 1612 850 1645 esse,
875 1599 1039 1648 ideoque
1071 1600 1143 1637 sibi
1171 1607 1389 1651 competere
1416 1600 1480 1651 jus
1513 1599 1728 1638 universam

282 1663 508 1715 Apollodori
527 1662 779 1700 hereditatem
798 1661 965 1712 petendi.
1022 1661 1122 1700 Vere
1145 1661 1298 1714 quidem
1325 1661 1378 1699 illi
1399 1661 1603 1707 hactenus,
1625 1661 1729 1713 quod

283 1724 565 1776 emancipatum
591 1723 698 1762 aiunt
727 1722 1029 1774 Thrasybulum3
1061 1737 1189 1761 verum
1218 1723 1266 1762 ad
1293 1737 1371 1761 rem
1396 1723 1468 1761 hoc
1494 1723 1649 1774 quidem
1675 1723 1728 1760 nil

282 1785 389 1824 facit.
447 1784 596 1836 Ecquid
616 1784 716 1823 enim
743 1797 789 1823 eo
810 1784 991 1822 minuitur
1013 1785 1254 1837 Thrasybulo
1268 1786 1332 1836 jus
1357 1785 1456 1824 hanc
1475 1785 1725 1823 hereditatem

283 1846 463 1898 petendi?
495 1860 601 1892 num,
621 1846 724 1897 quod
757 1846 1021 1898 emancipatus
1048 1854 1121 1893 est,
1147 1846 1235 1884 ideo
1268 1847 1392 1885 minus
1419 1855 1478 1885 est
1503 1846 1726 1898 Apollodori

284 1909 499 1962 cognatus?
554 1909 679 1947 Etiam
713 1908 869 1947 alterius
907 1908 1151 1960 Apollodori,
1184 1907 1249 1959 qui
1279 1908 1379 1946 filius
1418 1907 1615 1959 Eupolidis
1644 1908 1729 1955 fuit,

283 1971 481 2010 semissem
500 1969 738 2017 hereditatis,
754 1983 830 2009 non
846 1983 866 2008 e
880 1976 1051 2022 paterno,
1068 1970 1136 2008 sed
1152 1978 1324 2008 materno
1338 1973 1423 2018 jure
1444 1969 1593 2020 accepit
1607 1970 1726 2021 [quod

279 2034 343 2085 jus
371 2046 438 2084 per
469 2031 754 2084 adoptationem
783 2045 860 2071 non
892 2031 1105 2080 mutatur]:
1141 2032 1279 2070 licebat
1307 2045 1398 2083 ergo
1427 2032 1461 2069 ei
1487 2032 1728 2082 cognationis

285 2095 439 2145 quidem
462 2107 509 2132 ex
527 2094 638 2132 titulo
658 2095 761 2132 bona
785 2093 1010 2146 Apollodori
1035 2107 1056 2131 e
1075 2093 1277 2144 Thrasyllo
1307 2094 1400 2140 nati,
1421 2107 1509 2144 quae
1535 2093 1635 2132 bona
1653 2107 1728 2145 ego

283 2155 376 2193 mihi
409 2169 510 2194 nunc
539 2156 701 2202 vindico,
728 2163 872 2207 petere,
900 2156 1041 2208 quippe
1074 2156 1138 2207 qui
1164 2156 1357 2194 foeminam
1383 2156 1482 2194 hanc
1513 2156 1727 2207 [Eupolidis

285 2217 420 2266 filiam]
444 2217 482 2254 in
505 2217 592 2268 jure
620 2217 773 2268 petendi
801 2218 1058 2265 antecederet,
1078 2224 1117 2256 et
1135 2218 1295 2269 petisset
1318 2230 1487 2269 quoque,
1505 2218 1576 2255 nisi
1601 2218 1728 2256 existi-

282 2284 430 2317 masset
443 2284 543 2316 recte
561 2277 700 2315 habere
717 2279 764 2315 ab
786 2278 1021 2330 Apollodoro
1042 2292 1155 2330 super
1173 2278 1419 2330 adoptatione
1438 2278 1511 2316 mei
1526 2280 1740 2317 bonorum--

286 2354 361 2393 que
386 2340 576 2392 legatione
597 2339 822 2378 constituta.
878 2340 1022 2379 Verum
1043 2340 1308 2393 Thrasybulus
1334 2354 1410 2380 non
1429 2349 1488 2380 est
1511 2341 1728 2393 impudens.

286 2403 391 2441 Nam
408 2402 538 2440 matris
557 2401 712 2452 quidem
733 2414 845 2440 nemo
866 2409 925 2439 est
944 2403 1203 2454 emancipatus
1224 2403 1278 2454 [h.
1291 2417 1326 2441 e.
1342 2403 1493 2441 tametsi
1515 2402 1554 2440 in
1574 2402 1729 2440 domum

285 2465 447 2504 alienam
466 2463 728 2514 emancipatus
741 2463 829 2514 jura
848 2463 987 2501 amittit
1005 2476 1027 2500 a
1046 2471 1151 2514 parte
1171 2464 1288 2515 patris
1308 2464 1343 2502 ei
1361 2463 1631 2515 competentia,
1652 2476 1728 2501 non

285 2526 374 2565 ideo
399 2532 526 2563 tamen
546 2524 683 2576 pariter
695 2525 784 2576 jura
803 2537 958 2577 quoque
977 2525 1116 2563 amittit
1134 2539 1156 2563 a
1174 2533 1280 2576 parte
1299 2525 1430 2563 matris
1445 2525 1477 2562 ei
1498 2524 1638 2570 debita,
1659 2525 1728 2562 sed

284 2589 372 2626 hoec
391 2594 492 2625 certe
522 2587 628 2624 salva
660 2599 808 2638 semper
836 2587 870 2625 ei
900 2587 1091 2636 manent],
1128 2588 1197 2625 sed
1227 2587 1386 2638 perinde
1418 2593 1546 2625 servat
1571 2585 1729 2637 quisque

288 2657 448 2687 matrem
474 2661 582 2687 suam
607 2648 663 2700 [h.
683 2661 719 2686 e.
746 2648 834 2700 jura
861 2661 928 2700 per
942 2655 1101 2687 matrem
1129 2647 1426 2696 convenientia]‚
1454 2648 1532 2685 sive
1550 2647 1589 2684 in
1609 2647 1725 2686 domo

279 2718 444 2762 *paterna
472 2716 617 2761 manet,
647 2710 726 2748 sive
757 2710 795 2747 in
823 2710 987 2749 alienam
1017 2711 1291 2761 emancipatur.
1347 2710 1592 2760 Quapropter
1616 2709 1728 2747 etiam

286 2772 548 2823 Thrasybulus
578 2778 684 2823 parte
709 2773 899 2810 bonorum
926 2772 1150 2824 Apollodori
1179 2773 1295 2822 [ejus‚
1316 2771 1382 2821 qui
1406 2770 1503 2808 filius
1529 2770 1727 2821 Eupolidis

288 2833 378 2882 fuit]
397 2839 480 2870 rata
506 2834 635 2885 [eique
655 2846 722 2885 per
744 2840 905 2872 matrem
935 2833 1195 2885 competente]
1222 2833 1421 2871 fraudatus
1442 2845 1519 2871 non
1543 2831 1629 2876 fuit,
1658 2831 1727 2871 sed

291 2893 515 2935 hereditatis
533 2895 633 2934 illius
647 2895 843 2935 semissem
862 2895 1019 2935 alteram
1038 2895 1195 2936 abstulit
1213 2894 1308 2946 ipse,
1324 2894 1480 2934 alteram
1501 2892 1586 2932 haec
1599 2892 1730 2931 mulier
