1870 3277
547 174 769 211 CONTRA
797 172 1263 211 ARISTOGITONEM.
1545 175 1622 210 445

187 274 437 325 corruptelam
459 275 681 313 Graecorum
702 289 746 313 ex
765 275 890 312 Medis
918 273 1121 311 adducere.
1179 274 1288 311 Prius
1319 273 1431 323 igitur
1451 273 1620 322 accipere

189 334 336 384 aliquos
369 335 536 387 dareque
565 336 850 374 consuetudinis
880 333 1194 384 experimentum,
1224 334 1355 384 fugam
1385 338 1510 370 autem
1542 333 1621 370 auri

189 395 348 433 vectoris
368 404 660 445 cognoscentes,
676 409 762 433 eum
787 409 833 433 ex
859 402 938 433 tota
968 394 1121 443 regione
1145 394 1459 444 proscripserunt,
1514 392 1623 431 Post-

188 469 320 507 eaque,
342 464 384 495 ut
411 458 501 503 dixi,
528 459 565 494 in
597 471 683 495 arce
710 470 847 495 aeream
876 455 1090 493 columnam
1119 454 1400 505 inscriptionem
1435 454 1621 492 addentes

186 519 479 565 constituerunt,
511 519 724 570 exemplum
755 518 859 555 vobis
887 518 1047 568 posteris
1076 518 1153 554 suis
1174 522 1400 558 statuentes,
1420 517 1489 553 rati
1507 517 1620 554 etiam

190 591 323 616 aurum
343 587 482 618 temere
508 580 768 618 admittentem
791 592 867 616 non
894 578 940 615 de
963 578 1113 616 civitate
1143 577 1212 615 sed
1242 576 1289 614 de
1319 583 1539 626 corruptore
1557 589 1621 614 co-

187 641 293 678 mitia
312 648 497 679 acturum.
541 641 618 678 Soli
631 641 742 678 etiam
756 640 808 677 illi
829 652 984 677 causam
1003 638 1288 689 adscripserunt
1301 637 1349 674 ob
1367 649 1480 686 quam
1500 649 1621 686 popu-

187 701 248 739 lus
286 715 372 740 eum
416 702 464 740 de
501 703 651 740 civitate
682 703 938 745 exturbasset,
978 700 1185 738 scribentes
1230 699 1370 749 palam,
1405 697 1622 734 Arthmium

188 763 436 814 Pythonactis
455 764 714 801 Zeleutensem
734 763 883 800 hostem
904 762 1033 813 populi
1055 768 1094 799 et
1112 760 1410 799 commilitonum
1430 760 1623 805 exsistere,

186 824 311 874 ipsum
332 825 634 874 prosapiamque,
654 831 693 861 et
711 823 871 861 Athenis
887 823 1091 874 profugere
1110 821 1199 872 quia
1217 834 1264 858 ex
1287 820 1414 857 Medis
1436 833 1567 857 aurum
1583 821 1622 857 in

187 884 494 935 Peloponnesum
514 885 729 923 advexerat,
786 885 913 928 Quare
933 898 1019 923 cum
1039 897 1170 922 aurum
1186 883 1224 920 in
1245 882 1514 933 Peloponneso
1537 882 1622 932 plu-

186 945 362 984 rimorum
389 948 681 984 instrumentum
708 946 891 983 malorum
915 945 1060 983 Graecis
1080 944 1240 995 populus
1266 943 1468 989 existimet,
1489 956 1622 994 quarn-

187 1008 316 1045 obrem
347 1008 511 1058 segniter
542 1021 656 1058 agere
688 1008 902 1051 conveniat,
925 1006 1234 1044 invalescentium
1265 1017 1462 1041 munerum
1496 1017 1623 1042 corru-

187 1068 329 1119 ptelam
346 1069 383 1106 in
399 1069 469 1106 hac
484 1069 634 1106 civitate
656 1068 932 1119 conspicientes
947 1067 961 1104 ’ἒ
993 1068 1149 1105 Mecum
1164 1066 1279 1104 etiam
1293 1065 1511 1104 columnam
1525 1065 1623 1104 hanc

186 1136 330 1173 attente
349 1129 599 1167 considerate.
1526 1133 1529 1135 ’

767 1230 1046 1269 COLUMNA.

188 1315 343 1361 Verum,
363 1313 398 1352 O
418 1315 687 1361 Athenienses,
717 1315 807 1366 quid
828 1317 929 1354 viros
955 1316 1040 1353 illos
1067 1315 1233 1353 facturos
1266 1315 1496 1353 arbitramini
1528 1315 1625 1353 acci-

186 1378 334 1429 pientes
351 1378 427 1415 sive
442 1378 596 1415 militem
614 1379 690 1415 sive
717 1386 905 1416 oratorem
926 1379 1045 1416 civem
1062 1391 1172 1415 suum
1190 1377 1284 1415 citra
1302 1379 1432 1429 patriae
1457 1391 1625 1416 commo-

188 1439 279 1476 dum
298 1439 407 1476 donis
427 1446 657 1490 corruptum,
677 1439 742 1489 qui
765 1439 926 1476 Graeciae
951 1446 1147 1476 externum
1175 1439 1364 1475 hominem
1382 1445 1420 1475 et
1435 1451 1572 1488 genere
1588 1445 1627 1476 et

190 1507 327 1538 natura
355 1507 430 1537 tam
458 1500 563 1550 juste
589 1500 875 1551 prudenterque
904 1513 950 1538 ex
978 1499 1156 1537 universa
1183 1499 1449 1550 Peloponneso
1469 1499 1625 1550 expule-

188 1560 304 1598 runt?
359 1561 555 1611 Quocirca?
575 1561 622 1598 de
655 1563 748 1600 urhe
774 1569 813 1600 et
841 1562 890 1599 de
919 1560 1123 1611 majoribus
1153 1560 1266 1611 digne
1295 1560 1395 1612 apud
1425 1561 1624 1599 barbarum

188 1622 385 1674 periclitati
403 1629 504 1660 sunt.
