1870 3277
511 186 582 224 DE
611 185 832 225 CIRONIS
863 183 1223 223 HEREDITATE.
1513 185 1589 223 389

151 298 266 341 atque
296 289 519 328 subornavit
546 289 846 340 competitorem,
882 285 945 325 cui
983 297 1108 336 operae
1140 284 1335 335 praemium
1367 285 1590 325 hereditatis

150 359 298 404 partem
318 350 490 402 promisit
509 350 764 395 millesimam,
785 349 816 387 si
834 361 894 386 res
920 360 968 385 ex
985 347 1099 385 animi
1117 347 1175 384 sui
1193 347 1384 385 sententia
1409 361 1591 399 prospere

152 412 416 460 successisset,
436 419 554 451 totam
585 411 738 449 sibimet
762 409 834 461 ipsi
857 409 936 460 jam
963 407 1217 447 destinatione
1246 421 1442 458 arrogans,
1460 416 1498 448 et
1524 423 1592 461 spe

151 474 399 524 praecipiens3
444 481 484 512 et
515 486 593 511 non
623 473 670 511 ad
696 485 756 509 me
783 470 1035 517 solummodo,
1065 469 1136 507 sed
1161 481 1210 506 ne
1233 469 1283 507 ad
1312 469 1415 508 hunc
1440 471 1592 520 quidem
1623 470 1625 472 ’

155 536 459 586 [competitorem
481 533 623 582 meum]
639 534 827 571 fatebatur
846 544 958 570 avum
976 531 1015 568 in
1029 531 1137 570 bonis
1157 531 1362 582 quicquam
1385 531 1595 582 reliquisse,

154 597 223 635 sed
254 610 406 648 prorsus
441 597 609 646 negabat
635 594 843 645 quicquam
878 606 1087 644 superesse.
1142 594 1269 635 Quam
1292 594 1454 643 primum
1481 593 1596 632 Ciron

152 658 316 696 animam
345 657 584 703 reddidisset,
603 662 748 694 vestem
777 656 810 693 ei
828 655 983 693 feralem
1004 655 1087 705 ipse
1107 654 1356 705 comparavit,
1374 657 1482 704 cujus
1508 667 1596 705 pre-

152 719 245 758 tium
263 726 305 757 ut
321 732 394 769 ego
413 717 669 769 dependerem
688 717 780 755 mihi
802 716 1010 755 mandabat
1027 729 1155 755 coram
1174 716 1349 761 testibus,
1368 729 1529 767 quorum
1548 730 1597 755 ex

154 793 220 818 ore
232 780 304 831 ipsi
320 779 518 817 audivistis
532 779 634 817 idem
654 779 939 823 affirmantium;
968 790 1096 816 verum
1113 784 1216 829 post,
1230 790 1285 814 aes
1305 777 1400 815 illud
1419 778 1598 818 afferente

156 854 216 880 me
236 840 532 887 refundendum,
551 840 755 878 simulabat
777 854 817 878 se
837 853 914 878 non
932 853 1047 891 posse
1066 839 1105 877 id
1124 852 1147 877 a
1165 852 1225 877 me
1244 839 1427 889 accipere,
1448 853 1535 878 nam
1548 841 1597 879 ab

155 902 228 941 hoc
260 902 525 954 [competitore
551 901 654 949 meo]
686 902 756 940 sibi
780 903 861 953 jam
893 915 978 940 esse
1008 902 1203 945 refusum
1235 901 1374 951 quibus
1403 901 1599 941 'malitiosis

155 964 301 1002 artibus
321 971 361 1001 et
381 963 497 1001 vafris
517 963 742 1001 commentis
762 962 835 1001 hoc
863 965 1002 1014 agebat
1030 963 1200 1009 Diocles,
1219 970 1263 1000 ut
1282 963 1446 1002 latenter
1472 977 1533 1003 me
1550 965 1600 1003 de

150 1025 239 1076 jure
258 1037 342 1062 meo
359 1036 472 1062 avum
492 1024 701 1076 sepeliendi
717 1023 948 1070 detruderet,
965 1030 1020 1068 ut,
1037 1037 1113 1062 non
1133 1038 1219 1076 ego,
1240 1023 1308 1063 sed
1328 1025 1409 1076 ipse
1423 1025 1602 1065 Cironem

157 1086 332 1137 sepeliise
366 1086 554 1125 videretur
585 1087 723 1137 [eoque
747 1086 812 1138 jus
844 1084 1065 1124 hereditatis
1095 1086 1271 1138 petendae
1300 1087 1602 1140 adipisceretur·,

160 1147 364 1186 defunctos
381 1147 481 1185 enim
494 1160 569 1186 non
588 1148 659 1186 nisi
677 1148 838 1199 proximi
855 1149 1012 1199 cognati
1030 1156 1146 1199 atque
1161 1149 1321 1187 heredes
1334 1150 1601 1202 sepeliebant}

159 1209 295 1249 Diocle
313 1211 441 1260 itaque
462 1210 511 1248 de
531 1210 645 1248 domo
663 1209 736 1248 hac
759 1211 819 1262 [in
847 1224 933 1261 quae
965 1217 1120 1249 aetatem
1147 1211 1254 1262 degit
1286 1212 1429 1264 Ciron]
1449 1220 1490 1251 et
1517 1216 1604 1253 uni-

158 1272 276 1309 versis
294 1270 342 1309 de
362 1271 470 1309 bonis
490 1271 572 1322 ejus
591 1272 889 1310 controversiam
907 1271 999 1309 mihi
1019 1278 1209 1319 movente,
1225 1279 1342 1323 atque
1361 1280 1528 1324 negante
1553 1277 1601 1314 ab

159 1345 231 1370 avo
249 1332 450 1382 quicquam
480 1333 653 1372 relictum
678 1346 779 1380 esse,
803 1333 1020 1372 consultum
1039 1334 1144 1372 haud
1173 1335 1360 1372 ducebam
1377 1337 1538 1387 pervim
1567 1346 1606 1377 et

158 1400 304 1431 armata
323 1407 437 1432 manu
454 1408 593 1446 corpus
613 1396 786 1433 exanime
807 1397 865 1433 avi
882 1409 930 1434 ex
944 1396 1011 1434 illa
1021 1396 1138 1434 domo
1159 1397 1197 1434 in
1219 1410 1342 1435 meam
1358 1411 1381 1435 a
1398 1412 1459 1436 me
1479 1407 1603 1439 trans-

159 1454 270 1495 ferri:
299 1461 450 1506 tempus
483 1456 584 1494 enim
612 1457 651 1495 id
680 1457 804 1494 minus
836 1465 918 1495 erat
949 1464 1230 1508 opportunum:
1274 1459 1441 1498 sinebam
1477 1461 1605 1512 itaque

159 1528 297 1567 corpus
315 1516 467 1567 quidem
483 1517 548 1556 illa
567 1518 604 1555 in
625 1518 739 1557 domo
757 1531 925 1565 manere,
943 1519 1149 1569 praesertim
1169 1520 1298 1559 amicis
1318 1521 1391 1560 hoc
1408 1523 1606 1561 consilium

161 1589 286 1615 meum
305 1578 578 1628 probantibus3
606 1587 867 1617 verumtamen
889 1592 968 1616 una
986 1593 1075 1617 cum
1102 1580 1176 1618 illis
1196 1583 1330 1631 [uxore
1350 1583 1423 1629 avi,
1449 1584 1607 1636 ipsoque

162 1637 314 1684 Diocle,
340 1646 378 1677 et
401 1640 648 1690 competitore
678 1641 726 1678 ab
758 1640 833 1678 hoc
853 1639 1037 1678 adversus
1063 1653 1124 1678 me
1149 1642 1376 1692 subornato]
1404 1643 1520 1683 funus
1548 1647 1607 1684 avi

160 1700 339 1737 curabam
368 1707 407 1738 et
431 1714 509 1738 una
528 1702 730 1753 exsequias
754 1702 879 1739 ibam:
910 1709 1084 1752 sumptus
1109 1715 1130 1740 e
1148 1703 1258 1741 bonis
1291 1705 1339 1742 ab
1369 1717 1440 1742 avo
1467 1706 1608 1744 relictis

162 1759 495 1811 depromebantur.
554 1763 651 1801 Haec
670 1763 719 1801 ad
738 1762 839 1801 hunc
859 1763 1017 1801 modum
1043 1764 1182 1803 invitus
1203 1772 1318 1816 atque
1339 1774 1496 1806 coactus
1517 1783 1608 1820 age-

161 1821 276 1865 bam;
309 1835 384 1873 quo
405 1831 533 1861 tamen
560 1824 633 1862 hac
657 1837 811 1875 quoque
843 1824 949 1871 imre
969 1838 1028 1863 me
1053 1826 1217 1876 potiores
1236 1840 1285 1865 ne
1310 1836 1453 1875 essent,
1483 1844 1607 1882 neque

161 1883 236 1921 illis
255 1883 460 1934 quicquam
485 1885 689 1936 prodesset
719 1886 787 1924 illa
805 1886 982 1924 machina
1008 1887 1098 1924 mihi
1120 1894 1266 1926 structa
1291 1896 1334 1927 ut
1358 1903 1483 1929 coram
1502 1893 1609 1931 vobis

158 1945 325 1996 jactaret
343 1959 404 1984 me
424 1946 518 1984 nihil
535 1946 582 1984 ad
603 1947 748 1985 funeris
769 1954 944 1998 sumptus
963 1949 1185 1995 contulisse,
1198 1951 1246 1988 de
1264 1951 1426 1990 consilio
1446 1954 1609 2005 jurispe-

163 2008 240 2057 riti,
259 2021 372 2058 quem
391 2008 465 2046 hac
485 2009 534 2047 de
554 2022 594 2047 re
613 2010 834 2047 consultum
862 2010 991 2056 ieram,
1011 2010 1058 2048 de
1079 2024 1164 2049 meo
1181 2025 1257 2050 aere
1276 2019 1448 2065 sumptus
1469 2015 1611 2054 funeris

166 2070 320 2120 erogavi
346 2078 386 2108 et
415 2070 666 2109 novemdialia
694 2083 803 2110 sacra
826 2072 863 2109 in
895 2072 1084 2110 tumulum
1110 2073 1218 2112 intuli
1254 2088 1369 2126 quam
1401 2076 1612 2116 lautissime

165 2138 281 2182 atque
301 2133 588 2183 apparatissime
603 2138 788 2184 poteram,
802 2145 879 2184 quo
892 2134 1134 2185 sacrilegium
1154 2135 1225 2174 hoc
1243 2136 1335 2187 ipsis
1352 2137 1610 2177 exscinderem

163 2193 221 2244 [h.
242 2206 276 2232 e.
309 2207 385 2245 quo
416 2195 600 2246 eriperem
644 2195 733 2246 ipsis
763 2195 866 2233 hunc
898 2203 1125 2247 praetextum
1164 2197 1386 2236 hereditatis
1421 2201 1609 2252 petendae,

163 2256 269 2307 quod
300 2257 338 2295 in
370 2258 521 2296 Cironis
555 2258 671 2296 funus
705 2264 931 2309 erogassent
963 2266 1163 2310 sumptus;
1204 2274 1281 2312 quo
1318 2261 1419 2300 facto
1453 2263 1609 2301 deorum

165 2318 332 2357 manium
347 2318 550 2370 religiones
565 2325 761 2358 temeratae
777 2320 954 2367 fuissent,
966 2328 1078 2372 atque
1096 2322 1337 2374 sacrilegium
1353 2324 1610 2370 commissum,

165 2379 203 2417 in
224 2379 391 2417 officium
411 2379 572 2418 curandi
591 2381 733 2419 funeris
753 2381 1033 2420 intrudentibus
1055 2395 1140 2421 sese
1159 2383 1219 2428 iis,
1238 2383 1315 2434 qui,
1336 2397 1420 2422 cum
1442 2393 1572 2422 essent
1590 2398 1613 2424 a

165 2441 394 2491 cognatione
423 2440 594 2480 defuncti
615 2442 740 2489 alieni,
763 2456 839 2482 non
868 2451 1027 2495 possent
1045 2457 1123 2482 non
1154 2445 1326 2483 manibus
1353 2447 1436 2496 ejus
1462 2446 1612 2485 molesti

165 2514 266 2548 esse,
279 2513 422 2553 eosque
439 2503 723 2553 interturbat-eL
742 2511 781 2542 et
795 2517 870 2555 quo
889 2504 928 2542 hi
949 2519 996 2544 ne
1012 2506 1226 2544 viderentur
1244 2507 1382 2551 omnia,
1396 2520 1469 2558 ego
1485 2517 1612 2547 autem

168 2562 265 2601 nihil
296 2563 532 2615 impendisse
559 2565 718 2612 viderer,
746 2566 814 2604 sed
848 2567 1006 2618 perinde
1034 2579 1106 2618 ego
1134 2568 1390 2619 impenderem
1417 2576 1531 2620 atque
1560 2568 1614 2608 illi

167 2624 365 2663 fecissent.

226 2686 287 2722 14.
317 2685 390 2723 Hae
417 2686 533 2724 ferme
560 2693 649 2726 sunt
666 2700 726 2726 res
757 2696 890 2739 gestae,
912 2696 950 2727 et
973 2689 1034 2727 hae
1062 2703 1190 2728 causae
1209 2691 1332 2728 litium
1361 2696 1477 2742 atque
1495 2692 1614 2732 mole-

170 2746 330 2783 stiarum
348 2746 445 2784 inter
463 2760 533 2786 nos
548 2756 764 2787 coortarum
779 2763 788 2787 t
819 2762 948 2787 verum
965 2750 1047 2787 aliis
1064 2764 1217 2802 quoque
1237 2752 1273 2788 in
1293 2752 1404 2790 rebus
1424 2753 1453 2791 si
1469 2753 1615 2799 noritis,

164 2807 327 2859 judices,
345 2815 490 2858 quanta
506 2810 556 2848 sit
581 2810 695 2862 hujus
718 2811 864 2849 Dioclis
884 2811 1074 2862 cupiditas
1094 2819 1209 2863 atque
1230 2813 1476 2863 impudentia,
1500 2828 1610 2853 nemo

175 2875 341 2906 vestrum
373 2869 421 2907 sit
446 2869 593 2909 futurus
613 2873 677 2923 qui
709 2873 869 2911 orationi
900 2885 995 2910 meae
1021 2873 1135 2911 fidem
1166 2874 1344 2926 deneget.
1400 2875 1529 2914 Pauca
1557 2889 1615 2913 so-

178 2929 372 2968 lummodo
397 2931 487 2970 mihi
517 2932 632 2971 liceto
653 2933 735 2983 ejus
764 2935 995 2973 documenta
1020 2947 1330 2975 commemorare.
1385 2937 1478 2976 Tres
1508 2946 1614 2974 erant
