1870 3277
250 138 323 173 272
835 137 1117 176 lSOCRATIS

251 242 319 279 sed
339 240 458 292 ipsius
478 239 705 291 pulsationis
721 247 759 278 et
774 242 992 293 ignominiae
1013 254 1144 293 poenas
1161 254 1247 279 eum
1263 242 1352 280 mihi
1369 244 1585 296 persolvere
1599 243 1699 288 volo,

249 315 335 354 quae
356 314 416 340 res
436 301 611 341 homines
632 302 819 355 ingenuos
841 304 1005 342 maximo
1039 303 1170 341 dolore
1205 303 1357 343 afficere
1388 305 1529 344 debent
1559 305 1697 346 acerri-

250 377 388 414 meque
409 363 605 403 vindicari.

306 426 343 462 8.
375 425 563 475 Equidem
583 439 662 472 vos,
683 427 712 464 si
733 439 847 477 quem
869 426 1053 477 sacrilegii
1073 427 1212 464 furtive
1226 427 1429 474 damnatis,
1446 428 1481 466 in
1498 428 1701 479 irroganda

251 500 366 538 poena
393 500 469 525 non
499 486 537 524 id
568 494 746 539 spectare
766 487 878 526 video
903 495 1089 538 quantum
1120 488 1359 535 abstulerint,
1381 489 1447 527 sed
1469 489 1548 527 sine
1570 490 1701 527 discri-

251 549 350 587 mine
372 562 505 587 omnes
526 550 662 601 capitis
684 549 880 596 damnare,
902 557 940 588 et
959 564 1111 601 aequum
1134 559 1267 602 putare
1295 558 1349 597 ut,
1369 552 1433 602 qui
1453 551 1587 589 cadem
1608 552 1700 589 saci-

249 623 345 648 nora
364 618 454 648 sunt
474 611 661 661 aggressi,
683 624 816 662 poenas
838 611 994 649 easdem
1015 612 1134 650 luant.
1174 613 1283 650 Idem
1305 613 1421 664 igitur
1437 613 1486 650 de
1502 621 1701 651 contume-

249 674 353 712 liosis
376 675 455 712 istis
478 675 619 713 sentire
639 674 804 721 debetis,
824 689 947 726 neque
970 676 1008 713 id
1028 676 1285 723 considerare,
1305 691 1351 715 an
1373 691 1505 728 parum
1527 679 1700 715 verbera-

250 737 339 781 rint,
370 736 437 774 sed
471 750 519 775 an
553 737 661 788 leges
691 737 891 780 violarint;
937 751 1060 788 neque
1092 739 1192 776 enim
1226 748 1303 776 tam
1342 740 1380 776 id
1418 739 1565 776 factum
1597 739 1701 789 quod

250 798 412 849 contigit
435 798 705 837 vindicandum
732 806 804 845 est,
825 812 939 849 quam
975 800 1149 837 universa
1176 800 1388 851 petulantia
1418 814 1564 838 morum
1597 814 1701 838 coer-

251 859 394 903 cenda;
418 859 523 897 scit1s
544 860 645 897 enim
667 873 771 911 saepe
785 860 865 911 jam
886 873 1023 911 parvas
1041 874 1180 899 causas
1198 862 1368 912 ingentia
1381 861 1482 899 mala
1495 862 1702 913 peperisse,

250 934 294 960 ac
315 923 362 960 ab
385 922 426 959 iis
446 922 511 972 qui
533 923 732 960 verberare
762 923 840 959 ausi
872 923 1021 960 fuerant
1046 924 1127 972 jam
1159 924 1346 972 quosdam
1374 923 1423 960 ad
1453 930 1597 960 tantam
1628 923 1702 961 ira-

250 983 429 1021 cundiam
451 984 681 1028 concitatos,
702 990 745 1021 ut
771 983 819 1021 ad
840 983 1011 1029 vulnera,
1031 984 1080 1021 ad
1109 991 1264 1030 mortes,
1286 984 1334 1021 ad
1363 984 1505 1029 caedes,
1525 984 1573 1021 ad
1601 992 1702 1022 atro-

251 1044 423 1082 cissimas
443 1044 573 1083 clades
593 1044 936 1095 progrederentur:
966 1057 1130 1096 quorum
1152 1045 1256 1090 nihil,
1277 1054 1465 1095 quantum
1486 1047 1522 1083 in
1541 1058 1603 1084 reo
1619 1046 1703 1092 fuit,

251 1105 437 1144 infectum
463 1114 536 1152 est,
558 1107 641 1154 sed,
661 1106 692 1144 si
716 1106 815 1144 illius
835 1107 979 1144 factum
1000 1107 1196 1158 spectetis,
1215 1107 1342 1145 omnia
1362 1114 1580 1158 perpetrata
1599 1116 1703 1153 sunt,

249 1167 404 1206 fortuna
423 1175 551 1207 autem
581 1177 620 1207 et
644 1168 855 1207 moderatio
879 1181 965 1207 mea
985 1168 1022 1206 in
1044 1180 1161 1207 causa
1180 1169 1336 1207 fuerunt
1355 1182 1401 1207 ne
1418 1169 1510 1221 quid
1531 1169 1704 1207 acerbius

251 1238 488 1281 sequeretur.

302 1293 340 1330 9.
370 1293 543 1332 Arbitror
563 1300 691 1332 autem
715 1307 781 1333 vos
801 1294 854 1332 ita
870 1294 1024 1332 demum
1046 1300 1087 1332 ut
1105 1308 1165 1333 res
1186 1301 1350 1332 meretur
1371 1293 1652 1344 indignaturos,
1672 1294 1704 1331 si

250 1354 449 1393 vobiscum
481 1355 553 1406 ipsi
585 1356 865 1406 reputaveritis,
886 1362 1033 1406 quanto
1064 1355 1184 1406 major
1213 1355 1297 1392 haec
1329 1356 1378 1393 sit
1409 1356 1490 1393 aliis
1519 1355 1702 1406 peccatis.

250 1415 353 1454 Nam
373 1416 448 1454 alia
467 1417 623 1467 quidem
644 1418 789 1456 scelera
807 1424 958 1469 partem
978 1417 1141 1467 aliquam
1164 1417 1215 1454 rei
1235 1417 1432 1455 familiaris
1454 1417 1608 1463 laedere,
1624 1430 1705 1455 ver-

249 1477 382 1515 berum
403 1485 532 1516 autem
552 1478 730 1529 injuriam
751 1493 912 1516 summae
938 1491 1064 1516 rerum
1093 1492 1245 1523 nocere,
1267 1479 1481 1525 invenietis,
1503 1486 1541 1516 et
1566 1479 1704 1517 multas

249 1538 412 1577 familias
433 1540 482 1577 ob
502 1540 604 1577 hanc
624 1540 836 1578 exstinctas
858 1553 956 1586 esse,
977 1539 1197 1591 multasque
1217 1542 1331 1578 urbes
1352 1553 1518 1578 eversas.

306 1603 368 1640 10.
399 1601 452 1639 Et
470 1615 651 1653 quorsum
669 1602 808 1640 attinet
823 1601 981 1639 aliorum
1003 1601 1180 1639 cladibus
1201 1602 1548 1640 commemorandis
1570 1601 1703 1640 immo-

250 1662 344 1700 rari?
375 1663 457 1701 Nos
478 1663 549 1714 ipsi
567 1664 625 1701 bis
642 1665 723 1714 jam
738 1669 880 1702 statum
897 1663 1121 1714 popularem
1150 1663 1349 1701 sublatum
1375 1677 1460 1702 esse
1480 1664 1614 1715 bisque
1636 1678 1704 1703 nos

250 1724 465 1762 libertatern
497 1724 671 1763 amisisse
691 1725 870 1772 vidimus,
889 1737 966 1762 non
996 1738 1064 1776 per
1093 1738 1159 1763 eos
1188 1725 1252 1776 qui
1282 1725 1366 1763 aliis
1399 1726 1609 1763 sceleribus
1637 1727 1705 1764 ob-

251 1786 370 1824 stricti
391 1787 559 1833 fuerunt,
580 1787 648 1825 sed
673 1801 739 1839 per
761 1794 1028 1838 contempores
1057 1787 1143 1824 illos
1163 1788 1230 1838 qui
1256 1794 1294 1825 et
1314 1787 1488 1826 hostibus
1510 1788 1648 1826 servire
1669 1796 1707 1826 et

249 1847 393 1886 civibus
410 1848 596 1887 insultare
615 1849 832 1887 voluerunt.
891 1850 1063 1893 Quorum
1082 1848 1152 1886 iste
1172 1862 1272 1886 unus
1293 1858 1364 1887 est.
1423 1849 1523 1886 Nam
1545 1849 1616 1887 etsi
1637 1863 1705 1901 per

251 1916 405 1948 aetatem
423 1911 497 1949 illis
518 1910 638 1949 turbis
656 1911 845 1950 interesse
865 1924 941 1950 non
963 1911 1101 1963 potuit,
1118 1918 1157 1949 at
1176 1911 1347 1949 indolem
1367 1911 1485 1949 habet
1505 1910 1559 1948 illi
1587 1914 1705 1950 statui

251 1972 554 2012 convenientem.
610 1973 693 2012 Ista
713 1973 811 2011 enim
833 1973 990 2025 ingenia
1009 1979 1100 2011 sunt
1118 1986 1205 2024 quae
1225 1973 1400 2011 hostibus
1422 1979 1574 2011 nostros
1595 1986 1706 2011 exer-

251 2035 350 2071 citus
370 2035 624 2082 tradiderunt,
644 2049 731 2087 quae
761 2035 894 2087 patriae
920 2034 1062 2072 moenia
1090 2035 1335 2083 subruerunt,
1354 2048 1444 2086 quae
1472 2034 1574 2073 cives
1603 2035 1706 2073 mille

253 2096 487 2147 quingentos
508 2097 652 2136 indicta
672 2111 791 2136 causa
811 2098 1065 2136 trucidarunt.

314 2160 374 2197 11.
405 2158 486 2196 Vos
505 2159 622 2210 igitur
641 2159 776 2197 harum
797 2173 922 2198 rerum
942 2172 1128 2198 memores
1141 2160 1275 2211 punire
1293 2160 1406 2199 decet
1418 2175 1494 2199 non
1510 2174 1575 2200 eos
1592 2160 1708 2199 modo

253 2222 318 2273 qui
337 2228 417 2260 tum
437 2221 544 2259 vobis
562 2228 788 2268 nocuerunt,
805 2221 871 2260 sed
885 2222 980 2260 istos
996 2221 1111 2259 etiarn
1126 2221 1191 2273 qui
1206 2236 1309 2260 nunc
1322 2223 1456 2261 eodem
1473 2230 1563 2261 sunt
1579 2223 1720 2276 animov

253 2284 292 2322 in
312 2282 602 2335 rempublicam,
621 2296 665 2321 ac
687 2290 795 2321 tanto
814 2284 935 2334 magis
956 2284 1027 2322 hos
1047 2297 1141 2334 quos
1161 2284 1363 2323 verisimile
1384 2293 1445 2323 est
1464 2285 1546 2323 fore
1567 2285 1706 2336 impro-

251 2347 322 2384 bos
341 2358 455 2397 quam
481 2345 566 2383 illos
586 2344 652 2395 qui
678 2345 766 2382 olim
788 2352 1011 2396 peccarunt,
1034 2353 1179 2396 quanto
1202 2347 1457 2397 praestabilius
1484 2357 1542 2385 est
1575 2347 1706 2398 ingru-

254 2408 357 2446 entia
371 2406 472 2445 mala
484 2405 685 2457 prohibere
700 2418 817 2457 quam
830 2406 1022 2457 praeterita
1036 2406 1183 2451 ulcisci;
1204 2420 1327 2458 neque
1344 2409 1441 2446 enim
1455 2408 1561 2447 vobis
1574 2421 1709 2459 exspe-

253 2468 436 2508 ctandum
470 2474 542 2514 est,
557 2467 694 2505 ‘donec
729 2468 954 2518 congregati
987 2481 1031 2506 ac
1058 2469 1163 2506 nacti
1190 2469 1434 2508 occasionem
1466 2471 1534 2508 toti
1563 2471 1708 2508 civitati

253 2531 460 2582 perniciem
481 2535 720 2581 comparent,
743 2529 812 2567 sed
841 2542 1073 2581 quocunque
1097 2530 1134 2568 in
1163 2531 1333 2569 facinore
1362 2540 1500 2570 vestrae
1525 2534 1707 2584 potestati

253 2593 467 2639 tradentur,
486 2592 524 2630 in
541 2605 586 2632 eo
607 2598 697 2630 sunt
717 2591 912 2643 puniendi,
931 2599 1047 2643 atque
1066 2593 1103 2630 in
1123 2593 1232 2631 lucro
1254 2594 1518 2645 deputandum
1541 2595 1572 2633 si
1591 2609 1705 2646 quem

255 2653 584 2705 deprehenderitis
600 2668 601 2671 ¹
617 2654 683 2705 qui
715 2654 840 2705 parvis
876 2653 914 2691 in
948 2655 1061 2692 rebus
1095 2666 1248 2693 omnem
1282 2668 1391 2693 suam
1424 2656 1707 2707 improbitatem

255 2716 468 2754 ostentarit.
517 2715 619 2753 Nam
640 2715 824 2766 optimum
839 2721 942 2754 certe
961 2715 1111 2766 quidem
1131 2722 1248 2762 esset,
1265 2716 1296 2753 si
1315 2716 1418 2767 quod
1435 2717 1539 2755 aliud
1553 2719 1707 2769 signum

252 2777 292 2815 in
311 2777 528 2815 hominibus
557 2778 739 2829 improbis
768 2777 964 2824 emineret,
983 2790 1063 2823 eos,
1081 2777 1197 2816 etiam
1226 2777 1571 2830 priusquamcivis
1602 2780 1705 2818 ullus

257 2839 304 2877 ab
335 2838 390 2877 eis
417 2838 632 2886 laederetur,
665 2839 861 2878 mulctari:
897 2840 988 2890 quia
1012 2853 1101 2878 vero
1133 2839 1173 2877 id
1207 2841 1338 2878 sentiri
1369 2854 1447 2879 non
1480 2843 1608 2893 potest
1636 2842 1706 2880 nisi

255 2906 346 2952 post
368 2900 490 2939 factas
524 2902 571 2939 ab
600 2901 653 2939 eis
686 2901 799 2941 alicui
834 2902 1002 2952 injurias,
1022 2907 1103 2940 tum
1135 2908 1251 2949 certe,
1277 2902 1340 2940 ubi
1373 2903 1518 2954 cogniti
1547 2903 1703 2950 fuerint,
