1870 3277
675 196 1068 236 ARCHIDAMUS.
1558 197 1607 234 83

142 298 242 335 mala
263 298 504 338 contumeliis
523 300 724 339 afficiunt?
781 302 865 352 Ego
882 314 973 339 vero
992 300 1127 338 harum
1149 311 1274 337 rerum
1294 311 1412 338 causa
1435 312 1511 337 non
1530 299 1609 338 bel-

136 358 215 396 lum
237 365 400 406 tantum,
421 361 491 398 sed
519 368 557 400 et
583 362 718 400 exsilia
743 368 781 400 et
805 368 947 399 mortes
969 361 1079 398 nobis
1100 373 1189 398 esse
1218 360 1488 411 perpetiendas
1508 362 1606 400 arbi-

136 428 229 459 tror.
287 422 418 473 Longe
435 423 534 461 enim
554 430 710 475 praestat
725 423 762 461 in
780 437 826 462 ea
844 423 960 461 laude
979 430 1018 461 et
1041 422 1164 474 gloria
1183 434 1261 472 qua
1276 421 1456 460 floremus
1473 423 1606 468 emori,

135 495 250 532 quam
266 483 388 521 vivere
406 497 493 522 cum
516 484 708 523 dedecore
724 484 830 535 quod
856 484 1115 536 perpetiemur
1135 484 1167 521 si
1193 483 1463 521 Thebanorum
1489 483 1608 534 impe-

132 550 215 581 rata
235 544 473 584 fecissemus.
530 547 648 589 Quod
668 546 697 584 si
718 545 811 583 nihil
832 545 1157 584 dissimulandum
1179 551 1237 583 est
1256 544 1450 595 planeque
1471 542 1603 582 dicen-

134 604 239 651 dum,
259 601 481 656 praestiterit
506 620 575 645 nos
596 605 712 645 deleri
730 619 844 657 quam
867 608 915 644 ab
936 606 1115 645 hostibus
1136 605 1314 644 derideri.
1372 604 1481 648 Quos
1502 604 1603 642 enim

132 666 248 704 tantis
271 674 426 706 ornatos
453 669 574 707 fuisse
600 669 814 707 honoribus
836 668 1130 718 animorumque
1152 665 1418 717 magnitudine
1437 671 1605 711 constat,

132 740 197 765 eos
218 734 286 765 aut
309 728 502 780 principes
529 743 612 768 esse
635 730 801 769 Graeciae
822 736 987 780 oportet,
1008 735 1076 767 aut
1088 740 1246 780 prorsus
1266 740 1343 765 non
1363 738 1467 773 esse,
1487 726 1603 764 modo

130 788 312 826 ineolumi
333 790 533 841 dignitate,
555 799 594 830 et
613 791 689 829 vita
710 790 873 829 honeste
894 790 1061 841 perfusa.

185 850 248 887 39.
280 850 378 888 Haec
398 851 516 902 igitur
543 851 680 889 animis
699 852 892 889 versanda
920 858 1010 889 sunt
1030 851 1184 902 abjecta
1202 850 1319 888 nimia
1347 849 1432 886 vitae
1452 847 1604 899 cupidi-

128 917 223 956 tate,
243 925 369 961 neque
389 912 580 950 sociorum
612 913 815 950 sententiis
838 919 980 950 temere
1001 911 1308 957 assentiendum,
1334 922 1500 961 quorum
1528 922 1600 947 nos

128 972 247 1011 duces
264 973 429 1012 antehac
448 973 606 1021 fuimus,
627 974 718 1025 quin
738 974 810 1025 ipsi
835 973 965 1025 potius
986 986 1026 1011 re
1042 972 1287 1011 considerata
1303 984 1379 1009 non
1401 970 1507 1021 quod
1527 969 1603 1008 illis

128 1033 198 1070 erit
223 1034 569 1085 expeditissimum,
597 1036 666 1073 sed
701 1034 806 1085 quod
827 1041 865 1072 et
894 1034 1178 1072 Lacedaemone
1208 1039 1246 1070 et
1266 1031 1432 1083 egregiis
1462 1031 1603 1069 nostris

127 1094 360 1133 facinoribus
386 1096 548 1147 dignum
580 1097 662 1141 erit,
682 1096 887 1146 eligamus.
946 1095 1048 1132 Nam
1069 1094 1205 1132 iisdem
1226 1093 1275 1131 de
1303 1093 1420 1130 rebus
1439 1105 1517 1129 non
1537 1104 1603 1130 eo-

127 1155 215 1193 dem
237 1156 354 1194 modo
373 1163 432 1194 est
450 1157 743 1195 deliberandum
766 1156 960 1203 omnibus,
974 1155 1042 1193 sed
1054 1167 1125 1206 pro
1146 1167 1205 1199 eo,
1222 1160 1264 1191 ut
1279 1153 1424 1204 quique
1442 1164 1601 1190 suarum

125 1218 320 1255 actionum
342 1219 597 1257 fundamenta
616 1220 811 1270 jecerunt.
869 1216 1088 1268 Epidauriis
1120 1215 1277 1267 quidem
1298 1221 1337 1253 et
1356 1214 1536 1252 Phliasiis
1562 1221 1602 1252 et

125 1279 332 1317 Corinthiis
362 1293 475 1318 nemo
495 1279 587 1318 vitio
607 1279 776 1324 verterit,
798 1279 829 1316 si
855 1278 965 1316 nulla
997 1278 1073 1316 alia
1100 1290 1141 1315 re
1164 1276 1420 1315 sollicitentur
1448 1274 1522 1313 nisi
1549 1274 1599 1314 de

123 1340 201 1378 vita
219 1353 451 1392 quocunque
477 1341 594 1379 modo
613 1340 882 1380 conservanda
902 1346 941 1378 et
968 1337 1243 1390 propaganda:
1275 1337 1596 1376 Lacedaemonios

122 1414 214 1440 vero
234 1401 412 1440 instituta
431 1403 619 1452 majorum
650 1401 786 1440 salutis
817 1401 901 1439 sine
931 1400 1123 1451 dignitate
1143 1399 1334 1437 rationem
1352 1398 1496 1437 habere
1516 1411 1596 1437 non

122 1463 280 1507 sinunt3
316 1463 421 1514 quod
454 1463 485 1500 si
518 1463 682 1501 honeste
711 1462 924 1501 incolumes
954 1473 1040 1500 esse
1072 1460 1295 1511 nequimus,
1329 1472 1432 1497 mors
1465 1459 1595 1510 potius

119 1527 231 1564 nobis
261 1525 483 1577 oppetenda
514 1532 589 1564 est.
648 1525 749 1563 Nam
777 1524 843 1576 qui
863 1523 1014 1562 virtutis
1042 1523 1172 1561 studio
1205 1522 1413 1568 ducuntur,
1433 1521 1478 1559 iis
1502 1520 1595 1559 nihil

120 1600 232 1637 aeque
259 1587 540 1639 providendum
572 1593 634 1625 est
661 1593 779 1637 atque
808 1585 919 1630 illud,
942 1598 991 1622 ne
1012 1584 1106 1635 quid
1126 1589 1239 1635 turpe
1267 1582 1471 1622 admisisse
1491 1581 1597 1620 vide—

125 1655 255 1687 antur.
297 1649 507 1687 Civitatum
528 1662 642 1700 porro
661 1648 850 1700 ignaviae
868 1647 1012 1685 talibus
1033 1646 1203 1685 consiliis
1224 1659 1303 1684 non
1324 1645 1452 1683 minus
1473 1644 1603 1683 elucet

120 1724 236 1760 quarn
269 1724 290 1748 e
323 1710 504 1762 periculis
536 1710 699 1748 bellicis.
758 1710 803 1747 In
836 1709 976 1759 quibus
996 1721 1129 1746 eorum
1155 1720 1244 1758 quae
1271 1707 1370 1744 fiunt
1388 1706 1596 1745 maximam

117 1772 271 1810 fortuna
294 1772 365 1810 sibi
391 1778 540 1823 partem
558 1771 756 1818 vendicat,
775 1770 879 1821 quod
908 1782 999 1808 vero
1019 1769 1082 1807 hic
1113 1768 1347 1806 deliberatur
1380 1768 1533 1818 signum
1555 1774 1595 1805 et

114 1839 208 1871 nota
226 1840 285 1871 est
304 1833 474 1884 ipsorum
496 1833 723 1869 animorum.
782 1830 911 1874 Quare
931 1829 1049 1867 nihilo
1070 1829 1218 1866 minore
1236 1840 1332 1865 cura
1353 1833 1393 1865 et
1409 1826 1593 1864 sollicitu-

115 1895 203 1933 dine
236 1908 282 1933 ea
321 1908 409 1945 quae
438 1894 501 1932 hic
530 1893 805 1939 decernuntur,
843 1889 1186 1929 animadvertenda
1218 1895 1323 1935 sunt,
1343 1901 1461 1938 quam
1492 1901 1592 1939 prae-

112 1956 249 1994 liorum
265 1956 547 1995 contentiones.

165 2020 233 2055 40.
264 2017 452 2068 Equidem
486 2017 599 2054 miror
628 2030 712 2054 esse
741 2016 804 2067 qui
824 2029 944 2066 quum
973 2015 1023 2052 ad
1043 2015 1230 2066 privatam
1262 2012 1588 2050 existimationem

113 2079 297 2117 tuendam
329 2079 426 2116 mori
459 2090 535 2115 non
564 2077 761 2123 dubitent,
797 2077 844 2114 de
863 2074 1060 2115 communi
1094 2089 1171 2113 non
1199 2075 1341 2113 eodem
1368 2073 1485 2111 modo
1506 2087 1591 2111 sen-

112 2141 222 2186 tiant,
241 2152 310 2191 pro
336 2152 413 2190 qua
442 2139 535 2176 nihil
564 2138 722 2189 periculi
747 2137 1007 2176 recusandum
1038 2144 1132 2183 erat,
1154 2149 1203 2174 ne
1233 2134 1339 2186 quod
1370 2134 1589 2186 respublica

111 2202 281 2240 dedecus
301 2201 525 2252 susciperet,
547 2207 614 2238 aut
632 2199 867 2251 praesidium,
894 2200 931 2236 in
960 2211 1037 2249 quo
1058 2211 1080 2236 a
1107 2197 1333 2249 parentibus
1355 2196 1486 2234 locata
1514 2202 1587 2240 est,

109 2263 317 2301 desereret.
364 2262 495 2306 Quum
516 2268 645 2299 autem
666 2260 797 2297 multae
817 2273 878 2297 res
897 2260 974 2297 sint
994 2259 1191 2309 multaque
1214 2257 1387 2310 pericula
1407 2268 1494 2307 quae
1514 2269 1586 2294 nos

110 2332 274 2375 urgeant
294 2330 411 2374 atque
432 2322 656 2373 effugienda
686 2321 778 2367 sint,
799 2321 894 2358 illud
922 2321 1090 2361 maxime
1109 2319 1328 2358 cavendum
1348 2325 1422 2364 est,
1441 2317 1585 2367 nequid

110 2386 275 2424 molliter
296 2392 334 2423 et
364 2384 601 2422 effoeminate
632 2383 758 2420 facere
787 2389 854 2420 aut
885 2381 1061 2419 hostibus
1091 2381 1250 2431 dejure
1281 2385 1414 2417 nostro
1447 2378 1585 2416 cedere

110 2447 320 2485 videamur.
378 2445 509 2496 Turpe
529 2445 704 2495 profecto
736 2443 850 2481 fuerit
882 2456 949 2480 eos
980 2443 1167 2494 imperata
1195 2441 1380 2479 facientes
1413 2439 1584 2489 conspici

111 2509 174 2559 qui
206 2509 462 2560 principatum
493 2506 659 2545 Graeciae
691 2512 913 2550 tenuerunt,
935 2513 974 2544 et
1005 2518 1026 2543 a
1047 2506 1185 2543 virtute
1215 2505 1401 2555 majorum
1431 2508 1582 2540 tantum

109 2570 380 2621 degenerasse,
400 2575 443 2607 ut
476 2581 595 2618 quum
629 2567 683 2605 illi
714 2580 791 2618 quo
823 2567 907 2605 aliis
941 2567 1172 2618 imperarent
1202 2572 1363 2603 mortem
1397 2569 1580 2615 oppetere

110 2644 186 2670 non
204 2630 429 2677 recusarint,
450 2642 521 2668 nos
542 2629 592 2667 ad
615 2629 837 2667 servitutem
869 2627 1132 2678 effugiendam
1166 2625 1268 2664 adire
1298 2625 1468 2676 pericula
1499 2637 1578 2663 non

111 2691 265 2730 audere.

163 2755 228 2790 41.
257 2752 408 2790 Pudere
435 2764 506 2790 nos
527 2752 642 2789 etiam
670 2750 787 2789 debet
816 2757 856 2788 et
886 2750 1081 2801 Olympiae
1111 2755 1150 2786 et
1179 2748 1340 2786 aliorum
1368 2747 1579 2786 celebrium

109 2819 382 2859 conventuum,
409 2813 446 2851 in
472 2812 610 2863 quibus
640 2812 910 2862 unusquisque
938 2817 1111 2848 nostrum
1146 2810 1364 2860 praeclarior
1396 2816 1436 2847 et
1456 2809 1577 2846 admi-

110 2873 263 2911 rabilior
284 2880 345 2910 est
373 2873 526 2912 habitus
556 2886 670 2923 quam
701 2873 850 2924 pugiles
880 2872 918 2909 in
947 2870 1220 2909 certaminibus
1241 2871 1419 2908 victores.
1478 2869 1576 2913 Quis

109 2935 208 2972 enim
230 2947 392 2973 ausurus
412 2935 462 2973 ad
490 2947 554 2973 eas
585 2934 829 2973 celebritates
846 2932 1048 2979 accedere,
1065 2931 1117 2970 ita
1138 2944 1239 2971 nunc
1267 2930 1574 2970 contemnendus
