1870 3277
269 161 342 197 :348
934 157 1049 194 lSAEl

270 262 448 304 haberet;
476 261 703 311 posteriores
719 268 846 298 autem
865 261 912 298 ab
935 261 1017 311 ipso
1038 260 1272 309 Dicaeogene
1295 261 1452 311 prolatoe
1472 262 1574 300 hunc
1593 262 1718 312 ipsum

271 323 453 360 heredem
483 334 529 358 ex
549 335 634 360 asse
661 322 920 360 declarabant.
978 322 1123 359 Harum
1145 321 1318 358 binarum
1344 321 1557 360 tabularum
1577 323 1717 361 alteras

271 383 443 433 quidem,
458 383 544 421 illas
565 398 587 421 a
609 384 782 421 Proxeno
798 383 987 434 proditas,
1005 383 1261 433 Dicaeogenes
1281 384 1360 434 ipse
1376 384 1572 435 judicibus
1585 392 1720 423 auctor

275 443 347 480 fuit
368 450 482 494 atque
514 445 703 494 persuasit
737 451 777 481 ut
804 444 1006 482 crederent
1031 443 1144 481 aienti
1176 445 1458 482 commentitias
1486 457 1593 488 esse3
1625 458 1721 495 quas

275 512 401 543 autem
422 506 504 556 ipse
527 507 779 557 Dicoeogenes
795 505 966 556 protulit,
978 518 1042 543 eas
1059 506 1124 556 qui
1146 513 1263 544 testes
1277 507 1559 544 affirmaverant
1577 507 1625 544 ab
1639 508 1722 557 ipso

277 567 466 605 avunculo
496 576 627 605 nostro
661 568 823 618 scriptas
856 575 970 618 atque
996 567 1147 606 relictas
1177 581 1278 613 esse,
1306 567 1344 605 hi
1375 575 1494 606 testes
1521 568 1607 606 salsi
1631 568 1724 605 dicti

276 628 482 666 testimonii
511 629 674 666 convicti
701 635 805 666 sunt.
861 628 1061 666 Ambabus
1086 629 1211 679 itaqae
1239 629 1312 666 illis
1338 629 1554 668 testamenti
1582 629 1725 666 tabulis

277 690 416 740 pariter
447 688 653 727 debilitatis
680 697 795 740 atque
821 688 1029 740 abrogatis,
1050 689 1220 740 aliasque
1248 689 1373 728 nullas
1403 697 1542 741 praeter
1561 690 1632 727 has
1660 702 1726 727 ex-

280 757 380 788 stare
401 763 487 788 cum
507 751 545 788 in
564 751 742 789 confesso
763 751 823 796 sit,
840 750 960 801 liquet
974 751 1053 803 jam
1073 751 1261 789 neminem
1282 764 1367 790 esse
1384 752 1446 790 cui
1468 751 1662 789 hereditas
1681 763 1727 788 ex

279 811 392 849 titulo
412 813 710 850 testamentariae
728 812 931 863 legationis
951 819 1158 864 competat,
1177 826 1223 850 ex
1244 813 1354 851 titulo
1381 812 1730 864 consanguinitatis

282 880 410 911 autem
436 873 526 911 solis
553 887 635 911 eam
666 881 881 925 competere
907 875 1098 911 sororibus
1127 874 1368 924 Dicaeogenis
1395 875 1582 922 defuncti,
1609 888 1633 912 a
1653 887 1730 924 quo

283 934 474 972 hereditas
499 935 607 972 istaec
633 935 765 972 relicta
792 941 864 979 est,
884 947 1043 984 quarum
1069 947 1090 971 e
1110 947 1269 972 numero
1300 942 1441 974 nostrae
1462 942 1553 974 sunt
1576 941 1729 973 matres.

285 995 478 1038 Quocirca
501 995 622 1033 visum
641 996 751 1033 nobis
771 995 842 1032 fuit
861 996 898 1032 in
916 995 1002 1046 jure
1022 1002 1152 1046 petere
1170 995 1422 1034 hereditatem
1442 1009 1490 1034 ex
1516 996 1625 1034 titulo
1643 1008 1731 1046 pro-

284 1055 522 1106 pinquitatiS‚
557 1063 597 1093 et
626 1056 680 1093 sic
714 1056 915 1107 petivimus
946 1057 1161 1107 portionem
1199 1058 1465 1108 unusquisque
1494 1056 1565 1094 sibi
1597 1063 1732 1094 ratam.

285 1119 428 1156 Verum
447 1118 485 1155 in
506 1118 644 1169 eojam
664 1131 751 1156 cum
777 1131 949 1156 essemus
967 1124 1012 1155 ut
1029 1118 1199 1156 formulis
1218 1118 1468 1168 jurisjurandi
1489 1118 1610 1155 mutui
1631 1130 1654 1155 a
1671 1117 1736 1168 ju-

285 1181 434 1219 dicibus
450 1180 692 1231 adigeremur
704 1183 791 1231 [nos
809 1187 956 1218 actores
970 1179 1071 1225 hinc,
1085 1185 1124 1216 et
1137 1178 1240 1217 illinc
1255 1192 1355 1225 reus,
1369 1180 1418 1217 de
1433 1179 1588 1217 veritate
1605 1191 1736 1217 eorum

285 1242 428 1280 tuenda
446 1249 486 1280 et
503 1241 738 1292 praestanda,
758 1255 846 1291 quae
867 1254 955 1292 pars
977 1253 1141 1291 quaeque
1154 1253 1224 1288 pro
1244 1253 1286 1278 se
1307 1248 1411 1278 esset
1430 1240 1610 1289 dictura]‚
1627 1240 1738 1278 inter-

287 1304 403 1342 cessit
440 1303 656 1342 Leochares
689 1304 765 1350 hic,
791 1302 1024 1341 obnuntians
1055 1301 1304 1340 hereditatem
1336 1302 1436 1340 hanc
1468 1300 1736 1341 controversiae

286 1366 390 1404 haud
419 1378 501 1403 esse
528 1365 749 1403 obnoxiam.
807 1365 932 1406 Quem
961 1371 1096 1401 testem
1124 1376 1207 1401 curn
1236 1363 1489 1413 rejiceremus,
1513 1363 1738 1414 exceptione

287 1427 348 1464 usi
380 1426 466 1464 falsi
499 1425 591 1464 dicti
617 1426 838 1472 testimonii,
867 1426 999 1477 petitio
1024 1425 1179 1476 quidem
1207 1425 1428 1464 hereditatis
1456 1427 1738 1477 antiquabatur,

289 1498 424 1530 contra
435 1504 523 1529 vero
543 1492 644 1529 actio
663 1491 711 1528 de
729 1490 896 1528 falsitate
912 1490 1005 1528 dicti
1025 1489 1244 1528 testamenti
1260 1490 1523 1528 inducebatur.
1581 1491 1636 1529 lbi
1649 1504 1737 1528 cum

290 1565 360 1590 nos
393 1552 520 1590 omnia
553 1552 784 1590 dixissemus
805 1552 939 1590 eadem
967 1558 1083 1603 atque
1112 1565 1214 1590 nunc
1246 1551 1419 1598 dicimus,
1447 1551 1612 1602 itemque
1643 1552 1740 1590 Leo-

291 1613 426 1651 chares
447 1612 505 1650 sui
525 1612 714 1663 purgandi
733 1625 854 1650 causa
870 1603 995 1651 inulta
1014 1612 1248 1663 protulisset,
1267 1611 1566 1662 pronunciarunt
1585 1612 1740 1650 tandem

285 1674 440 1725 judices
461 1673 742 1711 Leocharetem
762 1674 859 1712 falsa
878 1680 1062 1712 testatum
1089 1687 1186 1712 esse.
1245 1673 1360 1717 Quod
1380 1687 1468 1711 cum
1493 1674 1621 1725 palam
1641 1681 1742 1712 esset

292 1737 437 1775 facturn
467 1749 487 1773 e
519 1735 723 1787 suffragiis,
751 1749 838 1774 cum
866 1737 933 1774 illa
965 1736 1149 1787 suffragia
1177 1749 1198 1774 e
1226 1736 1371 1774 cistulis
1401 1744 1530 1775 essent
1553 1744 1742 1788 exempta,

293 1811 380 1848 quae
410 1796 565 1847 quidem
594 1797 809 1835 Leochares
837 1798 1068 1850 judicesque
1095 1799 1278 1849 ipsosque
1307 1804 1458 1835 nosmet
1484 1798 1675 1849 rogaverit
1703 1806 1744 1836 et

295 1872 381 1909 quae
403 1872 425 1896 a
443 1859 553 1897 nobis
572 1865 652 1896 tum
673 1859 874 1910 impetrare
890 1859 1063 1911 rogando
1085 1866 1201 1910 atque
1216 1858 1398 1910 perficere
1418 1859 1597 1910 potuerit,
1615 1859 1744 1897 nescio

297 1933 345 1958 an
376 1921 501 1958 minus
529 1933 688 1959 necesse
720 1921 769 1958 sit
794 1934 817 1959 a
848 1934 908 1958 me
941 1921 1134 1972 copiosius
1169 1920 1361 1958 enarrari:
1393 1921 1485 1958 satis
1517 1927 1578 1959 est
1602 1934 1648 1959 ea
1675 1934 1742 1959 vos

298 1981 446 2027 audire,
479 1982 527 2019 de
548 1981 688 2032 quibus
707 1981 805 2020 inter
824 1995 895 2021 nos
921 1983 1112 2021 convenit.
1170 1981 1292 2020 Nobis
1321 1982 1419 2020 enim
1440 1982 1743 2021 concedentibus

297 2043 470 2081 archonti
493 2051 534 2081 ut
562 2043 744 2094 suffragia
771 2056 846 2081 non
871 2044 1113 2082 dinumerata
1143 2043 1411 2088 confunderet,
1430 2043 1634 2082 abdicabat
1663 2044 1744 2095 ipse

298 2118 383 2143 sese
403 2105 658 2157 Dicaeogenes
678 2107 726 2145 de
742 2107 855 2144 besse
874 2106 1094 2145 hereditatis
1107 2119 1270 2157 eamque
1289 2106 1481 2144 sororibus
1502 2107 1746 2158 Dicaeogenis

300 2167 472 2205 defuncti
499 2168 770 2217 permittebat,²l
785 2168 1010 2220 promittens
1037 2183 1121 2207 sese
1140 2169 1335 2220 portiones
1361 2169 1442 2207 illas
1471 2176 1642 2208 nostrum
1663 2171 1748 2208 uni-

302 2228 441 2279 cuique
459 2228 608 2267 debitas
628 2229 707 2267 sine
726 2230 806 2267 ulla
826 2231 1083 2269 controversia
1101 2231 1211 2268 nobis
1231 2243 1318 2268 esse
1344 2230 1570 2268 traditurum
1587 2244 1596 2275 ;
1626 2245 1748 2282 eaque

306 2289 353 2328 de
373 2302 412 2328 re
439 2289 652 2328 Leochares
672 2298 715 2328 ut
734 2304 900 2342 sponsor
917 2291 1034 2330 fidem
1064 2305 1172 2330 suam
1192 2292 1473 2343 interponebat,
1493 2292 1599 2331 aiens
1620 2292 1749 2331 Dicaess

304 2365 469 2404 ogenern
488 2366 574 2392 esse
603 2366 690 2404 quae
711 2354 944 2404 promisisset
970 2355 1189 2398 facturum3
1220 2368 1344 2405 neque
1362 2354 1584 2393 Leochares
1609 2355 1751 2394 solum-

304 2414 420 2452 modo
440 2415 670 2466 spondebat,
688 2427 820 2453 verum
840 2417 953 2453 etiam
974 2416 1296 2467 Mnesiptolemus
1317 2415 1522 2455 Plotensis.
1579 2417 1748 2461 Quarum

304 2489 428 2515 rerum
447 2477 553 2516 vobis
572 2476 645 2515 hos
664 2476 776 2515 edam
795 2483 928 2515 testes.

922 2580 1131 2619 TESTES.

357 2659 394 2693 4.
426 2657 547 2696 Nobis
567 2657 710 2709 itaque,
730 2663 773 2696 ut
791 2670 814 2696 a
830 2658 1062 2697 Leocharete
1078 2665 1156 2696 tam
1181 2658 1338 2710 indigna
1357 2659 1492 2710 passis,
1511 2673 1600 2698 cum
1619 2661 1750 2701 liceret

306 2729 392 2754 eum
421 2718 577 2757 infamia
604 2726 736 2757 notare
765 2725 808 2757 ut
833 2718 921 2757 falsi
949 2719 1041 2757 dicti
1070 2720 1274 2758 testimonii
1298 2721 1528 2766 convictum,
1557 2721 1750 2762 noluimus

304 2784 449 2824 tamen,
468 2780 534 2817 sed
562 2781 656 2819 satis
683 2780 902 2828 habuimus,
922 2781 985 2818 ubi
1008 2788 1139 2820 nostra
1158 2781 1267 2820 nobis
1294 2781 1423 2820 debita
1448 2782 1748 2831 abstulissemus,

306 2840 501 2889 quiescere
517 2848 631 2893 atque
651 2855 674 2880 a
687 2842 995 2882 contentionibus
1012 2842 1210 2881 desistere.
1268 2843 1619 2891 verumenimvero,
1632 2859 1749 2896 quan-

303 2915 415 2952 quam
447 2909 523 2940 tam
549 2904 736 2955 benignos
758 2905 942 2956 mitesque
963 2917 1031 2944 nos
1051 2917 1143 2955 erga
1167 2905 1435 2944 Leocharetem
1457 2912 1572 2956 atque
1599 2906 1747 2946 Dicaeo-
