1870 3277
276 170 346 205 144
862 169 1149 207 lsOCRATls·

268 270 401 308 insitas
423 270 618 315 habuisse,
639 276 720 308 tum
739 270 820 308 aliis
843 271 890 308 ad
914 271 1188 309 honestissima
1204 277 1243 307 et
1263 270 1554 320 praeclarissima
1574 283 1739 321 quaeque

268 332 396 368 studia
424 332 544 369 duces
574 339 613 369 et
645 331 847 383 magistros
876 333 1088 370 exstitisse.
1146 331 1367 369 Absurdum
1389 332 1488 368 enim
1519 341 1590 377 est,
1619 343 1736 382 quum

262 400 409 432 nostrae
438 393 583 432 sobolis
610 394 905 445 prosperitatem
937 394 1009 432 diis
1045 402 1243 445 acceptam
1273 393 1495 438 referamus,
1517 407 1582 431 eos
1612 393 1741 431 existi-

267 468 372 493 mare
401 469 512 494 suam
540 457 711 507 ipsorum
744 455 836 492 nihil
869 468 1016 493 curare.
1075 456 1191 500 Quod
1224 455 1254 492 si
1282 455 1343 492 cui
1370 462 1543 492 nostrum
1566 462 1738 505 potestas

267 524 417 556 naturae
438 519 616 555 humanae
637 517 885 555 moderandae
907 517 1075 562 daretur,
1093 518 1178 568 quis
1202 525 1260 554 est
1286 517 1350 567 qui
1371 516 1538 554 famulos
1559 529 1648 554 suos
1669 516 1737 552 im-

266 580 407 629 probos
432 592 517 617 esse
544 578 765 630 pateretur?
796 585 835 615 at
863 578 948 616 illos
979 578 1224 624 damnamus,
1253 578 1365 630 quasi
1397 592 1443 615 ex
1473 590 1555 616 sese
1586 577 1738 628 genitos

265 647 373 679 tanta
389 641 583 692 impietate
604 649 642 678 et
662 640 906 690 improbitate
927 653 1015 678 esse
1038 647 1275 691 paterentur.
1323 640 1380 677 Tu
1397 640 1553 690 quidem
1573 647 1609 676 te
1627 645 1738 689 putas

259 703 384 740 etiam
404 702 471 739 tibi
491 715 650 753 prorsus
671 702 830 746 alienos,
849 701 878 738 si
903 709 938 738 te
959 700 1144 752 magistro
1166 708 1336 746 utantur,
1357 701 1524 751 optimos
1545 712 1631 737 esse
1652 699 1738 736 red-

263 764 449 810 diturum,
466 764 561 802 deos
582 776 671 801 vero
694 763 839 800 nullam
863 775 1020 814 prorsus
1044 762 1241 799 existimas
1263 776 1392 800 curam
1423 762 1566 800 habere
1588 760 1737 798 virtutis

267 839 426 864 suorum
455 826 626 864 liberum.
688 827 740 863 At
768 825 843 862 ista
874 825 1020 862 ratione
1049 838 1070 862 a
1091 824 1243 861 duobus
1265 823 1495 873 turpissimis
1516 822 1738 860 criminibus

266 902 343 926 non
361 889 526 926 absunt:
559 900 648 924 nam
665 888 695 924 si
716 888 839 924 bonos
857 899 921 924 eos
937 899 984 923 ne
1001 885 1156 936 quidem
1173 898 1259 923 esse
1275 885 1423 930 volunt,
1440 884 1629 922 deteriore
1649 890 1740 920 sunt

265 963 382 1000 quam
399 949 575 987 homines
596 949 767 1000 ingenio,
788 949 845 986 sin
866 961 985 998 quum
1007 947 1139 993 velint,
1153 959 1230 997 qua
1250 947 1396 984 ratione
1413 945 1450 984 id
1465 945 1632 983 efficiant
1660 957 1736 982 non

264 1011 425 1056 habent,
444 1010 627 1061 sophistis
645 1018 736 1047 sunt
753 1009 1036 1046 imbecilliores.

322 1075 383 1110 18.
416 1072 496 1109 Etsi
518 1079 647 1110 autem
664 1071 785 1108 multa
800 1071 835 1107 in
854 1084 892 1108 re
915 1070 1047 1108 insunt
1065 1083 1131 1120 per
1145 1083 1233 1120 quae
1255 1076 1294 1107 et
1311 1069 1485 1107 laudatio
1505 1075 1544 1106 et
1564 1068 1737 1106 defensio

263 1135 414 1173 dilatari
435 1142 583 1185 posset,
603 1146 679 1171 non
716 1141 844 1170 tamen
879 1132 1056 1183 pluribus
1078 1133 1204 1169 verbis
1237 1145 1334 1182 opus
1355 1144 1439 1169 esse
1469 1143 1630 1174 censeo:
1663 1143 1736 1168 nec

257 1196 364 1234 enim
395 1196 501 1247 apud
531 1196 627 1232 alios
659 1193 885 1232 ostentandi
914 1193 1002 1239 mei,
1029 1193 1097 1231 sed
1135 1192 1335 1231 erudiendi
1368 1193 1420 1230 tui
1452 1205 1585 1239 causa,
1617 1200 1738 1242 utque

257 1259 509 1297 ostenderem
529 1257 727 1308 quomodo
748 1256 882 1294 horum
916 1263 1121 1306 utrumque
1143 1255 1222 1292 fieri
1256 1255 1413 1298 debeat,
1433 1253 1516 1291 haec
1549 1253 1710 1291 disserui
1728 1266 1736 1289 :

261 1334 352 1359 nam
379 1321 500 1358 oratio
521 1320 680 1371 quidem
701 1332 723 1356 a
753 1326 790 1356 te
810 1318 1034 1368 conscripta
1065 1330 1142 1354 non
1170 1316 1346 1354 defensio
1368 1314 1555 1353 Busiridis
1577 1314 1644 1352 sed
1664 1315 1736 1352 cri-

257 1383 407 1420 minum
428 1381 623 1420 confessio
655 1387 758 1418 recte
792 1380 1002 1418 existimari
1037 1387 1179 1429 potest.
1240 1378 1324 1415 Nec
1351 1379 1452 1415 enim
1488 1390 1576 1414 eum
1619 1376 1736 1427 culpa

261 1458 398 1484 vacare
424 1444 613 1489 ostendis,
634 1443 703 1480 sed
738 1442 836 1480 alios
867 1441 1075 1479 nonnullos
1110 1441 1246 1479 eadem
1278 1439 1343 1477 illa
1374 1438 1508 1477 fecisse
1543 1438 1734 1483 declaras,

260 1508 448 1546 facillimo
469 1505 788 1556 delinquentibus
810 1505 962 1555 refugio
985 1504 1218 1554 excogitato.
1253 1503 1384 1546 Quum
1405 1501 1506 1539 enim
1527 1514 1603 1539 non
1625 1500 1737 1538 facile

262 1569 313 1606 sit
339 1568 460 1605 ullum
497 1568 664 1618 reperire
704 1566 832 1604 scelus
877 1565 983 1615 quod
1017 1564 1189 1602 nondum
1223 1564 1271 1601 sit
1303 1570 1582 1615 perpetratum,
1615 1563 1645 1600 si
1680 1563 1737 1600 fa-

261 1631 434 1669 cinorum
470 1629 670 1667 convictos
700 1627 794 1664 nihil
834 1640 949 1677 grave
990 1626 1192 1663 admisisse
1225 1625 1461 1676 putabimus,
1494 1623 1609 1661 modo
1641 1623 1736 1662 alios

258 1693 396 1731 eadem
428 1691 566 1729 fecisse
593 1696 760 1735 constet,
793 1701 923 1726 nonne
953 1689 1132 1725 omnibus
1166 1686 1368 1737 expeditas
1401 1686 1649 1723 defensiones
1682 1686 1736 1723 fa—

253 1754 421 1800 ciemus,
459 1760 497 1792 et
536 1751 637 1790 male
675 1750 939 1802 cogitantibus
984 1763 1168 1800 magnam
1205 1749 1413 1787 fenestram
1450 1748 1499 1785 ad
1537 1747 1732 1786 licentiam

259 1816 475 1867 aperiemus
494 1814 509 1851 ἲ

317 1879 377 1915 19.
409 1876 564 1928 Optime
586 1881 715 1913 autem
742 1874 953 1926 perspicies
979 1886 1094 1924 quam
1125 1873 1245 1911 stulte
1277 1873 1351 1910 ista
1380 1871 1487 1910 dicta
1512 1870 1601 1915 sint,
1625 1871 1656 1909 si
1683 1871 1732 1909 ad

258 1945 296 1977 te
327 1940 454 1990 ipsum
489 1937 619 1975 omnia
652 1936 842 1974 retuleris.
903 1936 1007 1987 [llud
1040 1935 1142 1973 enim
1175 1935 1329 1984 cogita:
1369 1933 1399 1970 si
1434 1933 1482 1971 de
1515 1933 1665 1984 magnis
1697 1942 1736 1970 et

258 2000 415 2038 nefariis
445 1999 669 2038 criminibus
700 2005 908 2036 accusatus
937 1996 984 2035 ad
1018 1997 1132 2034 istum
1165 1996 1324 2034 modum
1357 1997 1406 2033 ab
1436 1995 1566 2045 aliquo
1600 1995 1735 2032 defen-

256 2063 408 2108 derere,
435 2061 530 2113 quid
565 2061 682 2100 animi
714 2060 783 2098 tibi
817 2061 901 2098 f‘ore
936 2058 1104 2097 censes?
1135 2058 1314 2109 equidem
1350 2058 1430 2096 scio
1457 2065 1495 2095 te
1527 2057 1580 2094 illi
1613 2057 1734 2095 multo

257 2124 508 2162 infensiorem
543 2123 716 2160 futurum
752 2134 868 2172 quam
897 2121 990 2171 ipsis
1030 2120 1337 2158 accusatoribus.
1406 2120 1467 2156 An
1500 2131 1590 2156 vero
1623 2126 1732 2170 turpe

256 2198 336 2223 non
356 2192 417 2223 est
436 2185 531 2222 alios
562 2184 616 2221 ita
636 2183 862 2230 defendere,
883 2180 1214 2232 quemadmodum
1235 2188 1272 2218 te
1306 2179 1464 2218 defendi
1489 2179 1731 2230 iniquissimo

257 2246 385 2284 animo
404 2247 522 2283 ferres
538 2244 554 2281 ’ἓ

310 2310 376 2346 20.
407 2307 509 2345 Illud
542 2319 696 2358 quoque
725 2306 941 2350 considera,
975 2312 1014 2343 et
1044 2305 1149 2357 apud
1177 2304 1347 2343 animum
1377 2311 1487 2344 tuum
1516 2305 1670 2355 cogita:
1702 2305 1733 2342 si

256 2370 342 2421 quis
366 2377 520 2408 tuorum
550 2367 794 2406 familiarium
826 2367 958 2405 induci
984 2380 1026 2405 se
1058 2373 1257 2418 pateretur
1287 2366 1335 2404 ad
1363 2379 1409 2404 ea
1437 2366 1615 2404 facienda
1643 2378 1731 2416 quae

255 2439 297 2470 tu
323 2431 473 2478 laudm,
506 2443 637 2469 annon
669 2429 901 2467 miserrimus
933 2436 1039 2466 esset
1075 2429 1247 2466 omnium
1281 2435 1320 2466 et
1353 2429 1417 2479 qui
1448 2441 1554 2465 nunc
1574 2435 1667 2465 sunt
1695 2434 1733 2464 et

256 2495 322 2544 qui
361 2506 534 2544 unquam
574 2491 762 2530 fuerunt?
840 2490 1116 2529 Scribendaene
1155 2498 1245 2528 sunt
1288 2490 1479 2541 ejusmodi
1523 2490 1731 2536 orationes,

254 2568 418 2606 quarum
444 2554 483 2592 id
515 2566 706 2592 summum
731 2553 877 2590 bonum
905 2552 967 2596 sit,
1003 2552 1035 2589 si
1065 2552 1208 2590 nemini
1243 2551 1463 2590 auditorum
1496 2551 1731 2602 persuadere

254 2615 436 2667 possint?

309 2679 376 2715 21.
407 2677 600 2715 Fortassis
630 2682 759 2714 autem
792 2674 898 2713 dices
918 2687 999 2720 ¹nec
1033 2683 1069 2712 te
1102 2673 1140 2711 id
1166 2673 1369 2719 fefellisse,
1404 2672 1473 2711 sed
1509 2672 1728 2724 exemplum

255 2740 441 2778 studiosis
480 2740 697 2791 relinquere
732 2738 902 2777 voluisse
943 2737 1050 2775 foeda
1090 2737 1252 2775 crimina
1292 2744 1331 2775 et
1373 2750 1514 2775 causas
1556 2736 1729 2774 difficiles

256 2801 505 2840 defendendi.
564 2802 710 2840 Verum
745 2801 777 2838 si
813 2800 920 2852 prius
954 2798 1177 2849 ignorabas,
1208 2811 1309 2836 nnnc
1343 2798 1481 2836 saltem
1511 2806 1548 2835 te
1578 2798 1730 2836 intelle.-

254 2863 356 2901 xisse
382 2864 556 2910 arbitror,
578 2862 701 2900 multo
730 2861 881 2899 facilius
912 2860 1078 2911 aliquem
1108 2859 1329 2897 absolutum
1354 2860 1397 2897 iri
1426 2860 1456 2897 si
1483 2872 1555 2898 nec
1573 2872 1617 2897 os
1637 2872 1729 2910 ape-

254 2924 372 2962 ruerit
399 2937 516 2975 quam
552 2924 584 2961 si
613 2924 688 2961 isto
712 2923 829 2962 modo
850 2935 958 2961 suam
980 2934 1137 2960 causam
1158 2921 1297 2972 egerit.
1353 2921 1443 2959 Jam
1465 2934 1583 2971 quum
1605 2919 1732 2959 studia
