1870 3277
530 179 753 218 CONTRA
784 176 1219 214 DEMOSTHENEM.
1518 175 1597 211 425

157 281 369 333 corrupisti,
385 280 677 319 Demosthenes.
708 280 764 317 Se
784 289 944 316 omnes
966 277 1020 314 ad
1049 276 1354 314 Chaeroneam
1381 276 1423 313 in
1451 276 1595 314 aciem

158 343 394 381 eduxisse.
451 342 564 380 Non:
608 342 675 378 sed
708 340 812 379 solus
842 338 920 376 illic
953 337 1032 375 acie
1066 337 1275 374 excessisti.
1332 337 1388 374 Se
1424 337 1597 374 multas

157 417 241 454 pro
269 405 403 442 vobis
427 403 698 455 legationes
724 400 915 439 obiisse.
968 399 1116 441 Quibus
1131 398 1252 435 elatus
1271 397 1446 447 equidem
1466 396 1598 435 nescio

154 466 249 515 quid
268 466 411 516 egisset
430 473 496 502 aut
513 477 600 515 quae
618 464 733 501 verba
752 461 919 504 fecisset,
943 460 973 498 si
1000 459 1160 498 consilia
1179 459 1262 510 ejus
1282 471 1503 496 successum
1530 458 1599 495 ha-

157 527 344 571 buissent,
371 526 436 577 qui
463 525 510 564 ad
536 525 634 563 tales
659 523 896 562 calamitates
928 528 968 559 et
994 528 1102 559 tanta
1126 520 1227 558 mala
1246 519 1448 558 conflanda
1477 525 1597 556 totum

155 587 284 625 orbem
305 594 486 625 terrarum
507 585 736 638 peragrarit;
767 591 806 622 et
833 591 961 621 tamen
988 583 1146 634 praemia
1164 581 1236 619 sibi
1262 582 1426 619 maxima
1445 580 1598 617 decerni

156 649 339 699 postulat,
360 656 404 686 ut
421 656 460 686 et
479 648 517 685 in
536 647 668 698 patriae
687 645 861 683 fraudem
879 657 1040 682 munera
1056 643 1186 694 capiat
1204 650 1243 680 et
1262 648 1396 680 contra
1415 641 1599 692 populum

156 709 309 759 quidvis
327 716 366 747 et
385 709 486 747 dicat
508 715 547 746 et
564 708 678 745 faciat
695 708 862 758 impune.
920 708 981 744 Ac
999 705 1201 743 Timotheo
1220 704 1378 754 quidem
1399 702 1464 753 qui
1485 702 1601 739 Pelo-

155 783 370 821 ponnaeum
397 769 521 807 classe
553 769 830 807 circumvectus
861 774 920 806 est
948 767 1091 817 quique
1128 764 1440 803 Lacedaemonios
1475 763 1601 801 navali

155 831 204 868 ad
226 831 431 882 Corcyram
449 830 582 881 praelio
600 830 808 880 superavit,
827 828 891 879 qui
911 827 1082 866 Cononis
1103 827 1205 864 filius
1225 826 1297 863 fuit
1316 838 1339 863 a
1357 838 1433 876 quo
1452 824 1600 862 Graecis

155 891 309 930 libertas
330 892 505 930 restituta
523 898 594 937 est,
614 904 636 929 a
655 903 730 940 quo
743 897 856 940 capta
874 889 1024 933 Samus,
1040 888 1242 934 Methone,
1259 886 1411 938 Pydna,
1424 885 1602 923 Potidaea

156 961 196 992 et
213 961 352 1005 praeter
370 954 440 992 has
457 953 541 992 aliae
561 952 693 1004 viginti
714 953 842 996 urbes,
862 951 955 988 nihil
976 951 1079 1001 apud
1099 962 1163 987 vos
1183 950 1257 987 ista
1277 948 1516 1000 profuerunt,
1536 959 1601 984 ne-

153 1028 228 1066 que
247 1016 338 1054 talia
355 1015 542 1053 beneficia
564 1028 652 1053 cum
672 1013 818 1065 judicio
838 1020 920 1050 tum
946 1012 1157 1050 constituto
1176 1018 1215 1049 et
1235 1009 1502 1062 jurejurando,
1524 1020 1600 1059 quo

155 1078 247 1116 dato
267 1077 447 1128 suffragia
462 1076 658 1121 ferebatis,
679 1074 957 1121 commutastis,
978 1074 1046 1112 sed
1073 1080 1226 1111 centum
1254 1071 1408 1109 talentis
1436 1069 1601 1108 mulcta-

156 1140 239 1186 stis,
259 1139 361 1190 quod
380 1139 460 1190 ipse
479 1138 671 1176 fatebatur
689 1150 728 1175 se
748 1150 770 1175 a
786 1136 890 1174 Chiis
910 1143 950 1174 et
969 1135 1132 1173 Rhodiis
1151 1133 1353 1185 pecuniam
1379 1131 1600 1182 accepisse:

154 1201 343 1252 impurum
369 1207 496 1239 autem
517 1200 631 1238 istum
657 1200 842 1251 Scytham
859 1221 909 1227 —
930 1210 1002 1235 nec
1033 1198 1132 1235 enim
1154 1204 1366 1247 temperare
1393 1194 1483 1232 mihi
1501 1205 1601 1244 queo

153 1285 206 1291 ——-
225 1275 339 1314 quein
357 1275 433 1299 non
453 1275 551 1299 unus
568 1261 624 1299 vir
644 1261 713 1300 sed
742 1267 846 1299 totus
867 1273 915 1298 ex
937 1261 1146 1310 Areopago
1166 1264 1322 1296 senatus
1342 1256 1449 1294 facta
1476 1255 1601 1305 inqui-

152 1325 290 1362 sitione
309 1326 509 1376 pecuniam
529 1330 663 1363 contra
686 1336 757 1361 vos
781 1323 921 1360 habere
948 1321 1142 1366 indicavit,
1163 1333 1275 1371 quem
1303 1331 1386 1356 esse
1406 1329 1602 1355 mercena-

152 1385 248 1422 rium
279 1392 318 1423 et
346 1392 579 1436 captatorem
613 1397 815 1422 munerum
844 1390 978 1421 contra
1006 1381 1281 1433 rempublicam
1322 1377 1533 1417 declaravit
1564 1384 1603 1415 et

155 1447 291 1484 harum
309 1460 434 1485 rerum
453 1445 632 1492 convicit,
660 1459 748 1483 eum
769 1457 844 1483 non
864 1442 1129 1482 ulciscemini?
1158 1443 1196 1479 in
1216 1454 1303 1479 eum
1329 1439 1506 1490 exempla
1525 1451 1602 1476 nou

152 1510 305 1549 edetis?
332 1523 447 1562 quem
466 1523 543 1548 non
560 1510 676 1548 modo
694 1510 842 1560 regium
863 1521 996 1546 aurum
1016 1507 1212 1558 accepisse
1233 1511 1396 1550 constat,
1419 1503 1488 1542 sed
1507 1515 1605 1541 rem-

154 1572 348 1623 publicam
373 1585 456 1610 esse
475 1572 761 1623 depeculatum,
780 1577 819 1608 et
837 1582 940 1607 nunc
967 1582 1015 1607 ne
1035 1569 1082 1606 ab
1109 1567 1283 1618 Harpalo
1311 1565 1465 1617 quidem
1488 1564 1604 1603 allata

154 1633 316 1684 pecunia
334 1633 576 1672 abstinuisse.
634 1631 835 1670 Enimvero
853 1643 965 1681 quam
995 1629 1215 1668 meritorum
1236 1626 1429 1665 Timothei
1455 1631 1603 1677 partem

154 1696 392 1733 constituunt
407 1695 676 1733 Demosthenis
696 1694 908 1744 legationes
921 1692 1062 1730 Thebis
1081 1690 1222 1729 obitae?
1252 1697 1318 1728 aut
1336 1690 1420 1741 quis
1440 1701 1518 1727 non
1538 1687 1605 1726 de-

154 1756 278 1795 rideat
298 1770 364 1795 vos
382 1757 447 1807 qui
475 1756 606 1795 audire
632 1757 706 1794 ista
733 1768 808 1793 non
831 1754 1053 1806 gravemini,
1083 1754 1115 1791 si
1141 1751 1313 1790 conferat
1338 1763 1404 1789 eas
1433 1750 1603 1788 actiones

154 1819 292 1871 quibus
312 1821 382 1858 iste
402 1820 584 1870 gloriatur
602 1832 690 1857 cum
709 1817 898 1856 Timothei
916 1824 955 1855 et
972 1815 1142 1854 Cononis
1161 1811 1385 1852 beneficiis?
1427 1811 1506 1850 Sed
1526 1824 1602 1849 non

155 1881 269 1919 decet
286 1894 372 1919 cum
392 1881 604 1932 quisquiliis
623 1880 705 1918 istis
725 1891 790 1917 eos
810 1878 1022 1930 comparari
1054 1876 1119 1927 qui
1138 1889 1199 1913 res
1218 1888 1287 1926 pro
1306 1873 1414 1912 vobis
1434 1880 1470 1911 et
1490 1885 1602 1923 repu-

155 1943 256 1980 blica
277 1949 408 1981 nostra
425 1949 463 1981 et
481 1942 686 1993 majoribus
702 1941 839 1992 dignas
855 1946 1072 1992 gesserunt.
1113 1939 1243 1981 Quare
1265 1934 1603 1974 senatusconsulto

154 2005 204 2043 de
235 2004 436 2043 Timotheo
467 2004 635 2042 exhibito
665 2011 831 2041 revertar
862 2001 912 2040 ad
947 2001 1159 2040 orationem
1194 1999 1243 2036 de
1274 1998 1348 2035 isto
1378 1997 1602 2035 institutam.

158 2065 304 2105 Recita.

581 2154 1179 2196 SENATUSCONSULTUM.

156 2245 262 2283 Talis
288 2245 361 2283 fuit
386 2245 450 2283 ille
477 2244 583 2289 civis,
613 2243 909 2286 Demosthenes,
937 2241 1001 2292 qui
1023 2241 1108 2291 jure
1138 2246 1177 2278 et
1202 2239 1349 2278 veniam
1377 2246 1416 2276 et
1442 2237 1602 2288 gratiam

157 2307 364 2347 invenisset
383 2320 405 2344 a
425 2307 502 2345 suis
522 2306 682 2351 civibus,
708 2305 774 2355 qui
799 2316 876 2342 non
897 2303 1008 2341 dictis
1028 2303 1097 2340 sed
1115 2302 1227 2340 factis
1247 2300 1369 2338 multa
1389 2299 1511 2338 officia
1531 2299 1602 2336 rei-

157 2369 323 2420 publicae
341 2368 529 2420 praestitit,
554 2368 617 2418 qui
637 2367 738 2404 idem
757 2378 904 2417 semper
932 2364 1147 2402 institutum
1175 2375 1296 2412 usque
1317 2360 1364 2399 ad
1384 2361 1526 2399 obitum
1546 2367 1603 2397 te-

157 2432 254 2480 nuit,
272 2443 349 2468 non
377 2436 418 2467 ut
440 2436 481 2467 tu
510 2429 651 2468 crebris
678 2427 949 2466 mutationibus
982 2426 1119 2465 coelum
1144 2431 1254 2462 terrae
1281 2423 1448 2468 miscuit,
1478 2433 1603 2472 neque

155 2500 285 2531 tantas
304 2491 629 2530 remunerationes
648 2504 671 2529 a
687 2489 827 2542 populo
846 2488 1033 2540 flagitavit
1051 2494 1094 2525 ut
1119 2486 1290 2538 superior
1308 2490 1413 2522 esset
1438 2482 1603 2534 legibus,

158 2567 283 2606 neque
299 2552 505 2605 postulavit
523 2559 566 2590 ut
577 2551 641 2602 qui
655 2552 830 2603 jurarunt
845 2563 885 2588 se
897 2562 945 2587 ex
962 2548 1109 2599 legibus
1127 2546 1444 2599 pronunciaturos
1464 2543 1604 2595 pietate

157 2613 484 2666 supersedendum
510 2619 625 2658 esset,
651 2611 718 2650 sed
743 2618 782 2650 et
799 2609 1046 2649 condemnari
1067 2608 1195 2654 voluit,
1215 2608 1245 2645 si
1262 2605 1459 2658 judicibus
1482 2605 1603 2642 visum

158 2683 278 2722 esset,
296 2676 359 2726 qui
385 2688 461 2713 non
494 2673 761 2713 excusationes
789 2680 1006 2722 temporum
1031 2669 1172 2716 attulit,
1201 2680 1325 2719 neque
1355 2665 1458 2704 aliud
1487 2665 1605 2704 sensit

159 2738 262 2777 aliud
283 2749 351 2787 pro
369 2737 553 2775 concione
573 2735 681 2774 dixit.

211 2802 250 2836 4.
280 2798 370 2836 Non
397 2798 591 2845 occidetis,
611 2796 880 2841 Athenienses,
905 2792 1133 2832 sceleratum
1158 2792 1272 2830 istum
1303 2789 1512 2833 hominem,
1539 2789 1602 2839 qui

160 2868 298 2914 praeter
316 2860 390 2900 alia
407 2859 532 2897 multa
545 2866 584 2898 et
597 2871 735 2910 magna
752 2863 910 2909 peccata
928 2855 1042 2894 etiam
1054 2854 1321 2892 Thebanorum
1337 2853 1468 2890 urbem
1489 2850 1605 2888 everti

159 2935 296 2975 passus
315 2929 386 2966 est,
404 2934 491 2960 cum
512 2933 536 2959 a
554 2932 645 2970 rege
664 2920 866 2959 Persarum
888 2923 1060 2956 trecenta
1078 2916 1223 2955 talenta
1234 2915 1283 2953 ad
1299 2927 1427 2953 eorum
1449 2925 1602 2952 conser-

847 2981 868 3015 3
891 2991 904 3016 1
