1870 3277
260 168 332 203 373
921 168 1033 203 lsi-hl

258 268 494 318 Apollodoro
523 268 796 306 demonstratae
817 277 1106 306 monumentum
1128 277 1274 319 prostat
1293 270 1412 319 tripus
1432 272 1479 308 ab
1499 271 1562 308 illo
1580 271 1699 308 choro

258 328 458 367 dedicatus
478 329 515 366 in
545 330 661 380 ipsius
689 330 883 368 honorem.
938 331 1056 380 Atqui
1084 343 1170 380 quae
1197 337 1286 367 sunt
1311 331 1397 367 boni
1426 332 1516 368 civis
1544 332 1700 382 partes?

261 390 399 428 Nonne
418 390 666 441 cupiditatem
686 391 861 436 aliorum,
884 392 985 430 bona
1004 393 1126 429 aliena
1152 392 1198 428 ad
1220 404 1260 428 se
1280 391 1330 428 nil
1352 392 1702 443 pertinentiajustis

258 451 421 490 dominis
441 452 581 503 eripere
601 453 932 499 contendentium,
959 454 1010 491 ita
1030 454 1207 497 aversari,
1229 460 1268 489 ut
1287 454 1387 490 bona
1407 462 1471 490 tua
1493 454 1598 491 salva
1613 467 1703 491 con·
1755 465 1764 471 ·

258 526 409 550 servare
437 520 551 564 atque
577 514 673 552 tueri
703 514 894 552 studeas?
945 515 1094 560 Nonne,
1124 528 1210 552 cum
1237 527 1335 564 resp.
1365 515 1450 551 aeris
1477 523 1579 563 eget,
1606 515 1702 552 iuter

259 574 400 624 primos
420 574 563 612 censeri
584 575 822 612 conferentes
841 575 1058 625 nullamque
1074 577 1258 613 bonorum
1281 584 1423 626 partem
1444 575 1548 623 clam·
1564 575 1701 613 habere

259 647 282 672 a
297 635 525 674 necessitate
543 635 807 673 contribuendi
827 636 1071 686 exemptam?
1112 637 1218 675 Talis
1232 650 1321 675 vero
1340 637 1411 674 fuit
1426 637 1700 687 Apollodorus:

259 703 491 747 quapropter
510 696 544 733 ei
564 710 631 734 vos
659 696 757 734 hanc
786 697 916 735 merito
936 698 1138 736 retuleritis
1159 699 1331 748 gratiam,
1354 705 1397 735 ut
1423 699 1471 735 ab
1496 711 1542 735 eo
1561 698 1700 735 factam

259 756 308 793 de
327 757 436 794 bonis
453 757 532 795 suis
549 757 860 796 constitutionem
880 767 998 796 ratam
1015 759 1187 797 habeatis
1203 767 1407 809 vestraque
1429 759 1702 810 approbatione

259 819 506 858 confirmetis.
562 819 693 863 Quid?
721 821 822 870 quod
844 834 902 858 me
930 821 1056 872 ipsum
1084 835 1237 872 quoque
1261 823 1382 859 civem
1411 822 1604 872 reperietis
1626 835 1701 858 non

258 881 413 927 malum,
430 895 552 932 neque
571 883 910 920 contemnendum.
968 883 1288 934 Expeditionibus
1305 885 1573 929 castrensibus,
1593 892 1702 934 qnot-

257 950 352 992 quot
379 950 493 981 aetate
527 956 613 981 mea
641 943 732 994 reip.
765 944 1021 994 suscipiendae
1057 953 1280 990 evenerunt,
1316 947 1490 982 omnibus
1523 946 1674 982 interfui
1692 959 1701 987 ;

256 1004 443 1054 imperata
460 1017 676 1054 exsequ0r;
708 1005 746 1042 id
766 1006 870 1055 quod
891 1013 948 1044 est
966 1007 1133 1044 officium
1152 1007 1288 1044 civium
1312 1007 1349 1043 id
1369 1007 1491 1044 oetatis
1508 1007 1610 1057 quod
1630 1020 1705 1056 ego

260 1078 360 1103 nunc
385 1079 458 1117 ago
477 1068 686 1117 agentium.
745 1068 899 1106 Illorum
918 1069 1044 1119 itaque
1065 1068 1272 1120 [Thrasylli
1292 1077 1385 1120 puta
1404 1077 1516 1118 atque
1545 1068 1702 1119 Apollo—

259 1126 359 1176 dori]
379 1128 518 1178 pariter
536 1135 649 1178 atque
666 1136 840 1166 nostrum
862 1130 984 1181 gratia
997 1131 1102 1181 [meh
1123 1131 1293 1181 inquam,
1309 1143 1551 1181 meorumque
1566 1143 1702 1180 paren-

259 1195 339 1225 tum
371 1196 487 1239 atque
516 1191 908 1241 consanguineorum]
943 1192 1145 1242 prospicite
1179 1192 1289 1230 nobis
1319 1192 1558 1242 salutemque
1586 1198 1707 1242 atque

259 1249 483 1300 dignitatem
524 1257 694 1289 nostram
730 1265 832 1290 curae
867 1253 1050 1304 cordique
1085 1253 1248 1296 habete;
1289 1254 1499 1303 praesertim
1540 1266 1626 1290 cum
1665 1252 1701 1289 hi

257 1310 464 1362 [Pronapis
479 1315 636 1363 ejusque
651 1314 871 1363 consortes]
887 1315 1042 1352 domum
1061 1314 1230 1366 quinque
1244 1315 1387 1352 talenta
1400 1315 1602 1360 valentem,
1616 1328 1702 1365 quae

259 1372 529 1411 trierarchatus
555 1375 644 1413 olim
670 1377 767 1413 ferre
796 1376 936 1414 soleret
963 1377 1171 1427 impendia,
1196 1377 1242 1414 ad
1272 1377 1430 1414 nihilum
1459 1377 1702 1427 redegerunt,

259 1433 389 1472 fundis
410 1435 626 1482 divenditis,
644 1445 876 1488 gentemque
896 1437 1062 1475 nobilem
1080 1437 1351 1476 desolaverunt
1370 1445 1410 1475 et
1429 1439 1466 1475 in
1486 1451 1603 1475 eausa
1621 1438 1703 1475 fue-

260 1504 350 1534 runt
378 1503 419 1534 ut
444 1510 489 1535 ea
507 1510 664 1548 prorsus
683 1500 1001 1549 exstingueretur,
1020 1513 1090 1537 nos
1111 1506 1237 1537 autem
1257 1506 1294 1536 et
1314 1499 1501 1549 gessimus
1521 1512 1703 1549 quaecun·

261 1570 335 1608 que
364 1565 453 1596 sunt
485 1560 615 1597 munia
648 1568 872 1611 sumptuosa
902 1569 940 1598 et
969 1561 1008 1597 in
1039 1568 1233 1611 posterum
1264 1573 1417 1611 quoque
1451 1573 1639 1610 geremus,
1673 1561 1704 1597 si

260 1631 396 1669 nempe
416 1632 483 1657 vos
505 1621 734 1671 Apollodori
754 1622 987 1659 voluntatem
1007 1628 1128 1659 ratam
1144 1622 1312 1673 jubeatis
1331 1635 1431 1666 esse,
1453 1622 1702 1660 hereditatem

260 1679 360 1718 hanc
378 1681 487 1718 nobis
505 1683 696 1720 sententia
712 1690 841 1720 vestra
861 1683 1097 1721 addicentes.

315 1741 354 1779 9.
387 1741 549 1780 Dicendi
574 1744 686 1781 finem
707 1752 750 1782 ut
770 1744 923 1790 faciam,
945 1758 994 1782 ne
1013 1745 1121 1796 plura
1144 1745 1217 1783 hac
1238 1746 1286 1784 de
1311 1759 1351 1784 re
1372 1745 1596 1785 disserendo
1617 1759 1704 1797 gar-

259 1802 365 1841 rulus
380 1811 419 1841 et
437 1804 591 1855 putidus
606 1806 712 1843 vobis
729 1806 872 1851 videar,
887 1807 933 1844 de
954 1814 1138 1857 suggestu
1155 1808 1280 1845 statim
1297 1807 1542 1853 descendam,
1557 1816 1706 1858 postea—

259 1876 373 1914 quam
400 1865 632 1904 brevissimis
664 1880 811 1905 summa
834 1868 961 1918 capita
981 1867 1093 1918 juris,
1119 1881 1194 1918 quo
1224 1877 1395 1906 nostrum
1424 1869 1584 1919 quisque
1611 1868 1706 1914 fidit,

258 1926 529 1975 perstrinxero.
586 1929 728 1966 Nostra
743 1940 877 1975 mater,
890 1942 912 1966 0
926 1929 1090 1980 judices,
1106 1930 1332 1980 Apollodori
1352 1943 1458 1968 soror
1475 1931 1570 1975 fuit;
1599 1930 1704 1968 nulla

259 1999 327 2025 eos
349 2001 514 2039 unquam
544 1989 762 2028 intercessit
787 1991 976 2037 simultas,
1002 1991 1071 2029 sed
1099 2004 1241 2042 magna
1267 1999 1305 2028 et
1330 1999 1516 2042 perpetua
1545 1993 1704 2031 caritate

259 2055 392 2087 mutua
411 2063 561 2101 semper
581 2052 735 2089 fuerunt
748 2052 1073 2100 conj'unctissin1i3
1102 2066 1175 2102 ego
1195 2053 1420 2103 Apollodori
1434 2067 1517 2091 sum
1536 2067 1557 2091 e
1577 2068 1705 2092 sorore

260 2123 378 2160 nepos
400 2119 439 2149 et
460 2112 575 2158 filius,
598 2114 645 2151 ab
665 2127 710 2152 eo
739 2114 944 2165 adoptatus
969 2114 1094 2152 adhuc
1121 2115 1325 2165 superstite
1345 2122 1384 2152 et
1412 2116 1550 2153 mentis
1577 2117 1705 2154 adhuc

260 2179 449 2222 compote,
468 2181 506 2210 et
525 2174 573 2210 ab
593 2174 727 2213 eodem
753 2176 791 2213 in
813 2183 1000 2226 genn-etas
1020 2181 1059 2213 et
1085 2175 1284 2226 phratoras
1304 2176 1510 2227 inscriptus
1528 2190 1536 2214 :
1567 2177 1703 2227 quibus

258 2231 306 2270 de
335 2233 461 2270 causis
487 2233 739 2273 hereditatem
762 2237 988 2287 Apollodori
1016 2236 1183 2288 postulo,
1204 2238 1252 2274 ab
1278 2237 1364 2287 ipso
1391 2237 1481 2275 mihi
1510 2238 1705 2285 donatam,

260 2294 401 2332 habere
421 2308 509 2333 cum
529 2309 624 2347 pace
646 2304 773 2335 vestra
792 2306 906 2348 atque
925 2306 1067 2342 tenere,
1091 2297 1148 2335 his
1169 2304 1297 2335 autem
1324 2305 1364 2335 ut
1385 2300 1534 2349 copiam
1555 2300 1705 2351 negetis
1733 2307 1736 2310 ’

259 2355 396 2394 domus
415 2357 656 2395 desolandae.
714 2358 900 2409 Pronapis
921 2367 1057 2398 contra
1079 2359 1217 2410 ecquid
1236 2359 1344 2397 affert
1364 2373 1433 2410 pro
1457 2362 1595 2411 [uxore
1616 2360 1704 2409 sua]

259 2418 421 2455 eandem
436 2417 684 2456 hereditatem
700 2419 876 2469 petente?
913 2420 1078 2469 AEquum
1092 2433 1226 2470 nempe
1242 2433 1401 2458 censens
1415 2421 1559 2472 sibique
1572 2421 1706 2459 datum

259 2493 342 2517 earn
361 2487 405 2518 ut
422 2474 564 2518 babeat
584 2487 789 2531 teneatque
808 2481 1007 2532 pecuniam
1027 2495 1140 2531 quam
1161 2495 1181 2519 e
1202 2483 1356 2520 vendita
1377 2483 1535 2520 semisse
1555 2483 1706 2533 redegit

258 2540 356 2579 illius
386 2541 609 2580 hereditatis
634 2555 749 2592 quam
775 2541 890 2579 frater
920 2542 1047 2579 uxoris
1075 2556 1156 2579 suae
1185 2543 1350 2592 reliquit,
1378 2543 1574 2580 contendit
1602 2557 1703 2583 nunc

260 2601 357 2640 hanc
381 2615 532 2654 quoque
553 2616 685 2654 rapere
713 2603 976 2650 hereditatem,
995 2604 1105 2654 cujus
1127 2603 1318 2641 adeundae
1337 2611 1524 2654 praestant
1542 2605 1602 2642 alii
1617 2605 1705 2656 jure

259 2664 406 2713 potiore
437 2678 553 2715 quam
583 2673 643 2702 est
669 2665 752 2716 ejus
775 2665 898 2711 uxori,
927 2664 1112 2713 quamvis,
1147 2672 1188 2702 ut
1217 2666 1256 2701 in
1286 2665 1413 2702 locum
1440 2665 1540 2703 illius
1570 2667 1704 2717 prioris

259 2725 484 2775 Apollodori
514 2726 657 2764 dudum
690 2734 780 2763 ante
808 2726 978 2764 defuncti
1004 2726 1149 2763 nullum
1178 2725 1328 2763 suffecit
1347 2726 1465 2763 filium
1493 2739 1615 2777 eoque
1635 2728 1706 2766 do-

260 2797 361 2821 murn
384 2785 484 2823 illius
506 2799 640 2837 passus
659 2786 733 2823 fuit
753 2787 931 2832 desolari,
952 2788 1006 2825 ita
1024 2787 1111 2824 huic
1130 2799 1284 2837 quoque
1303 2788 1492 2838 posterius
1520 2788 1705 2827 defuncto

260 2844 494 2897 Apollodoro
515 2848 663 2885 nullum
690 2848 739 2886 sit
758 2848 877 2886 filium
899 2848 1140 2894 suffecturus,
1161 2849 1229 2886 sed
1244 2849 1356 2897 hujus
1376 2862 1530 2900 quoque
1549 2849 1703 2888 domum

260 2906 339 2957 pari
367 2907 479 2945 modo
507 2921 689 2959 passurus
721 2909 908 2953 desolari;
939 2923 1050 2960 porro
1080 2909 1212 2948 afferet
1239 2910 1425 2961 Pronapis
1454 2911 1523 2949 sibi
1552 2911 1704 2963 suisque
