1870 3277
950 682 1051 735 IX.

711 857 1272 909 ARCHIDAMO.

330 1089 365 1125 l.
395 1087 525 1130 Quum
545 1085 674 1129 sciam,
696 1083 942 1128 Archidame,
963 1093 1079 1131 quam
1105 1080 1215 1118 multi
1242 1087 1279 1117 te
1305 1086 1576 1131 parentemque
1607 1085 1714 1115 tuum

271 1156 311 1187 et
335 1156 501 1187 vestrum
538 1147 752 1185 universum
791 1157 913 1195 genus
952 1142 1130 1180 laudibus
1159 1154 1291 1179 ornare
1320 1140 1601 1191 aggrediantur,
1631 1152 1714 1177 eam

271 1210 360 1261 ipsis
381 1208 531 1247 dicendi
553 1208 762 1249 materiam,
784 1218 901 1256 quum
923 1204 1045 1242 facilis
1065 1203 1272 1241 admodum
1291 1209 1395 1240 esset
1408 1209 1446 1240 et
1463 1201 1586 1246 obvia,
1607 1201 1717 1239 relin-

271 1271 465 1323 quendam
484 1270 633 1322 putavi3
653 1269 745 1306 mihi
764 1274 892 1306 autem
912 1266 950 1302 in
973 1265 1098 1303 animo
1114 1272 1171 1302 est
1185 1264 1326 1302 hortari
1341 1271 1378 1302 te
1393 1263 1441 1301 ad
1456 1263 1717 1314 expeditiones

270 1334 314 1371 iis
335 1345 490 1384 prorsus
511 1330 714 1369 dissimiles
729 1343 814 1380 quae
835 1329 910 1366 hoc
930 1335 1101 1378 tempore
1122 1326 1396 1376 suscipiuntur,
1414 1324 1463 1362 ad
1479 1337 1543 1362 eas
1563 1325 1717 1374 inquam

270 1394 531 1445 expeditiones
551 1405 599 1430 ex
619 1392 757 1442 quibus
783 1390 926 1428 civitati
955 1401 1032 1426 non
1060 1389 1184 1425 minus
1205 1395 1282 1424 tuae
1304 1398 1418 1437 quam
1437 1392 1586 1423 cunetae
1607 1385 1716 1422 Grae-

270 1458 340 1496 ciae
358 1458 608 1495 maximorum
629 1457 817 1493 bonorum
837 1461 972 1491 auctor
992 1453 1144 1490 futurus
1167 1452 1232 1490 sis.
1281 1451 1414 1500 Atque
1433 1449 1506 1487 hoc
1527 1447 1718 1486 scribendi

270 1525 536 1570 argumentum
554 1518 694 1568 delegi,
720 1528 798 1553 non
826 1515 980 1565 ignarus
1002 1513 1185 1564 quidnam
1212 1519 1314 1550 esset
1334 1511 1382 1548 ad
1404 1509 1715 1561 pertractandum

268 1580 434 1626 facilius,
454 1579 524 1617 sed
544 1586 648 1617 certo
675 1577 801 1615 sciens
829 1576 911 1613 fore
939 1582 996 1620 ut,
1019 1574 1129 1612 sicuti
1150 1573 1309 1611 arduum
1332 1572 1444 1609 simul
1463 1578 1500 1608 et
1518 1569 1715 1620 egregium

268 1649 384 1687 esset,
408 1641 475 1678 tibi
503 1651 714 1691 proponere
734 1650 829 1690 quas
852 1650 961 1688 geras
981 1650 1040 1674 res
1065 1635 1269 1687 praeclaras
1296 1641 1335 1672 et
1352 1645 1512 1684 magnas
1531 1638 1570 1669 et
1588 1631 1714 1676 utiles,

266 1703 319 1740 ita
347 1709 432 1739 tuas
462 1708 615 1752 tuaeque
636 1699 789 1738 familiae
809 1699 967 1736 virtutes
997 1697 1153 1736 laudare
1181 1695 1285 1734 haud
1314 1695 1519 1733 difficulter
1547 1706 1714 1744 possem.

269 1764 409 1814 Neque
427 1763 528 1800 enim
548 1775 645 1815 opus
666 1761 801 1799 fuisset
821 1760 869 1798 de
890 1772 976 1797 mco
996 1760 1221 1810 depromere
1241 1771 1327 1808 quae
1342 1757 1391 1794 de
1410 1757 1469 1794 his
1485 1755 1714 1800 dicerentur,

266 1823 422 1875 quando
447 1835 493 1859 ex
520 1822 611 1872 ipsis
640 1834 708 1872 per
734 1833 800 1857 vos
827 1820 940 1870 gestis
969 1821 1082 1857 rebus
1109 1820 1198 1857 talis
1228 1818 1319 1856 mihi
1348 1831 1393 1856 ac
1423 1823 1529 1854 tanta
1553 1815 1716 1853 dabatur

266 1883 421 1923 dicendi
441 1895 567 1933 seges,
595 1887 639 1919 ut
656 1894 743 1931 quae
763 1880 810 1918 de
833 1880 916 1917 aliis
935 1880 1196 1930 praedicantur
1215 1879 1352 1918 laudes
1371 1891 1420 1916 ne
1439 1878 1501 1915 vel
1521 1877 1712 1915 tantillum

267 1959 355 1984 cum
375 1945 419 1983 iis
439 1943 602 1982 conferri
621 1943 772 1994 possint
791 1942 929 1992 quibus
950 1954 1019 1978 vos
1040 1940 1172 1978 soletis
1191 1941 1387 1978 celebrari.

321 2010 357 2044 2.
389 2005 579 2050 Quisnam
599 2004 701 2042 enim
723 2010 878 2054 superet
897 2002 957 2040 vel
978 2001 1216 2039 nobilitatem
1236 2013 1368 2038 eorum
1387 2001 1452 2051 qui
1478 2001 1526 2038 ab
1548 2000 1715 2038 Hercule

270 2076 309 2108 et
338 2069 420 2119 ipso
443 2067 541 2105 Jove
571 2077 693 2116 genus
723 2065 884 2109 ducunt,
912 2075 1027 2113 quam
1060 2074 1192 2099 omnes
1221 2074 1298 2099 uno
1325 2074 1389 2099 ore
1417 2061 1647 2099 confitentur
1674 2062 1713 2099 in

267 2130 375 2168 vobis
396 2128 487 2166 solis
508 2126 674 2177 reperiri,
693 2127 754 2164 vel
774 2126 951 2164 virtutem
972 2136 1104 2162 eorum
1122 2124 1184 2173 qui
1206 2123 1367 2161 Doricas
1386 2122 1424 2159 in
1444 2121 1713 2173 Peloponneso

267 2193 381 2229 urbes
401 2188 654 2228 condiderunt
683 2195 721 2225 et
746 2188 851 2225 illam
876 2186 1072 2237 regionem
1098 2190 1397 2236 occupaverunt,
1416 2184 1475 2222 vel
1495 2184 1712 2234 praeliorum

267 2252 602 2303 trophaeorumque
615 2249 899 2287 multitudinem
913 2261 1000 2298 quae
1011 2254 1140 2286 vestro
1155 2247 1274 2285 ductu
1289 2253 1404 2297 atque
1417 2245 1594 2296 auspiciis
1609 2245 1712 2283 facta

268 2320 358 2351 sunt
377 2319 416 2351 et
436 2309 603 2350 statuta?
633 2310 731 2353 Quis
753 2316 880 2348 autem
901 2309 1074 2347 dicendis
1097 2315 1241 2359 egeret,
1266 2307 1331 2358 qui
1350 2307 1441 2345 velit
1459 2313 1541 2344 tum
1562 2305 1727 2344 fortitu?

268 2375 395 2413 dinem
425 2386 471 2411 ac
502 2371 795 2422 temperantiam
827 2377 964 2408 vestrae
991 2369 1154 2408 civitatis
1181 2376 1262 2406 tum
1291 2381 1314 2406 a
1341 2368 1475 2406 vestris
1507 2367 1713 2419 majoribus

268 2435 483 2473 institutum
502 2432 721 2484 reipublicae
739 2438 880 2469 statum
900 2430 1150 2482 percensere?
1180 2429 1343 2474 Quantis
1365 2443 1476 2481 porro
1493 2429 1616 2468 verbis
1637 2441 1712 2466 non

267 2497 398 2535 liceret
418 2495 600 2546 explicari
620 2493 786 2545 parentis
812 2493 867 2530 tui
895 2492 1108 2543 prudentia,
1139 2492 1387 2542 ejusdemque
1413 2492 1452 2528 in
1472 2489 1641 2528 adversis
1660 2489 1713 2527 rei

269 2557 446 2608 gerendae
459 2557 567 2602 ratio,
581 2562 619 2593 et
635 2555 731 2593 illud
747 2554 852 2606 quod
871 2554 969 2592 intra
987 2555 1110 2605 ipsam
1129 2555 1262 2592 urbem
1279 2553 1524 2592 commissum
1540 2559 1599 2589 est
1617 2565 1713 2602 prae-

268 2619 384 2656 lium?
415 2619 459 2656 In
476 2632 553 2669 quo
573 2627 614 2656 tu
628 2617 759 2669 praelio
773 2616 1001 2655 constitutus
1017 2616 1234 2666 imperator,
1249 2613 1458 2666 pugnando
1472 2627 1561 2652 cum
1579 2614 1711 2664 paucis

269 2680 454 2719 adversus
484 2679 638 2724 multos,
666 2679 841 2716 omnibus
869 2676 1139 2722 antecelluisti,
1165 2684 1204 2714 et
1227 2678 1359 2714 urbem
1388 2682 1492 2713 tuam
1521 2675 1569 2713 ab
1598 2674 1713 2713 exitio

270 2743 446 2787 servasti;
478 2756 554 2794 quo
575 2743 666 2780 nihil
687 2741 906 2794 praeclarius
925 2742 972 2779 ab
991 2740 1072 2778 ullo
1090 2739 1248 2791 proferri
1266 2739 1398 2790 possit.
1457 2739 1593 2789 Neque
1612 2739 1713 2776 enim

269 2803 329 2841 vel
347 2804 460 2841 urbes
481 2817 702 2855 expugnare
716 2803 776 2842 vel
796 2803 964 2841 hostium
980 2814 1140 2852 magnas
1156 2800 1285 2852 copias
1300 2800 1513 2839 interimere
1530 2812 1710 2851 magnum

270 2868 366 2906 adeo
386 2874 443 2906 est
461 2875 500 2906 et
517 2868 784 2912 honorificum,
812 2874 856 2904 ut
881 2867 952 2904 fuit
976 2880 998 2904 e
1026 2866 1141 2904 tantis
1160 2865 1337 2916 periculis
1357 2864 1518 2917 patriam
1537 2864 1711 2906 liberare,
