1870 3277
658 184 734 221 AD
755 154 1091 220 pmmppnn.
1545 181 1596 217 53

128 301 296 332 nostram
323 293 523 331 habituros
557 293 648 330 mihi
681 293 843 343 gratiam
874 291 923 328 de
952 291 1008 327 his
1039 303 1125 340 quae
1153 289 1258 326 dicta
1286 296 1432 336 essent,
1461 289 1529 327 sed
1561 298 1599 326 et

130 355 292 393 Graecos
313 356 527 392 universos.
1170 356 1173 357 ⁷

186 418 226 454 9.
259 417 356 454 Haec
376 429 422 454 eo
443 416 509 454 tibi
539 414 851 458 commemoravi,
880 420 924 450 ut
952 414 980 449 si
1003 413 1096 463 quid
1117 413 1223 449 initio
1246 412 1313 450 tibi
1335 419 1400 449 aut
1420 426 1498 449 non
1520 426 1601 450 cre-

128 478 246 515 dibile
265 486 429 515 autnon
450 490 564 527 posse
592 477 674 514 fieri
706 483 773 513 aut
802 475 869 513 tibi
899 476 1002 513 factu
1034 474 1258 511 indecorum
1290 486 1376 510 esse
1398 473 1600 518 videbitur,

130 551 207 576 non
228 538 545 589 indignabundus
563 538 717 589 abjicias
739 537 899 587 reliqua,
917 549 1041 585 neque
1059 535 1159 572 idem
1176 534 1282 585 quod
1299 534 1372 571 mei
1395 534 1602 572 familiares

130 598 263 645 facias,
282 598 350 636 sed
371 599 578 648 tranquillo
602 598 729 635 animo
747 596 938 648 judicium
960 595 1130 640 differas,
1151 595 1243 632 durn
1265 595 1311 632 ad
1342 595 1456 632 finem
1480 608 1602 645 usque

132 675 210 700 rem
239 675 391 700 omnem
413 661 594 699 audieris.
651 661 829 698 Arbitror
848 660 948 698 enim
969 659 1127 710 aliquod
1149 672 1208 696 me
1229 659 1420 697 dicturum
1442 659 1547 709 quod
1570 665 1607 695 et

133 731 391 775 opportunum
413 723 461 761 sit
481 729 520 761 et
539 722 607 760 tibi
627 722 823 773 expediat.

191 786 251 822 10.
283 785 421 835 Neque
448 798 538 822 vero
569 797 629 822 me
659 784 770 829 latet,
807 789 996 834 quantum
1031 782 1079 819 ad
1110 781 1425 832 persuadendum
1456 780 1607 818 intersit

132 847 232 885 inter
251 847 442 885 orationes
463 860 550 898 quae
570 847 617 884 ab
647 847 732 898 ipso
760 853 911 884 oratore
942 846 1242 896 pronuntiantur
1263 852 1302 883 et
1321 858 1386 883 eas
1407 858 1494 896 quae
1515 845 1611 883 reci-

135 915 280 955 tantur,
302 922 430 960 neque
451 909 588 960 ignoro
619 922 753 946 omnes
779 908 1012 953 existimare,
1041 907 1125 945 illas
1155 907 1203 944 de
1230 908 1345 944 rebus
1369 907 1551 957 gravibus
1573 913 1612 944 et

137 971 367 1009 necessariis
385 971 532 1017 haberi,
549 970 620 1008 has
637 977 768 1008 autem
783 969 1051 1007 ostentationis
1068 975 1136 1006 aut
1149 968 1281 1006 lucelli
1305 968 1466 1019 alicujus
1489 969 1614 1019 gratia

139 1035 302 1086 scriptas
324 1048 426 1073 esse.
484 1036 545 1072 Ac
567 1035 605 1072 in
626 1034 684 1072 his
702 1032 856 1084 quidem
879 1046 955 1071 non
978 1033 1093 1070 stulte
1115 1032 1316 1083 judicant:
1345 1044 1450 1076 narn,
1474 1031 1505 1068 si
1528 1043 1613 1068 ora-

139 1098 230 1134 toris
251 1105 290 1135 et
309 1096 537 1135 auctoritate
557 1103 596 1134 et
615 1109 710 1134 voce
730 1103 769 1133 et
787 1095 948 1133 actionis
962 1094 1146 1132 varietate
1164 1093 1200 1130 in
1223 1093 1456 1144 eloquentiae
1478 1091 1614 1130 studiis

140 1158 283 1196 usitata
295 1158 525 1196 destituatur
540 1158 676 1203 oratio,
692 1163 807 1208 atque
824 1156 938 1194 etiarn
955 1155 1222 1194 occasionibus
1239 1162 1278 1192 et
1291 1154 1418 1192 studio
1434 1153 1615 1205 gerendae

140 1220 209 1265 rei,
242 1220 413 1270 nihilque
440 1220 488 1257 sit
516 1219 622 1270 quod
651 1220 750 1257 vires
782 1226 925 1269 augeat
953 1225 993 1255 et
1022 1217 1072 1255 ad
1101 1217 1420 1268 persuadendum
1443 1216 1615 1266 adjuvet,

141 1280 211 1319 sed
231 1289 311 1317 tum
331 1281 390 1318 his
411 1281 588 1317 omnibus
617 1286 748 1318 careat
772 1286 854 1317 tum
874 1291 965 1316 vero
991 1279 1121 1329 inepte
1148 1278 1338 1328 nulloque
1359 1290 1448 1315 cum
1471 1276 1615 1314 affectu

142 1343 190 1381 ab
207 1342 336 1392 aliquo
354 1341 537 1379 recitetur
557 1341 621 1392 qui
642 1342 759 1379 verba
779 1340 1070 1391 quodammodo
1091 1347 1280 1383 numeret,
1309 1352 1397 1376 eam
1417 1336 1619 1376 contemni

142 1403 191 1441 ab
218 1403 458 1442 auditoribus
480 1403 565 1453 quis
587 1401 768 1440 miretur?
799 1415 888 1452 quae
908 1415 968 1439 res
999 1408 1039 1439 et
1067 1401 1169 1438 hanc
1197 1400 1410 1438 orationem
1430 1413 1520 1450 quae
1551 1398 1620 1436 tibi

143 1479 248 1503 nunc
278 1464 437 1503 offertur
466 1464 630 1502 maxime
663 1464 803 1502 laedere
834 1470 1017 1514 poterunt
1045 1470 1161 1512 atque
1192 1462 1347 1499 efficere
1378 1466 1423 1498 ut
1453 1460 1620 1498 deterior

145 1541 234 1566 esse
254 1527 453 1565 videatur:
484 1540 612 1577 neque
634 1526 734 1563 enim
754 1524 1047 1576 compositionis
1068 1531 1136 1561 aut
1157 1523 1391 1574 reliquorum
1413 1535 1619 1560 ornamen-

146 1596 273 1627 torum
294 1589 480 1627 rationem
501 1588 723 1631 habuimus,
743 1601 831 1638 quae
854 1594 893 1624 et
913 1587 993 1638 ipse
1014 1586 1105 1623 dum
1128 1598 1255 1623 essem
1276 1585 1408 1636 junior
1427 1585 1622 1635 usurpavi,

148 1658 187 1688 et
206 1650 289 1688 aliis
310 1649 584 1694 demonstravi,
605 1656 648 1686 ut
667 1649 703 1685 in
720 1655 899 1699 promptu
925 1648 1112 1685 haberent
1132 1647 1268 1698 quibus
1288 1647 1405 1684 rebus
1427 1646 1621 1683 orationes

150 1712 347 1749 suaviores
380 1719 419 1748 et
453 1710 729 1761 probabiliores
765 1707 877 1747 simul
908 1708 1175 1746 redderentur.
1244 1708 1344 1751 Quae
1374 1707 1504 1745 omnia
1532 1707 1623 1745 huic

151 1773 255 1811 aetati
276 1785 371 1809 meae
392 1772 548 1816 desunt,
571 1772 633 1810 cui
654 1772 691 1808 id
713 1784 834 1808 unum
863 1771 956 1808 satis
986 1771 1112 1815 fuerit,
1142 1771 1173 1807 si
1194 1783 1254 1808 res
1276 1770 1378 1820 ipsas
1401 1769 1625 1821 simpliciter

151 1847 344 1886 exponere
380 1841 557 1884 potuero.
628 1833 803 1871 Arbitror
835 1839 964 1870 autem
999 1839 1038 1870 te
1071 1845 1227 1884 quoque
1262 1831 1399 1869 decere
1434 1831 1626 1882 neglectis

154 1897 304 1935 caeteris
325 1896 501 1934 omnibus
522 1896 571 1933 ad
593 1895 664 1933 has
688 1896 791 1932 solas
814 1895 983 1932 animum
1004 1895 1218 1932 intendere.
1278 1894 1378 1931 Nam
1400 1894 1452 1931 ita
1468 1894 1625 1931 demum

154 1958 442 1997 evidentissime
473 1965 512 1995 et
539 1957 796 2008 pulcherrime
828 1969 1048 2006 cognosces
1081 1956 1186 2006 quod
1220 1956 1269 1993 sit
1294 1956 1452 2005 pondus
1483 1963 1627 1993 nostrae

156 2020 352 2065 orationis,
381 2019 411 2056 si
438 2018 652 2056 rhetoricas
682 2017 929 2055 difficultates
949 2031 1037 2067 quae
1061 2017 1237 2068 legendis
1264 2017 1504 2055 orationibus
1531 2017 1628 2067 obji-

156 2082 311 2119 ciuntur
342 2081 544 2124 amoveris,
575 2087 614 2117 et
646 2079 950 2130 unumquodque
985 2079 1208 2129 singulatim
1242 2079 1370 2116 animo
1401 2079 1628 2129 complexus

157 2144 400 2196 expenderis,
428 2156 504 2181 non
532 2143 688 2194 quidem
716 2143 838 2180 obiter
865 2150 933 2180 aut
954 2142 1136 2192 segniter,
1158 2142 1226 2180 sed
1254 2155 1405 2180 summo
1436 2142 1564 2180 studio
1590 2149 1631 2180 et

156 2206 392 2257 cogitatione
414 2205 600 2250 adhibita,
618 2217 707 2255 quae
724 2204 876 2242 erudito
896 2204 1049 2242 homine
1070 2204 1123 2252 (in
1141 2217 1219 2254 quo
1239 2211 1275 2242 te
1293 2217 1448 2256 quoque
1470 2216 1630 2241 numero

158 2281 243 2306 esse
263 2268 408 2315 ferunt)
424 2268 543 2318 digna
562 2273 633 2304 est.
682 2266 800 2308 Quod
822 2267 853 2304 si
873 2267 947 2304 hac
963 2266 1090 2317 potius
1110 2266 1258 2304 ratione
1275 2279 1366 2304 usus
1381 2265 1496 2303 fueris
1513 2278 1630 2316 quam

158 2330 336 2382 populari
356 2330 551 2381 opinione,
571 2328 714 2367 rectius
736 2328 785 2366 de
807 2329 920 2366 rebus
940 2329 1123 2366 omnibns
1141 2335 1304 2366 statues.
1352 2328 1410 2365 Ac
1428 2341 1515 2378 quae
1532 2340 1631 2377 prae·

159 2392 230 2430 fari
252 2391 355 2443 apud
375 2398 411 2429 te
430 2390 550 2436 volui,
569 2390 653 2428 haec
674 2396 777 2427 sunt.

219 2454 280 2490 ll.
313 2453 430 2491 Nunc
451 2453 499 2490 ad
521 2465 580 2490 res
601 2453 705 2502 ipsas
725 2450 977 2502 explicandas
998 2451 1219 2501 aggrediar.
1268 2451 1332 2487 Sic
1355 2450 1470 2499 igitur
1491 2449 1630 2494 sentio,

161 2514 228 2553 tibi
249 2521 399 2551 tuarum
417 2514 574 2564 quidem
593 2525 716 2552 rerum
735 2513 879 2550 nullam
900 2525 987 2550 esse
1007 2511 1296 2562 negligendam,
1316 2510 1384 2548 sed
1404 2511 1439 2546 in
1459 2523 1507 2548 eo
1529 2510 1636 2549 labo-

162 2576 324 2614 randum
346 2583 389 2613 ut
409 2576 506 2614 inter
525 2575 692 2625 Argivos
713 2582 752 2613 et
772 2573 1096 2612 Lacedaemonios
1120 2580 1159 2610 et
1180 2573 1385 2610 Thebanos
1407 2578 1445 2609 et
1465 2579 1634 2610 nostram

163 2638 357 2676 civitatem
388 2650 523 2688 pacem
553 2636 685 2674 facias.
744 2638 854 2678 Quas
881 2636 997 2673 urbes
1027 2635 1058 2672 si
1088 2634 1365 2677 reconciliaris,
1399 2646 1476 2671 non
1501 2633 1636 2683 utique

166 2699 320 2737 difficile
343 2699 414 2736 erit
441 2698 556 2736 etiarn
587 2705 748 2736 caeteras
778 2698 815 2735 in
844 2697 1091 2736 concordiam
1122 2695 1325 2733 reducere:
1368 2707 1502 2732 omnes
1533 2695 1635 2732 enim

167 2760 226 2798 his
247 2760 427 2799 obnoxiae
456 2767 561 2806 sunt,
587 2767 626 2797 et
653 2759 703 2798 ad
730 2759 898 2810 aliquam
928 2759 1063 2795 harum
1092 2769 1170 2807 quo
1197 2770 1313 2794 casus
1344 2756 1486 2800 tulerit,
1516 2769 1636 2806 quum

170 2821 316 2866 timent,
343 2822 576 2873 confugiunt
603 2834 793 2872 opemque
822 2820 910 2858 inde
937 2826 1086 2870 petunt.
1145 2818 1279 2869 Itaque
1310 2818 1341 2855 si
1368 2818 1537 2855 consiliis
1561 2818 1638 2854 tuis

171 2889 337 2934 quatuor
351 2883 543 2922 duntaxat
560 2884 677 2921 urbes
698 2883 748 2922 ad
768 2894 900 2922 sanam
922 2887 1090 2918 mentem
1110 2879 1318 2926 revocaris,
1337 2878 1450 2917 etiam
1473 2877 1638 2928 reliquas

172 2944 302 2983 multis
321 2944 434 2984 malis
454 2945 649 2984 liberabis.
