1870 3277
487 180 555 215 DE
589 176 874 215 ASTYPHlLl
909 172 1269 211 HEREDITATE.
1521 170 1595 205 393

157 280 368 322 absentem,
391 279 461 329 ipsi
483 287 522 318 et
539 286 820 330 proposuerunt
845 283 883 314 et
912 275 1059 324 reliqua
1084 274 1210 310 omnia
1235 274 1341 323 justa
1367 280 1592 322 peregerunt

150 347 378 390 patremque
398 354 524 378 meum
544 341 671 378 adhuc
689 351 831 389 aegrum
853 337 900 375 ad
923 336 1108 373 tumulum
1130 333 1320 384 Astyphili
1337 333 1591 378 adduxerunt,

156 402 250 439 certi
270 414 402 439 manes
417 401 604 453 Astyphili
625 414 711 439 eum
732 401 890 437 libenter
909 405 1023 447 atque
1044 402 1238 447 gratanter
1253 408 1332 432 esse
1349 394 1591 432 admissuros.

153 462 279 513 Hujus
300 463 350 500 rei
371 463 477 501 vobis
499 462 703 500 familiares
725 459 912 510 Astyphili
932 465 1049 496 testes
1070 456 1274 508 praestabo,
1293 455 1435 506 quippe
1457 457 1519 505 qui
1539 456 1591 493 rei

154 529 232 575 tum
255 531 375 574 gestae
395 525 657 562 interfuerunt.

763 600 976 668 TESTEs

204 721 242 756 2.
272 718 510 770 Astyphilum
533 718 658 769 itaque
680 730 702 755 a
722 716 866 755 Cleone
898 729 975 753 non
1005 727 1091 752 esse
1122 714 1334 760 humatum,
1355 726 1481 764 neque
1510 714 1590 764 ipse

153 782 271 820 Cleon
297 781 528 825 infitiabitur,
549 787 586 817 et
606 779 644 816 hi
665 786 780 817 testes
801 779 908 815 vobis
931 776 1220 814 confirmarunt:
1253 781 1295 812 ut
1314 783 1440 812 autem
1461 775 1509 812 ab
1525 787 1588 812 ex—

150 844 341 894 peditione
362 843 512 881 militari
527 842 725 887 redieram,
749 854 909 879 cernens
933 840 1000 877 lios
1019 839 1218 890 [Cleonem
1233 851 1319 876 cum
1333 837 1590 886 consortibus]

150 905 344 956 possidere
375 906 476 943 bona
495 904 686 955 Astyphili
717 915 924 953 eorumque
951 902 1096 938 fructus
1126 900 1332 951 percipere,
1355 899 1588 949 audiensque

148 966 231 1016 ipse
263 980 284 1004 e
316 966 474 1011 Cleone,
509 978 595 1003 cum
625 965 769 1002 diceret
801 964 917 1001 filium
956 975 1067 1000 suum
1100 963 1148 999 ab
1175 961 1378 1014 Astyphilo
1409 974 1492 998 esse
1522 974 1589 1011 pro

148 1026 225 1065 filio
246 1028 471 1078 adoptatum
490 1040 559 1078 per
574 1033 858 1069 testamentum,
882 1024 986 1074 quod
1002 1023 1214 1074 depositum
1235 1030 1337 1060 esset
1356 1035 1472 1073 penes
1491 1024 1588 1072 [mae

147 1088 216 1126 tris
237 1101 332 1126 meae
354 1088 525 1137 fratrem]
548 1087 766 1125 Hieroclem
789 1085 1092 1136 Hephaestidam‚
1115 1084 1241 1123 statim
1262 1084 1310 1122 ad
1331 1084 1433 1121 hunc
1454 1084 1587 1121 Hiero-

148 1149 245 1187 clem
267 1151 511 1195 accedebam,
529 1150 628 1187 bene
651 1148 802 1199 quidem
835 1160 975 1198 gnarus
1006 1145 1224 1184 Hieroclem
1248 1145 1382 1184 Cleoni
1411 1145 1590 1195 imprimis

147 1211 370 1249 familiarem
393 1224 491 1257 esse,
510 1218 769 1249 verumtamen
790 1209 892 1247 haud
913 1209 1071 1260 opinans
1087 1221 1171 1245 eum
1186 1220 1363 1245 ausurum
1385 1219 1468 1244 esse
1485 1219 1590 1244 men-

149 1272 301 1315 dacium
321 1273 370 1311 de
390 1272 594 1324 Astyphilo
622 1272 760 1317 dicere,
779 1271 889 1321 quasi
917 1271 1062 1321 egisset
1080 1268 1307 1320 Astyphilus
1328 1268 1364 1305 id
1386 1268 1488 1318 quod
1511 1281 1588 1306 non

146 1333 239 1384 egit,
258 1334 372 1384 idque
389 1347 434 1372 eo
456 1342 627 1384 tempore
648 1334 773 1371 dicere
794 1346 869 1383 quo
889 1331 1117 1382 Astyphilus
1138 1338 1270 1381 utpote
1286 1330 1362 1367 vita
1380 1330 1588 1367 defunctus

140 1394 219 1444 jam
246 1408 323 1432 non
350 1395 515 1446 amplius
538 1402 670 1446 posset
691 1393 911 1431 Hieroclem
932 1392 1117 1430 mendacii
1139 1404 1360 1441 coarguere,
1381 1391 1589 1441 praesertim

145 1468 232 1492 cum
255 1456 449 1493 Hierocles
468 1469 575 1493 meus
595 1469 671 1493 una
690 1462 803 1505 atque
824 1453 1016 1505 Astyphili
1033 1453 1247 1490 avunculus
1263 1460 1378 1489 esset.
1424 1452 1588 1489 Verum-

145 1517 337 1554 enimvero
359 1517 569 1563 Hierocles,
591 1529 612 1554 o
626 1516 792 1569 judices,
810 1515 902 1552 nihil
923 1515 1055 1552 horum
1084 1514 1191 1564 pensi
1210 1513 1371 1561 habens,
1393 1513 1440 1550 de
1469 1520 1589 1551 testa-

147 1584 275 1615 mento
297 1592 319 1615 a
337 1592 395 1616 me
415 1578 670 1629 interrogatus
699 1577 894 1627 respondit
914 1577 950 1613 id
981 1589 1096 1626 penes
1125 1589 1164 1613 se
1192 1588 1275 1612 esse
1307 1574 1519 1625 depositum
1541 1575 1588 1612 ab

151 1638 236 1689 ipso
253 1639 471 1690 Astyphilo,
495 1639 529 1676 in
557 1639 751 1690 procinctu
773 1644 913 1682 stante,
934 1651 1020 1675 cum
1041 1637 1164 1674 classe
1186 1635 1412 1686 Mitylenam
1439 1635 1588 1685 profici-

144 1700 287 1739 scendi.
321 1701 536 1739 Hieroclem
552 1702 625 1739 hac
642 1701 688 1738 ad
709 1714 770 1738 me
792 1713 900 1737 usum
918 1713 1001 1737 esse
1018 1700 1188 1736 oratione
1204 1711 1280 1749 quo
1297 1698 1476 1737 certiores
1494 1699 1587 1736 fiant

149 1761 201 1808 hi,
222 1763 339 1800 recita
359 1770 398 1800 tu
420 1763 511 1814 ipsis
531 1762 604 1800 hoc
625 1762 898 1800 testimonium.

663 1888 1066 1927 TESTlMONIUM.

198 1978 235 2014 3.
266 1975 455 2020 Quoniam
475 1976 601 2026 igitur,
620 1976 824 2028 ojudices‚
845 1989 956 2014 nemo
972 1976 1271 2014 necessariorum
1288 1976 1477 2027 Astyphili
1493 1989 1588 2028 pree-

140 2046 204 2077 sto
218 2039 292 2076 fuit
310 2052 330 2076 e
351 2039 427 2076 vita
447 2038 664 2085 excedenti,
679 2051 830 2089 egoque
845 2047 924 2076 tum
947 2038 982 2075 in
1004 2039 1095 2076 urbe
1113 2051 1189 2076 non
1211 2038 1263 2074 fui
1280 2051 1366 2076 cum
1388 2050 1476 2076 ossa
1502 2039 1585 2089 ejus

141 2101 217 2140 huc
248 2101 489 2145 referrentur,
512 2114 667 2139 necesse
700 2101 790 2138 mibi
820 2107 879 2138 est
906 2113 952 2137 ex
983 2099 1116 2137 horum
1147 2099 1313 2150 ipsorum
1345 2101 1584 2138 sermonibus

142 2162 349 2201 falsitatem
363 2161 478 2213 hujus
499 2162 727 2207 testamenti,
746 2162 850 2212 quod
868 2163 915 2199 ab
932 2161 1136 2212 Astyphilo
1152 2162 1330 2212 scriptum
1352 2169 1392 2199 et
1410 2161 1584 2200 relictum

143 2236 229 2261 esse
249 2223 454 2261 commenti
475 2230 579 2268 sunt,
601 2236 822 2274 coarguere.
881 2223 951 2260 Est
978 2235 1116 2273 nempe
1147 2230 1448 2260 consentaneum
1469 2223 1584 2274 Asty-

140 2283 289 2334 philum
307 2297 383 2322 non
405 2283 470 2321 uni
494 2284 548 2321 illi
577 2284 628 2321 rei
653 2283 894 2321 solummodo
914 2282 1067 2321 dedisse
1086 2296 1239 2334 operam
1260 2290 1303 2321 ut
1321 2283 1483 2334 aliquem
1513 2283 1584 2321 sibi

142 2346 263 2385 filium
282 2345 507 2396 adoptatum
527 2346 772 2396 relinqueret,
794 2345 863 2383 sed
890 2358 965 2382 una
989 2345 1064 2383 hoc
1089 2358 1242 2396 quoque
1266 2353 1437 2383 acturum
1469 2345 1584 2383 fuisse

143 2415 196 2452 ut,
213 2421 301 2459 quae
324 2421 389 2458 pei·
410 2415 678 2445 testamentum
704 2409 969 2452 constitueret,
989 2421 1034 2445 ea
1061 2408 1166 2444 firma
1195 2415 1235 2444 et
1262 2413 1343 2444 rata
1367 2415 1512 2451 essent,
1533 2413 1583 2451 et,

142 2481 255 2519 quem
276 2469 348 2506 sibi
367 2468 484 2506 filium
511 2468 757 2515 adscisceret,
775 2475 819 2506 ut
841 2469 872 2506 is
893 2481 1046 2520 quoque
1070 2468 1318 2506 facultatibus
1337 2467 1415 2505 suis
1445 2468 1584 2518 potire-

142 2539 215 2577 tur,
229 2532 277 2570 ad
297 2544 459 2582 arasque
481 2531 662 2582 majorum
684 2531 896 2576 accederet,
911 2531 1033 2582 iisque
1050 2543 1126 2567 una
1143 2529 1290 2582 sibique
1306 2529 1382 2567 vita
1402 2528 1583 2566 defuncto

136 2593 244 2644 justa
279 2599 318 2630 et
351 2593 424 2630 ritu
454 2599 607 2631 vetusto
637 2599 861 2631 consecrata
886 2591 1050 2630 faceret:
1091 2590 1247 2628 credere
1286 2603 1354 2640 par
1390 2596 1449 2627 est
1476 2588 1582 2626 haud

144 2653 289 2704 fugisse
307 2653 660 2706 Astyphilum,tum
681 2666 768 2692 cum
803 2653 965 2691 maxime
996 2652 1074 2689 fore
1103 2658 1145 2688 ut
1171 2651 1255 2688 haec
1284 2650 1410 2688 omnia
1447 2650 1516 2688 sibi
1545 2657 1584 2688 et

141 2715 339 2753 evenirent
364 2723 403 2752 et
426 2715 531 2753 firma
549 2722 692 2762 essent,
711 2715 742 2753 si
764 2727 839 2753 non
859 2714 940 2752 sine
965 2713 1261 2750 necessariorum
1287 2711 1449 2749 consilio
1470 2719 1582 2762 atque

143 2776 383 2815 conscientia
403 2783 670 2815 testamentum
701 2776 973 2819 conscriberet,
993 2773 1060 2811 sed
1089 2773 1248 2811 adscitis
1276 2773 1401 2824 potius
1422 2773 1581 2824 primum

144 2839 298 2890 quidem
319 2838 557 2884 necessariis,
573 2845 653 2876 tum
686 2851 776 2876 vero
802 2837 914 2875 etiam
944 2834 1188 2886 phratoribus
1218 2840 1332 2885 atque
1352 2833 1527 2876 demotis,
1549 2843 1584 2870 et

145 2900 310 2951 denique
329 2899 560 2949 reliquorum
580 2899 818 2938 familiarium
840 2905 894 2935 tot
918 2909 1073 2934 numero
1092 2903 1187 2945 quot
1207 2896 1319 2934 modo
1337 2908 1474 2947 cogere
1496 2907 1582 2945 pos-

852 2962 874 2996 3
898 2973 920 2996 r,
