1870 3277
980 532 1050 584 X.

777 681 1263 730 DIONYSIO.

353 884 635 929 SATELLITES,
665 883 832 929 lictores,
867 884 1154 929 caduceatores,
1186 891 1222 921 et
1252 884 1421 922 altissimi
1455 884 1538 922 solii
1567 883 1735 934 adeptio,

297 945 492 996 sapientiae
507 944 633 982 studio
649 946 826 983 tenebras
846 945 1059 990 obducunt,
1081 958 1150 982 nec
1166 944 1243 981 ulla
1258 958 1318 982 res
1337 953 1397 983 est
1413 959 1489 996 qua
1509 945 1625 983 virtus
1646 946 1735 983 faci-

295 1007 367 1044 lius
388 1015 426 1044 et
445 1005 604 1044 celerius
624 1006 908 1044 exterminetur.
965 1007 1053 1043 Non
1075 1019 1151 1043 una
1169 1019 1256 1043 cum
1277 1005 1430 1044 fortuna
1445 1007 1600 1044 mutasti
1621 1006 1732 1043 etiam

296 1075 480 1106 naturam.
536 1067 674 1105 Adhuc
705 1067 868 1118 pelliceo
898 1081 1011 1106 sacco
1039 1068 1199 1105 amictus
1231 1080 1292 1105 es:
1323 1080 1409 1105 nam
1430 1067 1635 1104 nativitatis
1656 1073 1732 1104 tuae

295 1129 539 1180 primordium
564 1129 719 1166 mortale
750 1129 834 1166 fuit.
891 1130 969 1166 Cur
998 1129 1112 1179 igitur
1140 1128 1260 1167 inanis
1288 1128 1362 1167 ista
1390 1129 1552 1179 gloriola
1578 1128 1731 1166 fictilem

293 1198 412 1228 utrem
434 1189 600 1228 inflavit?
631 1190 779 1241 Ingenti
799 1191 964 1228 amentia
983 1190 1150 1241 repletus
1168 1203 1221 1235 es,
1242 1203 1264 1227 o
1284 1190 1428 1237 infelix,
1446 1198 1484 1228 et
1502 1196 1648 1228 naturae
1663 1190 1735 1228 fra-

293 1251 375 1303 gilis
390 1251 580 1301 agnitione
600 1251 804 1302 spoliatus:
835 1252 887 1289 ita
905 1258 943 1290 te
964 1251 1144 1290 sublimes
1162 1251 1222 1290 isti
1243 1252 1405 1290 fortunae
1426 1259 1551 1289 motus
1570 1264 1592 1289 a
1605 1259 1730 1289 vetere

291 1312 613 1364 contemplatione
632 1312 847 1351 desciscere
870 1320 1092 1364 coegerunt,
1113 1326 1236 1364 eoque
1256 1313 1484 1364 redegerunt
1502 1320 1545 1351 ut
1564 1313 1729 1351 sobrium

290 1375 396 1412 illum
413 1374 577 1411 furorem
595 1373 762 1411 deseres.
818 1374 906 1411 Fuit
925 1374 1012 1413 olim
1028 1374 1186 1411 illustris
1206 1381 1272 1411 tua
1291 1373 1627 1419 moderatio‚nunc
1639 1386 1728 1411 vero

291 1436 393 1474 humi
413 1435 592 1485 depressa
610 1441 688 1471 est:
718 1434 870 1472 fortuna
888 1442 954 1472 tua
974 1435 1143 1486 pervenit
1162 1434 1210 1472 ad
1231 1447 1434 1472 summum.
1492 1435 1528 1471 A
1550 1434 1648 1472 falsa
1662 1433 1729 1484 igi-

292 1507 351 1537 tur
377 1496 567 1535 felicitatis
597 1497 730 1534 umbra
761 1497 911 1544 recede,
937 1505 975 1534 et
1002 1497 1201 1547 fugitivam
1230 1496 1422 1534 fortunam
1442 1495 1586 1548 effuge:
1616 1496 1725 1547 cujus

290 1560 481 1598 levitatem
509 1564 549 1595 et
576 1557 771 1608 perfidiam
800 1558 830 1595 si
855 1558 1113 1603 anteverteris,
1133 1557 1342 1595 mutatione
1371 1557 1496 1595 subito
1522 1557 1724 1608 ingruente

291 1621 411 1658 minus
430 1617 659 1670 percelleris.
