1870 3277
869 531 913 584 I.

320 677 793 730 ISOCRATES
854 675 1270 728 DIONYSIO
1326 678 1373 728 S.
1401 676 1511 727 D.'

809 816 966 823 -—-

226 907 258 942 l.
290 905 335 942 S1
369 917 494 943 essem
524 903 666 956 junior,
694 916 771 943 non
802 917 869 955 per
896 904 1025 943 literas
1056 911 1187 943 tecum
1217 916 1386 956 agerem,
1419 905 1487 944 sed
1515 907 1613 946 istuc

165 967 363 1018 profectus
384 979 512 1005 coram
533 965 820 1005 disseruissem:
850 966 918 1016 sed
938 980 1059 1017 quum
1077 966 1201 1017 aetatis
1221 980 1320 1006 meae
1338 975 1488 1020 tempus
1506 973 1547 1008 e't
1564 970 1614 1009 rei

121 1056 126 1062 .
167 1028 347 1079 gerendae
367 1028 521 1067 occasio
540 1041 618 1066 non
637 1027 736 1066 inter
755 1041 840 1066 sese
860 1036 1138 1079 congruant—
1151 1041 1237 1068 nam
1259 1035 1299 1067 et
1323 1043 1398 1081 ego
1417 1032 1614 1081 senectute

167 1090 352 1136 retardor,
373 1097 411 1128 et
428 1090 496 1128 illa
513 1103 616 1128 nunc
634 1089 843 1128 rectissime
870 1090 1124 1129 administrari
1149 1097 1280 1142 potest
1294 1113 1358 1138 —‚
1372 1091 1426 1130 ita
1446 1105 1530 1130 earn
1552 1092 1615 1131 tibi

166 1151 359 1202 explicare
375 1152 543 1190 conabor
561 1157 604 1189 ut
621 1151 687 1189 tali
707 1157 810 1189 statu
828 1164 955 1189 rerum
974 1151 1055 1190 fieri
1072 1158 1215 1203 potest.

220 1215 258 1250 2.
290 1214 480 1264 Equidem
510 1214 613 1252 haud
644 1215 779 1265 ignoro
808 1219 996 1265 quantum
1027 1214 1075 1252 ad
1109 1214 1421 1265 persuadendum
1453 1215 1614 1262 intersit,

165 1281 292 1313 utrum
312 1276 398 1313 viva
413 1288 505 1314 voce
525 1288 572 1314 an
592 1288 660 1327 per
678 1276 807 1313 literas
828 1275 1027 1313 consilium
1048 1275 1175 1321 detur,
1191 1288 1268 1314 non
1284 1289 1329 1314 eo
1342 1283 1493 1315 tantum
1513 1278 1614 1329 quod

164 1337 299 1374 iisdem
321 1337 370 1374 de
389 1338 503 1374 rebus
523 1337 705 1388 praesenti
726 1349 812 1374 cum
830 1337 1084 1388 praesentibus
1100 1350 1215 1387 agere
1233 1350 1347 1387 quam
1365 1338 1514 1390 scriptis
1527 1339 1617 1378 faci-

164 1397 236 1434 lius
256 1403 327 1442 est,
347 1403 415 1434 aut
434 1397 539 1447 quod
560 1409 693 1434 omnes
712 1397 824 1434 dictis
850 1410 966 1447 quam
994 1397 1143 1448 scriptis
1169 1397 1257 1448 plus
1289 1398 1466 1446 credunt,
1486 1406 1525 1438 et
1553 1399 1616 1439 illa

164 1465 349 1510 tanquam
370 1459 538 1504 decreta,
557 1457 642 1496 haec
661 1466 704 1495 ut
723 1459 919 1509 figmenta,
940 1458 1119 1497 audiunt:
1151 1459 1222 1497 sed
1245 1466 1450 1510 propterea
1478 1461 1514 1498 in
1540 1461 1615 1513 pri-

165 1521 236 1559 mis
258 1522 361 1572 quod
381 1521 419 1558 in
439 1521 710 1572 congressibus
733 1521 764 1559 si
786 1520 879 1572 quid
898 1521 995 1559 forte
1015 1521 1074 1560 vel
1095 1535 1173 1559 non
1193 1529 1297 1560 recte
1316 1522 1541 1574 intelligitur
1558 1526 1615 1563 vel

166 1595 243 1620 non
258 1583 439 1629 creditur,
460 1583 489 1620 is
507 1583 574 1634 qui
594 1595 721 1621 coram
743 1583 855 1621 adest
874 1584 1027 1634 utrique
1045 1583 1292 1622 incommodo
1311 1584 1385 1623 levi
1405 1597 1521 1636 opera
1536 1599 1616 1625 me-

166 1644 296 1688 detur;
328 1645 365 1681 in
384 1645 556 1696 epistolis
577 1657 666 1682 vero
686 1649 725 1682 et
744 1645 894 1696 scriptis
912 1645 942 1682 si
961 1644 1048 1683 talis
1069 1645 1273 1696 scrupulus
1292 1645 1481 1693 inciderit,
1501 1660 1615 1687 nemo

165 1716 226 1746 est
246 1710 310 1759 qui
330 1708 452 1755 tollat,
467 1708 551 1760 ipso
572 1715 728 1746 auctore
747 1715 786 1746 et
805 1708 1006 1746 defensore
1025 1721 1102 1746 non
1122 1716 1328 1760 praesente.
1385 1709 1476 1757 Sed,
1497 1724 1614 1762 quum

164 1771 281 1808 totius
302 1770 354 1807 rei
374 1783 492 1821 penes
513 1776 549 1807 te
571 1769 762 1821 judicium
785 1771 833 1808 sit
852 1770 1034 1816 futurum,
1054 1771 1156 1808 bona
1176 1770 1265 1808 mihi
1293 1784 1379 1822 spes
1398 1777 1457 1809 est
1475 1770 1614 1810 oratio-

166 1847 254 1871 nem
285 1840 451 1871 nostram
482 1833 664 1883 ponderis
697 1832 841 1883 aliquid
868 1833 971 1884 apud
998 1840 1035 1870 te
1061 1833 1298 1871 habituram:
1329 1847 1444 1885 quem
1464 1835 1616 1885 rejectis

165 1895 342 1932 omnibus
363 1894 402 1931 id
424 1907 547 1945 genus
568 1894 849 1945 impedimentis
871 1907 930 1932 res
951 1894 1056 1944 ipsas
1077 1902 1340 1946 spectaturum
1359 1895 1533 1934 arbitror.

221 1957 258 1993 3.
288 1955 453 1999 Quidam
476 1961 617 1998 autem,
639 1955 703 2005 qui
723 1955 761 1992 in
782 1967 1032 2006 congressum
1053 1962 1091 1992 et
1111 1955 1347 2006 colloquium
1374 1962 1481 1994 tuum
1500 1969 1615 1995 vene-

165 2023 266 2062 runt,
279 2029 339 2054 me
361 2018 408 2054 ab
426 2017 500 2054 hoc
521 2016 694 2054 instituto
715 2016 905 2054 deterrere
924 2023 1014 2053 sunt
1034 2017 1175 2062 conati,
1191 2030 1310 2067 quum
1323 2018 1498 2056 dicerent
1512 2019 1616 2069 apud

165 2087 202 2116 te
225 2085 483 2117 assentatores
504 2078 539 2114 in
558 2078 680 2128 pretio
693 2091 791 2122 ess-e,
808 2077 1002 2116 contemni
1024 2077 1242 2116 monitores.
1300 2079 1472 2123 Quorum
1492 2080 1615 2118 verbis

164 2141 194 2178 si
214 2139 424 2190 crederem,
444 2139 600 2178 omnino
621 2139 873 2188 quievissem:
905 2139 974 2177 sed
989 2152 1102 2177 nemo
1122 2139 1212 2177 mihi
1232 2140 1482 2191 persuadebit
1500 2154 1616 2192 posse

164 2202 243 2239 fieri
263 2208 305 2239 ut
323 2201 528 2252 quisquam
546 2206 653 2238 tanta
669 2206 708 2237 et
725 2200 842 2238 laude
862 2200 1060 2251 sapientiae
1081 2208 1119 2239 et
1138 2214 1263 2239 rerum
1283 2208 1476 2253 gestarum
1493 2202 1617 2254 gloria

164 2263 314 2301 caeteris
334 2262 553 2308 antecellat,
575 2262 646 2300 nisi
665 2275 713 2300 ex
732 2262 814 2300 aliis
835 2262 973 2309 discat,
993 2261 1087 2300 alios
1111 2262 1257 2308 audiat,
1280 2263 1357 2301 alia
1375 2263 1558 2315 inveniat,
1578 2272 1618 2302 et

164 2324 423 2375 undecunque
444 2331 616 2362 accersat
635 2332 672 2361 et
683 2323 843 2374 colligat
859 2336 905 2361 ea
924 2324 1062 2375 quibus
1081 2324 1276 2375 ingenium
1298 2325 1510 2363 excolatur.
1567 2325 1616 2362 Et

165 2386 225 2423 hae
245 2399 305 2423 me
322 2399 451 2424 causae
471 2392 514 2423 ut
533 2386 582 2423 ad
602 2392 640 2423 te
660 2385 864 2423 scriberem
882 2391 1096 2423 moverunt.

219 2450 257 2484 4.
289 2446 472 2484 Dicturus
492 2452 620 2484 autem
648 2459 732 2484 sum
763 2446 913 2497 magnis
943 2447 991 2484 de
1018 2447 1134 2484 rebus
1164 2446 1288 2497 deque
1308 2446 1350 2483 iis
1369 2459 1465 2496 quas
1485 2446 1616 2485 audire

165 2509 307 2546 nemini
340 2508 555 2546 mortalium
587 2521 701 2559 quam
733 2508 800 2546 tibi
828 2507 949 2558 magis
981 2507 1174 2545 convenit.
1239 2507 1496 2558 Nequaquam
1526 2520 1616 2546 vero

165 2570 359 2621 putaveris
380 2577 417 2607 te
438 2569 613 2607 alacriter
633 2569 731 2607 adeo
748 2581 834 2606 esse
850 2581 910 2605 me
926 2568 1135 2611 hortatum,
1151 2575 1193 2604 ut
1209 2568 1390 2618 scriptam
1405 2567 1616 2606 orationem

168 2631 295 2669 audire
316 2631 541 2682 dignareris.
583 2631 719 2682 Neque
735 2631 836 2668 enim
852 2637 919 2668 aut
935 2643 1007 2680 ego
1023 2636 1247 2667 ornamenta
1260 2629 1424 2667 oratoria
1442 2630 1615 2668 certatim

168 2705 336 2743 aucupor
356 2701 422 2731 aut
441 2700 478 2731 te
501 2693 691 2742 ejusmodi
711 2693 903 2730 orationes
919 2691 978 2728 vel
995 2690 1044 2728 ad
1064 2690 1281 2728 satietatem
1297 2691 1377 2741 jam
1395 2691 1485 2728 inde
1506 2691 1615 2729 audi-

168 2754 266 2790 visse
286 2753 516 2803 ignoramus.
576 2753 728 2791 Adhaec
755 2753 850 2790 illud
880 2752 993 2789 etiam
1021 2752 1197 2789 omnibus
1217 2759 1276 2789 est
1307 2751 1565 2803 perspicuum,
1584 2753 1615 2790 si

168 2815 232 2865 qui
253 2822 444 2853 ostentare
466 2816 620 2866 ingenia
640 2816 812 2866 cupiant,
828 2814 998 2851 celebres
1018 2813 1071 2850 eis
1093 2820 1308 2851 conventus
1323 2826 1406 2851 esse
1426 2814 1613 2864 petendos

169 2877 276 2914 —ibi
296 2877 394 2914 enim
416 2877 490 2916 loci
510 2878 694 2929 plurimos
717 2876 910 2914 invenient
931 2874 1160 2925 eloquentiae
1179 2887 1258 2912 suae
1286 2875 1535 2914 admiratores
1550 2899 1613 2921 -,

170 2939 199 2976 si
215 2939 279 2989 qui
298 2946 423 2976 autem
443 2939 622 2989 perficere
640 2938 783 2988 aliquid
798 2937 992 2977 studeant,
1009 2937 1051 2973 iis
1067 2949 1155 2974 cum
1175 2949 1220 2974 eo
1236 2937 1501 2976 disserendum
1515 2950 1612 2982 esse,
