1870 3277
766 172 836 229 ’DE
868 190 1029 229 mels
1550 194 1622 230 241

161 289 346 332 societate
377 294 754 333 Lacedaemoniorum
785 294 1002 337 abduxerit,
1035 294 1083 331 ad
1106 301 1269 331 vestrum
1302 296 1525 333 societatem
1555 298 1624 334 ad·

158 355 324 402 duxerit,
359 364 507 407 quanta
540 358 611 394 illis
644 356 812 407 pericula
843 353 1031 401 intulerit,
1064 362 1107 392 ut
1139 356 1175 392 in
1212 355 1378 394 siciliam
1414 359 1622 396 exercitum

157 417 320 456 duxerit.
382 419 482 457 Nam
503 421 552 457 ob
572 418 656 457 haec
675 430 744 455 vos
765 417 926 467 gratiam
946 416 980 453 ei
999 416 1138 454 habere
1160 416 1334 453 debetis:
1366 429 1453 467 quae
1474 432 1563 457 vero
1585 421 1621 457 in

159 478 379 518 calamitate
400 481 638 525 acciderunt,
658 479 734 516 illis
755 491 821 529 per
842 490 942 528 quos
961 484 1123 515 exactus
1144 484 1204 514 est
1222 477 1428 528 imputare.

210 542 247 578 7.
281 541 468 580 Memoria
487 542 647 592 repetite
669 547 814 591 quanta
839 546 929 590 post
955 539 1117 577 reditum
1143 539 1335 577 beneficia
1354 540 1390 577 iu
1412 543 1621 591 rempubli-

154 614 240 638 cam
271 603 489 647 contulerit,
525 615 571 639 ac
602 602 698 638 illud
726 601 764 638 in
795 601 940 652 primis,
971 614 1048 651 quo
1076 608 1178 638 statu
1213 613 1338 639 rerum
1368 614 1456 639 eum
1487 615 1621 640 susce-

156 664 310 713 peritis;
350 677 465 714 quum
499 664 655 714 quidem
689 663 888 714 imperium
923 663 1056 714 populi
1091 665 1318 714 abrogatum
1351 671 1466 709 esset,
1499 678 1618 715 quum

155 725 257 763 cives
279 725 426 763 factiosi
448 726 785 770 tumultuarentur,
802 737 920 776 quum
939 725 1076 762 milites
1097 737 1119 762 a
1139 725 1428 775 magistratibus
1450 726 1511 764 hic
1532 740 1623 765 con-

152 784 292 823 stitutis
313 786 558 831 dissiderent,
579 795 617 824 et
636 787 785 837 utrique
802 787 839 823 in
859 799 943 823 eam
959 786 1148 824 insaniam
1166 786 1399 824 incidissent
1417 794 1459 825 ut
1474 790 1620 828 neutris

151 858 239 896 spes
266 847 346 884 ulla
372 848 504 886 salutis
525 848 826 898 relinqueretur:
859 861 947 886 nam
971 848 1078 885 alteri
1099 861 1165 886 eos
1185 848 1248 898 qui
1270 850 1406 887 urbem
1433 852 1619 889 tenebant

149 906 380 946 inimiciores
401 909 473 947 sibi
493 910 685 960 putabant
701 922 816 960 quarn
832 909 1170 956 Lacedaemonios,
1190 910 1298 948 alteri
1319 923 1384 948 eos
1403 912 1469 962 qui
1492 912 1619 950 Dece-

148 968 220 1006 leae
250 976 360 1008 erant
389 972 654 1016 accersebant,
685 971 951 1009 existimantes
983 970 1101 1009 satius
1131 980 1218 1009 esse
1248 972 1410 1022 patriam
1442 970 1617 1012 hostibus

149 1031 304 1069 tradere
332 1045 448 1083 quam
482 1046 548 1072 eos
582 1034 620 1071 in
654 1034 848 1072 civitatem
882 1033 1049 1083 recipere
1082 1033 1148 1083 qui
1180 1033 1284 1072 bella
1316 1047 1388 1084 pro
1422 1035 1619 1086 republica

148 1092 347 1141 gerebant.
417 1094 546 1138 Quum
579 1095 695 1145 igitur
726 1095 765 1132 hi
795 1094 935 1132 civium
969 1093 1085 1131 animi
1115 1102 1257 1140 essent,
1289 1103 1327 1133 et
1356 1095 1488 1134 hostes
1519 1105 1618 1135 terra

148 1153 320 1205 marique
335 1161 511 1193 tenerent
527 1157 666 1202 omnia,
684 1163 797 1206 atque
814 1156 928 1193 etiam
945 1167 1013 1193 vos
1030 1155 1214 1205 pecunias
1233 1169 1309 1194 non
1326 1157 1534 1203 haberetis,
1552 1172 1617 1196 rex

149 1213 353 1254 Persarum
381 1225 510 1255 autem
538 1217 612 1255 illis
639 1217 785 1256 affatim
812 1217 1093 1268 suppeditaret,
1114 1224 1377 1269 praetereaque
1406 1219 1619 1270 nonaginta

147 1288 265 1314 naves
282 1289 303 1314 e
322 1277 518 1316 Phoenicia
534 1278 758 1329 Aspendum
776 1279 950 1316 venirent
965 1285 1109 1328 paratae
1127 1278 1174 1316 ad
1192 1291 1300 1329 opem
1321 1280 1518 1318 ferendam
1538 1281 1616 1319 La-

144 1337 407 1384 cedaemoniis‚
421 1352 540 1389 quum
553 1339 669 1391 igitur
685 1340 722 1377 in
740 1340 857 1377 tantis
873 1339 984 1376 malis
1001 1339 1116 1389 inque
1134 1340 1273 1377 talibus
1290 1341 1468 1391 periculis
1485 1341 1618 1380 civitas

146 1406 373 1446 versaretur,
395 1412 417 1437 a
433 1401 597 1438 ducibus
617 1400 828 1439 accersitus
850 1413 927 1438 non
950 1400 1092 1437 fastum
1113 1413 1192 1450 prae
1215 1413 1256 1438 se
1277 1401 1366 1439 tulit
1384 1402 1432 1439 ob
1453 1415 1519 1440 eas
1541 1415 1618 1448 res,

144 1473 221 1498 non
242 1463 291 1500 ob
312 1468 491 1500 anteacta
514 1462 749 1508 succensuit,
782 1474 906 1513 neque
933 1461 1267 1513 consiliumfcepit
1286 1462 1336 1500 de
1360 1462 1514 1510 futuris,
1546 1465 1615 1502 sed

142 1535 232 1560 mox
251 1535 338 1561 cum
358 1524 557 1574 republica
571 1524 723 1575 quidvis
745 1523 892 1575 perpeti
913 1522 1046 1561 maluit
1064 1535 1179 1573 quam
1202 1534 1289 1560 curn
1307 1523 1617 1563 Lacedaemoniis

145 1597 232 1623 esse
253 1585 509 1631 felicissimus,
531 1599 574 1624 ac
596 1586 755 1637 planum
778 1586 869 1624 fecit
894 1585 1075 1627 omnibus
1103 1598 1145 1623 se
1166 1584 1312 1623 bellum
1334 1586 1502 1636 gessisse
1523 1596 1613 1625 cum

145 1646 223 1683 suis
244 1647 406 1686 inimicis
429 1660 505 1686 non
525 1648 739 1694 vobiscum,
769 1654 808 1686 et
828 1647 865 1685 in
888 1649 1021 1685 urbem
1043 1647 1166 1685 redire
1188 1660 1267 1685 non
1287 1655 1456 1686 evertere
1478 1650 1613 1688 urbem

142 1708 324 1747 voluisse.
382 1709 595 1747 Vobiscum
618 1717 747 1748 autem
770 1709 1000 1760 conjunctus
1028 1716 1066 1747 et
1085 1709 1334 1759 Tissapherni
1354 1712 1547 1761 persuasit
1566 1725 1615 1749 ne

141 1769 324 1819 pecunias
346 1770 615 1821 suppeditaret
636 1770 957 1815 LacedaemoniiS,
983 1776 1020 1808 et
1044 1770 1174 1808 effecit
1192 1784 1238 1808 ne
1260 1771 1355 1808 socii
1375 1785 1398 1810 a
1417 1773 1525 1810 vobis
1547 1773 1613 1811 de-

141 1830 302 1869 sciscere
322 1838 540 1882 pergerent,
561 1832 662 1877 etde
680 1845 751 1869 suo
769 1831 952 1869 militibus
974 1831 1168 1881 stipendia
1188 1832 1316 1876 solvit,
1337 1838 1376 1869 et
1394 1832 1613 1871 libertatem

140 1893 284 1944 populo
303 1894 483 1938 restituit,
511 1902 550 1931 et
577 1895 679 1931 cives
706 1895 803 1931 inter
827 1907 867 1930 se
888 1893 1163 1938 reconciliavit,
1183 1900 1224 1930 et
1244 1894 1471 1932 Phoenissas
1495 1908 1611 1934 naves

140 1956 290 1994 avertit.
348 1955 531 1994 Posthaec
552 1968 656 1999 vero,
684 1963 780 2005 quot
806 1954 979 1992 triremes
1007 1954 1166 2004 ceperit,
1189 1961 1286 2004 quot
1311 1955 1444 2005 praelia
1465 1957 1610 2003 vicerit,

139 2025 234 2068 quot
254 2018 368 2055 urbes
388 2018 425 2056 vi
451 2017 704 2068 expugnarit,
722 2028 837 2066 quarn
863 2016 997 2053 multis
1023 2016 1195 2053 oratione
1216 2022 1380 2054 vestram
1404 2018 1608 2057 amicitiam

139 2080 381 2130 persuaserit,
416 2078 638 2130 singulatim
674 2089 902 2116 enumerare
936 2077 1111 2115 immensi
1147 2078 1290 2128 negotii
1324 2086 1446 2118 esset:
1490 2092 1609 2131 quum

140 2148 270 2180 autern
298 2143 388 2180 urbs
418 2140 492 2179 illis
515 2140 751 2191 temporibus
782 2140 948 2191 plurima
973 2138 1109 2190 praelia
1130 2138 1382 2185 commiserit,
1408 2154 1609 2192 nunquam

139 2209 268 2242 tamen
288 2210 397 2255 patre
417 2216 504 2242 meo
520 2203 619 2241 duce
640 2202 773 2240 hostes
794 2201 1011 2253 trophaeum
1031 2207 1166 2239 contra
1186 2214 1257 2239 nos
1275 2208 1493 2240 erexerunt.
1549 2204 1609 2242 Ac

138 2277 265 2304 rerum
296 2265 399 2303 illius
430 2265 548 2303 ductu
581 2270 779 2316 gestarum
812 2263 992 2314 equidem
1023 2263 1105 2300 scio
1135 2263 1277 2301 multas
1309 2276 1370 2301 me
1400 2265 1609 2314 praeterire,

139 2340 235 2378 quas
256 2334 438 2365 accurate
459 2338 760 2364 commemorare
780 2331 986 2376 propterea
1005 2323 1123 2370 nolui,
1144 2323 1249 2375 quod
1272 2324 1350 2362 fere
1369 2337 1503 2364 omnes
1524 2326 1611 2364 illas

141 2388 380 2426 meministis.

192 2454 230 2488 8.
262 2449 457 2488 Invadunt
476 2456 514 2487 et
535 2449 572 2486 in
598 2450 782 2501 privatam
812 2448 931 2500 patris
960 2447 1036 2485 mei
1057 2448 1173 2485 vitam
1200 2447 1403 2484 libidinose
1436 2448 1548 2485 nimis
1569 2455 1609 2486 et

138 2512 391 2557 confidenter,
411 2523 482 2549 nec
503 2523 548 2548 ea
568 2511 743 2549 libertate
766 2511 969 2548 verborum
989 2510 1026 2547 in
1048 2515 1241 2547 mortuum
1264 2507 1388 2545 invehi
1410 2508 1605 2556 dubitant,

137 2586 214 2625 qua
233 2585 279 2611 eo
299 2573 449 2611 vivente
471 2572 521 2609 uti
545 2585 619 2609 non
641 2572 840 2616 auderent,
862 2578 1046 2621 tantaque
1068 2570 1263 2607 dementia
1284 2568 1368 2606 illos
1389 2568 1541 2616 invasit,
1562 2577 1606 2607 ut

137 2635 357 2673 existiment
376 2647 416 2671 se
437 2641 516 2670 tum
534 2633 637 2684 apud
655 2645 722 2670 vos
743 2640 823 2670 tum
841 2632 943 2683 apud
959 2632 1055 2670 alios
1072 2644 1118 2668 eo
1135 2630 1278 2681 majore
1297 2629 1422 2680 gloria
1440 2630 1605 2676 futuros,

138 2708 215 2746 quo
246 2695 357 2746 plura
386 2702 425 2732 et
454 2695 601 2745 majora
628 2694 666 2731 in
694 2707 781 2732 eum
810 2694 1020 2731 maledicta
1046 2693 1337 2742 congesserint3
1376 2693 1485 2743 quasi
1513 2707 1605 2732 vero
1637 2701 1640 2704 “

138 2757 343 2810 quisquam
372 2758 523 2807 ignoret
549 2757 662 2795 etiam
688 2757 931 2807 nequissimis
957 2755 1178 2793 hominibus
1209 2755 1322 2793 licere
1347 2768 1424 2793 non
1446 2755 1494 2794 de
1513 2757 1604 2795 viris

137 2826 287 2857 tantum
303 2818 631 2868 praestantissimis
650 2818 720 2856 sed
738 2818 786 2855 de
805 2817 877 2855 diis
894 2817 1008 2854 etiam
1026 2816 1305 2854 immortalibus
1323 2817 1604 2855 contumeliose

139 2882 150 2919 l
208 2880 260 2917 ui.

155 2893 230 2978 Osi).
262 2939 450 2977 Fortassis
467 2940 581 2990 igitur
596 2951 727 2978 curare
747 2951 942 2978 sermones
959 2938 1130 2976 omnium
1147 2938 1351 2977 dementiae
1371 2939 1503 2977 suerit:
1536 2939 1604 2977 sed

847 3001 905 3035 ‘21
