1870 3277
663 525 1025 581 ISOCRATI
1034 526 1069 579 S

382 676 765 727 CONTRA
823 673 1344 724 LOCHITEM.

803 807 931 815 ,-

200 897 233 934 1.
264 896 335 933 ΜΕ
363 894 478 946 igitur
498 907 521 932 a
541 892 697 931 Lochite
714 891 917 944 vapulasse
947 890 1053 929 nulla
1078 889 1214 938 injuria
1246 887 1437 933 lacessito,
1458 900 1592 926 omnes

145 957 211 1008 qui
228 956 419 994 affuerunt
437 968 506 1007 pro
527 954 745 993 testimonio
764 953 956 991 dixerunt.

194 1020 232 1055 2.
265 1018 335 1056 Est
354 1023 484 1056 autem
503 1017 651 1055 facinus
672 1015 745 1053 hoc
766 1014 926 1053 aliorum
948 1012 1176 1051 delictorum
1205 1011 1388 1050 dissimile
1413 1011 1593 1062 judican-

145 1079 250 1124 dum,
268 1092 340 1116 nec
360 1077 462 1116 idem
486 1077 717 1116 sumendum
739 1075 971 1128 supplicium
991 1074 1040 1113 de
1058 1074 1215 1112 laesione
1234 1073 1403 1125 corporis
1424 1072 1526 1123 quod
1546 1072 1595 1111 de

144 1140 386 1178 fraudatione
406 1139 673 1190 pecuniarum3
705 1137 811 1176 scitis
831 1136 933 1175 enim
951 1136 1025 1174 hoc
1051 1135 1227 1173 omnibus
1259 1134 1475 1173 hominibus
1504 1147 1595 1172 con-

139 1202 425 1251 junctissimum
445 1216 542 1248 esse,
557 1215 706 1252 nosque
719 1202 768 1239 ob
782 1201 897 1251 hujus
919 1199 1216 1238 incolumitatem
1237 1206 1275 1236 et
1294 1198 1400 1248 leges
1421 1198 1596 1236 sanxisse

146 1271 185 1301 et
217 1277 286 1314 pro
322 1265 497 1302 libertate
528 1276 701 1314 pugnare
733 1271 773 1301 et
805 1261 1027 1313 popularem
1059 1268 1202 1298 statum
1238 1267 1429 1311 expetere,
1463 1271 1597 1298 omnes

146 1325 311 1376 denique
331 1325 420 1362 vitae
438 1325 609 1363 actiones
628 1325 705 1362 huc
737 1324 882 1361 referri.
941 1323 1110 1373 AEquum
1141 1322 1256 1372 igitur
1283 1328 1343 1359 est
1371 1334 1436 1360 eos
1465 1322 1530 1372 qui
1560 1320 1598 1358 id

144 1385 301 1429 violant,
320 1384 424 1436 quod
445 1384 598 1422 maximi
615 1383 756 1430 facitis,
777 1384 1001 1434 gravissimo
1022 1382 1211 1434 supplicio
1232 1382 1398 1421 coerceri
1419 1396 1441 1420 a
1459 1382 1582 1421 vobis.

199 1449 236 1485 3.
268 1447 369 1485 Nam
390 1459 455 1485 eos
476 1445 606 1492 etiam,
626 1446 692 1496 qui
712 1445 820 1496 leges
849 1444 960 1482 nobis
990 1445 1173 1491 tulerunt,
1195 1457 1396 1495 corporum
1415 1444 1452 1481 in
1471 1445 1600 1495 primis

145 1509 332 1547 rationem
349 1508 530 1546 habuisse
549 1506 756 1558 reperietis·
800 1506 971 1543 Primum
992 1506 1091 1543 enim
1112 1506 1160 1543 de
1178 1506 1261 1544 sola
1280 1505 1352 1544 hac
1371 1505 1506 1557 injuria
1520 1513 1601 1544 turn

147 1570 313 1622 privatas
328 1577 407 1608 tum
423 1570 598 1620 publicas
614 1569 785 1608 actiones
807 1568 889 1607 sine
909 1568 1114 1618 sponsione
1130 1567 1322 1606 dederunt
1336 1575 1379 1606 ut
1399 1568 1602 1621 unicuique

149 1639 336 1678 nostrum,
356 1638 400 1669 ut
419 1638 458 1669 et
479 1631 594 1669 vellet
613 1638 651 1668 et
671 1637 818 1682 posset,
839 1630 894 1668 sic
912 1629 1049 1668 ulcisci
1066 1629 1199 1667 liceret
1218 1642 1284 1668 eos
1304 1642 1327 1667 a
1342 1630 1482 1680 quibus
1502 1638 1606 1669 esset

150 1693 282 1732 laesus.
338 1693 491 1731 Deinde
511 1693 548 1731 in
567 1693 650 1731 aliis
671 1692 890 1731 criminibus
910 1691 944 1730 ei
963 1692 1028 1742 qui
1047 1691 1216 1730 offensus
1236 1698 1295 1729 est
1314 1692 1438 1730 solum
1451 1692 1549 1730 actio
1565 1693 1603 1730 in

150 1755 412 1793 adversarium
432 1754 566 1792 datur:
597 1754 645 1792 de
666 1753 898 1792 contumelia
916 1765 1018 1797 vero,
1040 1759 1223 1804 tanquam
1255 1753 1413 1791 crimine
1438 1753 1605 1804 publico,

149 1816 358 1866 unicuique
389 1815 529 1854 civium
558 1827 598 1853 re
627 1814 731 1866 apud
759 1813 930 1853 sexviros
959 1815 1157 1866 proposita
1186 1815 1315 1853 venire
1346 1814 1383 1852 in
1413 1814 1603 1866 judicium

154 1877 259 1916 licet.

204 1941 244 1976 4.
274 1939 336 1976 Ac
351 1937 495 1976 mutuis
514 1937 679 1988 grassari
700 1937 918 1975 verberibus
941 1950 1064 1987 usque
1085 1938 1182 1976 adeo
1202 1950 1280 1976 non
1300 1938 1498 1977 serendum
1519 1950 1606 1975 esse

149 2006 347 2051 putarunt,
364 2006 408 2037 ut
426 1999 475 2036 de
495 1998 698 2036 maledicto
719 1998 844 2048 legem
863 1998 1032 2044 tulerint,
1047 2012 1134 2049 quae
1153 1999 1266 2050 jubet
1285 2012 1365 2046 eos,
1378 1999 1442 2050 qui
1461 1998 1606 2050 aliquid

154 2060 398 2098 interdictum
409 2059 558 2110 legibus
571 2060 782 2111 proferunt,
792 2060 1012 2111 quingentis
1026 2060 1217 2101 drachmis
1234 2061 1422 2099 mulctari.
1453 2062 1610 2105 Quanta

154 2121 268 2173 igitur
287 2121 489 2160 severitate
509 2121 752 2159 vindicandae
773 2128 864 2159 sunt
893 2121 1042 2173 injuriae
1062 2122 1188 2173 reipsa
1208 2123 1337 2168 factae,
1359 2136 1477 2174 quum
1497 2129 1608 2174 petu-

156 2183 285 2222 lantiae
304 2184 507 2222 verborum
529 2183 581 2221 ita
602 2182 892 2221 succenseatis?

221 2247 259 2283 5.
303 2245 524 2284 Mirandum
558 2251 629 2290 est,
660 2244 691 2282 si
724 2245 895 2283 facinora
927 2258 1135 2296 paucorum
1170 2245 1368 2284 dominatu
1408 2246 1612 2286 commissa

157 2316 278 2347 morte
300 2307 525 2346 mulctanda
538 2307 744 2352 censeatis,
759 2319 826 2345 eos
844 2320 933 2345 vero
952 2308 1018 2358 qui
1036 2308 1157 2346 libera
1176 2308 1330 2347 civitate
1352 2308 1462 2346 simili
1483 2307 1613 2346 studio

160 2376 251 2407 sunt
269 2369 423 2420 impune
441 2369 660 2407 dimittatis.
718 2369 839 2420 Atqui
873 2369 1038 2408 decebat
1067 2376 1177 2409 tanto
1209 2370 1334 2409 acrius
1368 2369 1406 2407 in
1436 2382 1501 2407 eos
1531 2368 1613 2406 ani-

162 2431 363 2476 madverti,
383 2437 529 2481 quanto
549 2443 657 2469 suam
679 2431 961 2482 improbitatem
991 2430 1207 2471 evidentius
1230 2431 1454 2469 ostendunt.
1514 2430 1614 2468 Nam

162 2493 227 2544 qui
246 2505 364 2538 nunc,
378 2505 495 2543 quum
515 2505 592 2530 non
616 2491 717 2539 licet,
737 2492 843 2543 leges
863 2506 1109 2545 perrumpere
1130 2506 1206 2531 non
1228 2493 1392 2538 dubitat,
1408 2491 1500 2543 quid
1519 2492 1550 2530 is
1565 2492 1617 2530 fe-

164 2556 425 2607 cisset,quum
455 2554 706 2605 magistratus
736 2555 794 2593 vel
829 2556 990 2606 gratiam
1019 2555 1205 2593 haberent
1232 2554 1445 2592 istiusmodi
1466 2566 1616 2604 grassa-

164 2617 309 2656 toribus
321 2615 337 2653 ‘f

216 2680 254 2716 6.
284 2678 474 2717 Fortassis
494 2685 624 2717 autem
644 2678 822 2718 Lochites
841 2692 922 2718 rem
945 2686 1153 2717 extenuare
1171 2678 1383 2724 conabitur,
1399 2685 1437 2717 et
1455 2691 1617 2717 accusa-

165 2740 306 2778 tionem
325 2741 556 2788 cavillando,
575 2743 735 2780 verbera
756 2741 848 2779 nihil
868 2741 960 2779 mihi
981 2741 1171 2786 nocuisse,
1188 2752 1232 2779 ac
1263 2752 1323 2777 me
1356 2753 1473 2792 supra
1501 2753 1618 2791 quam

169 2801 306 2839 deceat
322 2802 446 2840 verbis
464 2802 696 2854 amplificare
715 2797 819 2841 dicet
833 2802 973 2841 omnia.

220 2864 256 2899 7.
287 2863 371 2914 Ego
389 2864 694 2914 vero‚siquidem
715 2864 753 2902 id
775 2864 919 2902 factum
941 2868 1044 2901 esset
1063 2862 1145 2901 sine
1164 2864 1408 2910 contumelia,
1423 2877 1618 2914 nunquam

167 2923 270 2976 apud
291 2937 358 2963 vos
375 2925 482 2974 queri
502 2925 730 2966 voluissem:
762 2939 864 2965 nunc
886 2938 960 2964 non
981 2925 1113 2975 reliqui
1127 2924 1255 2965 damni
1273 2939 1338 2978 pei·
1359 2927 1514 2964 verbera
1527 2925 1620 2969 dati,
