1870 3277
241 150 316 187 238
553 151 840 189 lSOCRATIS
874 151 945 189 DE
977 151 1431 192 PERMUTATIONE.

238 263 331 287 num
353 250 522 289 studium
550 251 718 303 objicere
739 265 816 290 non
844 252 944 303 prius
964 253 1211 300 destiterunt,
1237 267 1353 306 quam
1374 267 1440 292 eos
1461 253 1717 306 perpulissent

239 318 282 349 ut
301 311 456 363 objecta
476 313 636 352 crimina
656 327 741 352 vere
764 314 800 351 in
819 327 858 351 sc
880 314 1130 352 admitterent
1151 322 1189 353 et
1208 316 1306 354 tales
1325 316 1459 354 fierent
1477 316 1613 366 quales
1627 328 1712 353 esse

240 386 263 412 a
298 374 643 422 calumniatoribus
681 376 988 415 dictitabantur?
1041 377 1168 415 socios
1202 391 1290 415 vero
1324 377 1501 415 vexando
1533 384 1573 415 et
1606 376 1713 414 calu-

237 436 436 483 mniando,
458 443 496 475 et
516 437 681 488 optimos
702 450 879 488 quosque
901 451 940 476 rc
961 437 1135 476 familiari
1158 438 1376 490 spoliando,
1398 451 1444 476 eo
1466 438 1712 488 redegerunt,

238 503 282 536 ut
302 511 324 536 a
343 498 454 537 nobis
474 498 629 537 alienati
659 512 702 537 ac
722 499 865 550 repulsi
893 498 1274 537 Lacedoemoniorum
1304 500 1509 538 amicitiam
1531 506 1567 537 et
1593 500 1716 538 socic-

237 566 356 598 tatem
378 559 619 598 adamarint?
677 560 829 603 Quibus
851 560 899 598 de
926 561 1039 599 rebus
1066 561 1169 599 bello
1200 561 1309 599 nobis
1336 560 1545 604 concitato,
1572 560 1712 598 multos

235 621 376 660 civium
398 622 676 673 conspeximus
698 623 835 673 partim
861 623 1089 670 trucidatos,
1121 625 1257 674 partim
1285 630 1421 674 captos
1444 624 1491 661 ab
1519 623 1710 668 hostibus,

236 685 372 735 partim
394 686 446 723 rei
466 684 664 723 familiaris
686 686 844 736 penuria
871 697 1093 736 oppressos,
1113 693 1230 736 atque
1251 686 1366 723 etiam
1388 685 1614 736 popularem
1633 691 1709 722 sta-

235 752 316 784 tum
338 746 395 785 bis
416 747 657 798 abrogatum,
680 754 718 785 ct
738 748 872 798 patriae
893 745 1036 784 moenia
1055 746 1197 792 diruta,
1221 754 1271 793 et,
1290 746 1394 797 quod
1411 746 1618 784 maximum
1636 752 1708 788 est,

233 808 369 846 urbem
398 809 436 847 in
465 809 676 860 perieulum
700 810 893 848 servitutis
915 816 954 848 et
972 809 1110 848 excidii
1131 810 1340 848 adductam
1371 815 1409 846 et
1432 821 1559 846 arcem
1589 808 1642 846 ita
1670 815 1712 845 ut

233 869 367 910 hostes
386 871 424 908 in
446 884 492 909 ea
511 871 720 910 habitarint
737 879 983 923 occupatam.

288 935 353 971 30.
383 933 461 971 Sed
477 932 577 971 enim
591 933 730 979 sentio,
745 946 968 985 quanquam
989 933 1125 972 efferor
1142 932 1356 977 iracundia,
1375 944 1444 970 nos
1460 943 1562 982 aqua
1578 930 1707 976 defici,

231 1007 279 1033 ac
299 1007 360 1032 me
385 994 566 1033 incidisse
597 995 633 1032 in
668 995 866 1032 materiam
896 1008 983 1045 quae
1013 1002 1136 1032 totum
1158 994 1259 1031 diem
1281 992 1500 1043 postularet
1520 998 1636 1042 atque
1658 992 1706 1030 ad

229 1056 514 1094 accusationem
536 1068 623 1093 esse
644 1055 863 1107 delapsum.
923 1056 1126 1094 Praeterita
1146 1055 1262 1106 igitur
1281 1052 1528 1092 multitudine
1549 1052 1708 1091 calami-

229 1124 368 1165 tatum,
386 1131 550 1169 quarum
568 1118 630 1157 isti
646 1124 825 1157 auctores
841 1118 963 1165 fuere,
979 1125 1020 1156 et
1036 1118 1178 1169 rejecta
1197 1116 1374 1155 molestia
1389 1122 1428 1154 et
1446 1116 1559 1154 turba
1573 1128 1705 1153 eorum

227 1194 316 1232 quae
336 1181 385 1220 de
400 1181 563 1219 istorum
582 1180 786 1219 calumniis
808 1181 885 1220 dici
908 1187 1087 1233 possent,
1105 1180 1240 1232 paucis
1262 1178 1416 1218 omnino
1437 1177 1601 1228 adjectis
1621 1190 1706 1216 ora-

226 1242 373 1281 tionem
384 1245 467 1291 Jam
488 1256 593 1280 nunc
613 1242 860 1281 concludam.

279 1305 345 1343 31.
374 1303 483 1341 Alios
495 1302 650 1354 quidem
667 1316 753 1342 reos
770 1304 898 1350 video,
917 1303 982 1342 ubi
995 1304 1078 1355 jam
1090 1301 1325 1342 defensionis
1342 1301 1458 1339 finem
1474 1300 1700 1351 attigerunt,

223 1364 458 1416 supplicare,
485 1365 685 1411 obtestari,
712 1364 854 1403 liberos
882 1378 972 1403 suos
1001 1371 1118 1415 atque
1146 1365 1292 1402 amicos
1327 1362 1374 1402 ad
1410 1362 1701 1414 deprecandum

224 1428 460 1471 subornare;
491 1439 566 1477 ego
592 1439 685 1465 vero
717 1439 843 1477 neque
874 1425 1013 1465 decere
1044 1426 1250 1477 quicquam
1279 1425 1388 1464 istius
1418 1425 1569 1475 generis
1599 1424 1700 1463 hanc

225 1502 353 1528 meam
370 1495 530 1541 aetatem*
546 1488 737 1534 existimo,
759 1496 800 1526 et
820 1494 960 1540 praeter
979 1487 1054 1527 hoc
1072 1487 1178 1539 quod
1200 1487 1254 1526 ita
1271 1487 1410 1533 sentio,
1425 1486 1541 1525 etiam
1564 1486 1700 1524 erube-

225 1564 387 1596 scerem,
408 1550 440 1589 si
471 1550 546 1589 alia
576 1564 636 1595 res
670 1551 785 1589 saluti
807 1563 852 1588 ae
873 1549 1056 1601 praesidio
1081 1549 1175 1588 mihi
1203 1549 1343 1588 fuisset
1362 1560 1477 1599 quam
1504 1548 1699 1587 orationes

225 1619 315 1652 ante
342 1613 514 1651 recitatae
546 1614 587 1663 [a
620 1624 682 1650 me
702 1618 741 1650 et
759 1610 1021 1663 conscriptae}
1077 1611 1167 1650 Scio
1199 1610 1299 1649 enim
1335 1623 1397 1648 me
1426 1610 1480 1648 ita
1505 1617 1640 1649 sancte
1661 1619 1700 1649 et

217 1675 324 1726 juste
354 1674 529 1713 locutum
563 1686 649 1711 esse
678 1679 760 1712 tum
787 1672 836 1711 de
870 1672 1020 1724 republ.
1051 1678 1133 1710 tum
1154 1672 1204 1710 de
1226 1671 1435 1723 majoribus
1457 1670 1595 1709 nostris
1615 1677 1698 1709 tum

223 1736 272 1774 de
303 1736 374 1774 diis
407 1734 688 1775 immortalibus
722 1735 759 1773 in
789 1734 935 1786 primis,
960 1741 1016 1780 ut,
1036 1734 1067 1773 si
1096 1746 1173 1785 qua
1197 1733 1272 1771 illis
1294 1746 1419 1770 rerum
1441 1732 1697 1771 humanarum

223 1810 319 1836 cura
352 1807 427 1843 est,
460 1810 535 1836 neo
567 1809 614 1835 ea
645 1809 735 1847 quae
764 1796 855 1835 mihi
887 1809 993 1835 nunc
1025 1795 1208 1835 accidunt
1238 1808 1305 1834 eos
1338 1796 1516 1845 ignorare
1549 1801 1695 1845 putem.

223 1861 355 1904 Quare
379 1859 474 1898 nihil
495 1859 729 1899 exhorresco
755 1858 942 1910 quicquid
963 1858 1012 1896 de
1034 1871 1094 1896 me
1121 1857 1348 1903 statueritis,
1379 1857 1448 1895 sed
1480 1857 1635 1896 confido
1656 1865 1696 1896 et

220 1922 258 1960 in
281 1935 350 1974 spe
372 1922 518 1973 optima
543 1920 640 1959 situs
661 1933 747 1959 sum
767 1920 862 1958 mihi
884 1927 977 1959 tunc
998 1919 1173 1958 ultimum
1193 1919 1281 1956 vitae
1300 1918 1403 1958 diem
1423 1918 1694 1965 adventurum,

220 1984 379 2035 quando
399 1983 436 2022 id
454 1984 562 2022 vobis
579 1982 773 2034 expediet,
788 1983 863 2021 hoc
885 1982 996 2034 signo
1010 1981 1218 2028 adductus,
1239 1980 1345 2032 quod
1373 1980 1561 2019 hactenus
1576 1983 1690 2020 etiam

219 2046 258 2083 in
278 2046 383 2084 hunc
413 2058 536 2096 usque
568 2044 671 2083 diem
699 2044 754 2083 ita
773 2044 862 2092 vixi,
888 2043 1220 2095 quemadmodum
1252 2042 1338 2093 pios
1365 2042 1538 2081 homines
1565 2043 1691 2082 vivere

221 2106 350 2154 decet,
367 2119 532 2157 quorum
550 2106 622 2145 diis
640 2113 775 2145 mutua
788 2119 880 2145 cura
901 2112 973 2144 est.
1021 2105 1082 2143 De
1098 2118 1159 2143 me
1180 2104 1308 2156 igitur,
1329 2110 1373 2142 ut
1391 2105 1456 2154 qui
1476 2104 1548 2143 hoc
1565 2105 1691 2142 animo

221 2170 307 2216 sim,
325 2170 471 2220 quique
495 2168 711 2207 existimem
741 2167 928 2219 quicquid
947 2167 1053 2206 vobis
1073 2166 1197 2205 visum
1228 2165 1342 2204 suerit
1361 2166 1400 2204 id
1421 2179 1442 2204 e
1462 2179 1501 2204 re
1523 2179 1610 2204 mea
1628 2167 1689 2204 fu-

220 2238 364 2278 turum,
385 2238 428 2268 ut
453 2231 604 2269 libitum
632 2230 894 2283 placitumque
925 2229 1053 2276 fuerit,
1082 2229 1138 2268 ita
1163 2235 1328 2269 vestrum
1359 2229 1523 2280 quisque
1552 2229 1686 2268 suffra·
1711 2272 1713 2275 ,

220 2293 323 2369 ςίυὲη
345 2293 456 2357 ferat.
