1870 3277
743 349 1156 405 ISOCRATIS

612 466 722 513 AD
785 464 1287 513 NICOCLEM

462 570 545 611 DE
577 568 921 611 REGNANDO
958 568 1071 609 VEL
1105 569 1188 610 DE
1220 564 1435 608 REGNO

827 659 1073 701 ORATIO.

278 823 311 860 1.
343 823 431 866 Qut
460 822 567 860 vobis
592 822 761 873 regibus,
792 821 988 867 Nicocles,
1015 821 1205 859 advehere
1227 827 1352 858 vestes
1381 819 1510 857 solent
1538 827 1606 857 aut
1628 833 1682 856 aes

222 891 286 921 aut
309 896 442 921 aurum
465 884 608 921 factum
630 890 696 931 aut
717 881 873 933 aliquod
894 882 997 919 aliud
1022 882 1104 932 ejus
1128 881 1293 932 generis,
1321 894 1396 930 quo
1418 887 1456 918 et
1475 880 1547 930 ipsi
1568 887 1686 930 egent

222 951 260 982 et
278 957 348 982 vos
377 944 598 989 abundatis,
624 944 695 982 hos
723 947 783 994 (ut
809 943 902 981 mihi
923 943 1079 993 quidem
1102 943 1264 988 videtur)
1292 942 1381 993 plus
1407 941 1500 979 satis
1526 948 1687 992 apparet

221 1018 298 1043 non
319 1005 559 1056 largitionem
580 1005 707 1043 facere
729 1004 795 1042 sed
818 1012 1088 1050 mercaturam,
1111 1016 1280 1054 suasque
1297 1017 1355 1040 res
1370 1003 1492 1040 multo
1508 1002 1688 1040 callidius

222 1066 387 1103 vendere
407 1079 523 1116 quarn
545 1078 612 1103 eos
633 1066 697 1115 qui
725 1079 772 1103 ex
798 1065 972 1116 professo
999 1072 1281 1115 cauponantur.
1341 1065 1425 1114 Ego
1445 1077 1534 1101 vcro
1559 1064 1689 1101 existi-

221 1126 324 1162 mavi
343 1125 416 1162 hoc
435 1125 735 1176 pulcherrimum
758 1126 838 1162 fore
859 1138 997 1162 munus
1014 1138 1058 1162 ac
1076 1124 1321 1162 utilissimum
1340 1123 1520 1174 idemque
1542 1131 1581 1162 et
1597 1124 1688 1161 mihi

224 1186 332 1239 danti
361 1194 400 1224 et
429 1186 495 1223 tibi
526 1186 729 1237 accipienti
762 1186 1016 1236 aptissimum,
1047 1186 1078 1223 si
1108 1186 1324 1223 describere
1354 1199 1523 1236 possem,
1549 1186 1689 1236 quibus

227 1247 363 1285 officiis
383 1247 613 1298 praestandis
631 1254 670 1284 et
691 1247 830 1297 quibus
855 1248 972 1285 rebus
998 1246 1193 1297 fugiendis
1215 1247 1358 1298 optime
1380 1253 1418 1283 et
1438 1247 1632 1284 civitatem
1653 1255 1692 1284 et

225 1321 386 1358 regnum
408 1308 743 1345 administraturus
765 1321 886 1346 esses.
932 1307 1032 1345 Nam
1053 1307 1222 1357 privatos
1239 1306 1394 1357 quidem
1416 1306 1591 1344 homines
1611 1321 1694 1358 per-

226 1370 349 1408 multa
370 1377 460 1408 sunt
479 1383 566 1421 quae
588 1370 781 1415 erudiant,
809 1377 924 1420 atque
947 1370 984 1407 in
1005 1369 1135 1419 primis
1156 1369 1234 1407 vita
1253 1382 1389 1419 expers
1407 1369 1630 1407 deliciarum
1653 1377 1692 1408 et

226 1432 451 1483 quotidiana
473 1432 519 1469 de
539 1431 712 1482 parando
733 1431 836 1468 victu
857 1431 1054 1481 cogitandi
1077 1431 1299 1477 necessitas,
1321 1431 1460 1468 deinde
1488 1431 1595 1482 leges
1616 1432 1697 1483 qui-

227 1494 300 1530 bus
330 1493 366 1530 in
396 1493 474 1530 suis
496 1493 639 1543 quique
668 1492 886 1529 civitatibus
909 1498 1110 1542 reguntur,
1137 1498 1327 1542 praeterea
1355 1492 1510 1529 libertas
1534 1492 1600 1530 illa
1619 1506 1696 1543 qua

226 1555 353 1606 palam
376 1561 415 1592 et
434 1553 564 1592 amicis
580 1555 783 1605 objurgare
801 1554 966 1591 invicem
983 1553 1200 1590 etinimicis
1217 1552 1411 1603 exagitare
1430 1553 1570 1592 delicta
1590 1555 1695 1600 licet,

228 1616 396 1667 denique
417 1625 543 1667 poetae
558 1615 714 1666 quidam
736 1622 885 1653 veteres
905 1620 1104 1666 praecepta
1122 1614 1169 1652 de
1189 1614 1344 1652 vivendi
1364 1615 1511 1653 ratione
1531 1615 1695 1666 relique-

227 1685 334 1715 runt:
371 1678 511 1728 quibus
539 1678 654 1715 rebus
684 1677 862 1714 omnibus
891 1682 1191 1714 consentaneum
1220 1682 1279 1713 est
1306 1689 1371 1714 eos
1400 1676 1480 1713 fieri
1503 1677 1696 1716 meliores.

229 1739 472 1790 Principibus
512 1745 641 1777 autem
679 1738 772 1775 nihil
812 1737 1004 1789 ejusmodi
1042 1736 1246 1787 contingit,
1283 1737 1350 1774 sed
1390 1750 1487 1788 quos
1526 1740 1696 1776 omnium

231 1801 397 1838 maxime
416 1800 564 1838 institui
584 1799 853 1845 conveniebat,
876 1799 916 1836 hi
944 1812 1031 1836 mox
1058 1805 1243 1849 suscepto
1264 1799 1483 1849 principatu
1505 1800 1588 1838 sine
1609 1801 1696 1838 ullis

230 1863 482 1901 monitoribus
511 1868 666 1899 aetatem
688 1861 867 1912 exigunt:
898 1860 1103 1911 perpaucis
1125 1859 1225 1897 enim
1255 1860 1304 1897 ad
1330 1873 1396 1898 eos
1425 1867 1530 1911 patet
1557 1860 1696 1908 aditus,

230 1924 295 1974 qui
325 1936 414 1961 vero
443 1922 680 1960 familiariter
704 1934 792 1959 cum
822 1922 877 1959 eis
907 1921 1054 1966 vivunt,
1083 1919 1121 1957 hi
1156 1920 1204 1957 ad
1235 1920 1396 1971 gratiam
1426 1927 1465 1959 et
1494 1922 1631 1960 dicunt
1659 1929 1699 1960 et

228 1985 375 2023 saclunt
408 1984 550 2022 omnia.
616 1984 752 2034 Itaque
785 1982 1022 2034 amplissima
1053 1982 1218 2033 pecunia
1251 1990 1290 2019 et
1323 1983 1499 2033 potentia
1528 1985 1699 2022 maxima

232 2046 356 2097 potiti,
376 2045 626 2083 facultatibus
652 2044 712 2081 his
741 2056 819 2081 non
840 2051 944 2081 recte
969 2044 1132 2088 utendo,
1165 2042 1377 2081 effecerunt
1399 2050 1441 2081 ut
1462 2045 1570 2083 multi
1590 2045 1700 2083 dubi-

231 2113 327 2153 tent,
346 2108 444 2145 sitne
464 2107 698 2158 privatorum
719 2104 875 2156 quidem
894 2104 1092 2142 hominum
1113 2104 1182 2142 sed
1203 2105 1404 2142 moderate
1424 2118 1465 2142 se
1484 2107 1699 2155 gerentium

233 2167 362 2219 potius
394 2168 612 2218 expetenda
643 2165 735 2212 vita,
767 2178 882 2216 quam
914 2172 1180 2216 tyrannorum.
1248 2165 1350 2203 Nam
1380 2179 1498 2216 quum
1531 2167 1699 2206 honores

233 2244 365 2269 eorum
386 2237 426 2268 et
444 2229 594 2268 divitias
619 2235 658 2266 et
686 2227 846 2278 imperia
873 2226 1084 2272 intuentur,
1113 2239 1246 2264 omnes
1271 2239 1338 2264 eos
1358 2226 1430 2264 diis
1450 2227 1591 2266 similes
1614 2242 1700 2267 esse
1734 2237 1736 2240 '

233 2299 397 2330 censent
419 2292 484 2342 qui
513 2290 584 2328 soli
610 2302 735 2327 rerum
762 2288 978 2340 potiuntur:
1018 2301 1136 2339 quum
1164 2300 1255 2326 vero
1283 2289 1438 2325 timores
1465 2295 1504 2326 et
1529 2290 1702 2340 pericula

235 2353 499 2398 considerant,
520 2351 781 2401 memoriaque
807 2355 1025 2400 repetentes
1050 2349 1184 2386 vident
1209 2348 1304 2386 alios
1334 2362 1357 2386 a
1376 2349 1519 2399 quibus
1547 2351 1702 2389 minime

236 2416 438 2467 oportebat
468 2414 705 2459 interfectos,
737 2411 832 2450 alios
863 2424 956 2462 erga
987 2424 1078 2449 suos
1110 2410 1448 2461 conjunctissimos
1479 2411 1704 2462 delinquere

237 2484 408 2523 coactos,
426 2476 509 2515 aliis
531 2481 737 2525 utrumque
758 2472 962 2519 accidisse,
983 2485 1114 2510 rursus
1131 2472 1266 2523 quovis
1287 2473 1403 2510 modo
1418 2472 1544 2511 vivere
1564 2475 1703 2511 melius

237 2552 321 2577 esse
346 2545 486 2589 putant
515 2549 630 2588 quam
660 2536 698 2572 in
725 2534 950 2586 hujusmodi
979 2533 1263 2572 calamitatibus
1293 2533 1354 2571 vel
1383 2534 1569 2572 universae
1598 2536 1703 2573 Asiae

239 2598 441 2638 dominari.
500 2599 572 2636 Est
594 2604 724 2635 autem
746 2595 860 2644 huJus
882 2595 1114 2633 diversitatis
1136 2602 1174 2633 et
1194 2595 1435 2633 confusionis
1460 2607 1580 2633 causa
1603 2596 1703 2642 haec,

238 2656 344 2712 quod
364 2672 526 2711 regnum
547 2666 730 2710 tanquam
749 2656 1006 2695 sacerdotium
1027 2657 1237 2706 cujuslibet
1256 2656 1423 2693 hominis
1445 2669 1530 2695 esse
1552 2663 1704 2708 putant,

241 2722 347 2774 quod
376 2733 567 2759 summum
598 2727 659 2758 est
688 2718 815 2758 rerum
844 2719 1100 2756 humanarum
1133 2718 1395 2769 majoremque
1424 2718 1707 2768 providentiam

239 2783 429 2835 postulat.
792 2778 795 2780 ’

296 2846 334 2882 2.
364 2844 422 2882 Ac
442 2842 665 2893 singulatim
686 2843 842 2893 quidem
861 2855 938 2894 quo
961 2847 1078 2892 pacto
1103 2839 1318 2878 rectissime
1345 2852 1407 2877 res
1435 2839 1705 2886 administrari,

240 2913 359 2956 utque
389 2911 428 2943 et
458 2905 562 2943 bona
589 2904 810 2943 conservari
840 2909 880 2941 et
912 2902 1015 2942 mala
1046 2901 1171 2939 caveri
1200 2899 1365 2951 possint,
1399 2912 1530 2938 eorum
1566 2914 1705 2938 munus
