1870 3277
265 174 339 210 362
928 170 1043 208 lSAEl

264 272 570 310 Philoctemonis.
627 271 713 315 Quo
734 277 859 309 autem
880 272 985 310 vobis
1005 277 1167 317 constet,
1181 270 1348 322 judices,
1369 270 1503 308 horum
1524 282 1612 320 quae
1629 268 1704 307 dixi

265 333 416 384 singula
435 345 596 384 quaeque
616 347 702 372 vere
723 346 744 370 a
765 346 824 370 me
844 333 947 371 dicta
965 346 1064 379 esse,
1085 332 1244 383 primum
1266 332 1343 370 cito
1364 337 1498 371 testes.

888 435 1099 473 TESTES.

320 518 358 554 ⁷.
389 515 452 554 Sic
485 517 556 554 ista
587 516 741 566 quidem
771 515 824 553 illi
854 515 1059 561 habebant,
1081 516 1280 554 tenebant:
1320 521 1363 551 ut
1395 519 1523 551 autem
1556 513 1708 564 reliquis

266 591 420 629 quoque
441 578 649 629 potirentur
663 576 789 615 statim
811 577 1045 628 incipiebant
1064 577 1282 621 machinari,
1294 582 1332 613 et
1346 587 1424 612 rem
1438 575 1534 612 inter
1546 587 1587 612 se
1604 587 1710 612 com-

265 640 454 690 parabant
482 639 648 676 omnium
681 637 941 683 foedissimam,
958 638 1019 675 cui
1040 651 1102 676 vos
1130 651 1196 688 par
1225 643 1285 674 est
1311 636 1478 673 animum
1498 635 1710 672 attendere.

267 701 480 738 Cernentes
501 700 602 738 enim
624 700 900 738 Euctemonem
922 713 1000 750 prae
1029 701 1135 738 senio
1165 700 1218 737 ita
1244 710 1397 749 prorsus
1425 704 1645 734 enervatum
1674 702 1713 733 et

266 761 501 799 exinanitum
517 768 619 799 utne
636 761 738 800 lecto
753 762 907 812 quidem
924 774 1121 812 resurgere
1135 766 1279 811 posset,
1294 758 1576 797 meditabantur
1590 766 1629 796 et
1641 757 1713 795 cir-

267 823 567 874 cumspiciebant
597 836 730 861 omnes
763 823 911 868 modos,
932 824 1068 873 quibus
1098 823 1171 860 hoc
1203 822 1415 860 efficeretur
1440 826 1480 858 ut
1509 819 1712 858 facultates

268 885 365 936 ejus,
398 885 462 922 ubi
491 886 654 924 animam
686 885 929 929 reddidisset,
961 885 999 921 in
1034 890 1222 935 potestate
1251 896 1322 920 sua
1352 889 1478 920 essent
1511 882 1712 919 universae.

271 945 371 989 Quid
393 959 484 995 ergo
504 945 731 983 instituunt?
769 945 959 982 Deferunt
976 944 1110 982 horum
1131 944 1249 981 duum
1268 955 1473 994 puerorum
1491 942 1645 980 nomina
1664 941 1715 979 ad

271 1005 492 1043 archontem
508 1006 612 1043 velut
632 1006 912 1056 adoptatorum,
927 1018 1087 1056 quorum
1103 1005 1264 1043 alterurn
1280 1007 1386 1055 [natu
1407 1002 1606 1054 majorem]
1622 1003 1718 1041 alter

272 1066 523 1104 Euctemonis
544 1066 644 1103 filius
666 1066 968 1117 [Philoctemon]
983 1067 1062 1117 jam
1083 1067 1305 1112 defunctus,
1319 1065 1478 1103 alterum
1498 1063 1717 1115 [minorem]

273 1127 369 1165 alter
387 1127 561 1178 ejusdem
593 1127 692 1164 filius
721 1127 996 1178 [Ergamenes]
1025 1128 1114 1165 item
1135 1128 1343 1165 defunctus
1364 1126 1637 1177 adoptassent;
1667 1131 1718 1170 et,

272 1188 363 1238 quia
382 1194 502 1225 semet
521 1188 593 1239 ipsi
612 1195 758 1226 tutores
789 1201 995 1240 puerorum
1025 1188 1212 1233 ferebant,
1230 1187 1403 1226 archonti
1423 1187 1657 1225 mandabant
1675 1193 1719 1224 ut

271 1250 525 1288 substantiam
558 1263 763 1301 puerorum
793 1250 900 1288 velut
928 1252 1105 1288 orborum
1138 1251 1305 1288 elocaret
1337 1250 1393 1300 [h.
1411 1263 1445 1288 e.
1467 1249 1718 1300 proscriberet

270 1311 506 1359 elocabiles]‚
521 1324 597 1361 quo
618 1312 688 1349 sub
704 1324 910 1362 puerorum
932 1312 1085 1349 nomine
1104 1312 1293 1350 bonorum
1311 1311 1386 1349 alia
1404 1310 1622 1349 mercedem
1636 1323 1718 1348 me-

270 1373 388 1410 ritura
407 1372 661 1418 elocarentur,
680 1372 754 1410 alia
773 1379 954 1423 tanquam
987 1372 1114 1410 debita
1139 1372 1263 1423 pueris
1294 1385 1361 1422 pro
1382 1371 1623 1410 commodata
1649 1383 1718 1421 pe-

271 1433 386 1471 cunia
404 1433 684 1471 aestimarentur
705 1441 817 1484 atque
831 1433 921 1484 ipsis
939 1433 1224 1484 assignarentur
1238 1446 1306 1484 pro
1322 1432 1551 1484 hypotheca,
1565 1431 1719 1481 palique

269 1494 490 1545 figerentur,
509 1495 648 1545 quibus
669 1494 921 1545 designantur
940 1502 978 1532 et
996 1494 1339 1545 circumsepiuntur
1359 1495 1461 1531 bona
1475 1493 1513 1530 in
1531 1492 1719 1543 hypothe-

269 1568 354 1593 cam
374 1555 478 1601 data,
497 1569 584 1606 quae
605 1555 772 1594 vendere
792 1569 869 1593 non
890 1556 998 1598 licet;
1030 1562 1070 1593 et
1090 1556 1326 1593 Euctomene
1352 1554 1479 1592 adhuc
1500 1553 1719 1604 superstite,

267 1618 520 1656 conductores
539 1631 606 1668 per
621 1630 706 1655 eum
726 1617 829 1664 facti,
844 1617 1046 1668 vectigalia
1064 1618 1252 1655 bonorum
1270 1617 1344 1668 ipsi
1359 1616 1612 1668 perciperent.
1670 1615 1720 1653 Et

269 1691 386 1728 quarn
405 1678 566 1729 primurn
587 1678 794 1716 tribunalia
811 1678 1117 1729 complebantur,
1134 1678 1275 1716 archon
1291 1677 1446 1728 quidem
1461 1677 1566 1715 bona
1583 1675 1722 1715 Eucte-

269 1739 393 1777 monis
415 1745 458 1777 ut
471 1739 671 1777 elocabilia
689 1752 785 1778 voce
804 1740 991 1790 praeeonis
1011 1739 1343 1790 promulgabat,hi
1358 1751 1449 1776 vero
1465 1737 1719 1775 conductores

270 1813 339 1852 pro
359 1800 534 1838 mercede
551 1800 761 1851 annuaipsi
784 1813 824 1838 se
843 1800 1133 1851 profitebantur.
1181 1800 1325 1838 Verum
1344 1799 1544 1837 eveniebat
1562 1798 1719 1836 fortuito

269 1868 314 1899 ut
333 1861 461 1912 aliqui,
479 1861 544 1912 qui
561 1861 757 1899 licitationi
771 1861 859 1899 huic
879 1862 1121 1907 interessent,
1141 1861 1190 1899 ad
1210 1862 1445 1899 necessarios
1467 1860 1718 1897 Euctemonis

269 1922 344 1960 hac
365 1922 413 1960 de
438 1921 571 1960 fraude
600 1922 692 1972 ipsis
722 1929 856 1972 parata
881 1923 1169 1967 renunciarent;
1202 1923 1240 1960 hi
1259 1936 1350 1973 ergo
1372 1922 1447 1961 cito
1468 1928 1719 1960 accurrentes

270 1982 493 2021 indicabant
503 1982 698 2034 judicibus
718 1990 840 2021 totum
860 1983 1071 2033 negotium,
1087 1996 1163 2034 quo
1176 1982 1282 2021 facto
1294 1983 1449 2034 judices
1469 1983 1719 2021 elocationem

271 2045 459 2082 bonorum
475 2044 823 2095 reprehendebant:
853 2045 957 2096 quod
976 2045 1006 2083 si
1026 2045 1219 2084 occultum
1247 2044 1473 2083 necessariis
1502 2044 1719 2091 mansisset,

272 2111 354 2142 tota
384 2104 458 2143 illis
489 2105 706 2143 substantia
736 2105 909 2144 funditus
937 2106 1113 2157 perisset.
1172 2106 1261 2144 Cita
1289 2112 1420 2154 testes,
1441 2105 1505 2156 qui
1526 2105 1577 2143 rei
1598 2112 1722 2156 gestae.

273 2164 322 2203 de
341 2178 418 2216 qua
435 2164 550 2204 modo
570 2167 731 2218 exposui
751 2166 1019 2206 interfuerunt.

883 2278 1103 2318 TESTES.

325 2356 362 2393 8.
392 2353 620 2405 Priusquam
648 2366 758 2406 porro
790 2355 829 2393 hi
861 2355 1036 2395 homines
1068 2357 1302 2408 [Androcles
1335 2370 1423 2396 cum
1456 2357 1718 2407 consortibus]

272 2415 445 2454 notitiam
470 2428 558 2454 cum
585 2415 659 2454 hac
686 2417 843 2455 muliere
872 2418 1004 2468 [Alce]
1028 2418 1323 2465 contraxissent,
1343 2432 1432 2457 cum
1458 2432 1580 2471 eaque
1598 2419 1720 2458 collu-

272 2477 408 2515 dentes
440 2477 651 2528 coepissent
681 2477 792 2516 bonis
829 2478 1074 2518 Euctemonis
1107 2481 1290 2527 insidiari,
1326 2487 1404 2518 tam
1434 2480 1604 2531 locuples
1637 2487 1720 2518 erat

273 2537 487 2577 Euctemon
512 2552 588 2577 una
614 2552 702 2577 cum
725 2539 1028 2586 Philoctemone,
1048 2547 1104 2587 ut,
1134 2543 1310 2592 quamvis
1340 2541 1452 2579 ambo
1480 2554 1556 2578 una
1579 2540 1717 2579 iisdem

272 2599 503 2651 temporibus
531 2600 670 2638 muniis
704 2600 955 2652 fungerentur
987 2602 1331 2652 sumptuosissimis
1369 2615 1438 2654 pro
1466 2615 1547 2653 rep.
1578 2609 1718 2650 vestra,

272 2666 399 2697 tamen
414 2673 539 2712 neque
552 2661 600 2699 de
620 2668 721 2700 sorte
739 2662 944 2713 quicquam
960 2662 1181 2710 alienarent,
1194 2670 1233 2701 et
1252 2663 1301 2701 de
1314 2662 1564 2713 vectigalibus
1583 2663 1720 2701 annuis

273 2732 422 2772 semper
441 2722 545 2760 haud
562 2736 695 2774 parum
714 2724 807 2774 quid
833 2730 1068 2776 superesset,
1089 2724 1192 2762 unde
1211 2724 1328 2775 empti
1347 2724 1436 2762 novi
1455 2724 1564 2762 fundi
1584 2724 1633 2762 ad
1651 2737 1718 2762 ve-

273 2788 370 2820 teres
398 2783 642 2822 accederent:
673 2797 722 2823 ex
745 2798 822 2836 quo
852 2792 979 2824 autem
1004 2785 1271 2824 Philoctemon
1298 2785 1479 2832 excessit,
1504 2785 1556 2824 ita
1584 2785 1719 2824 misere

272 2842 453 2882 dilaniata
484 2851 546 2883 est
572 2846 638 2884 illa
666 2847 895 2893 substantia,
917 2853 960 2885 ut
984 2847 1095 2885 sortis
1124 2847 1292 2898 antiquae
1311 2859 1361 2885 ne
1387 2846 1545 2885 dimidia
1563 2846 1718 2898 quidem

270 2918 357 2956 pars
383 2907 559 2958 supersit,
582 2909 788 2960 vectigalia
816 2916 944 2949 autem
973 2910 1102 2949 omnia
1121 2909 1334 2961 intercepta
1353 2909 1441 2948 sint.
1499 2909 1548 2948 Et
1566 2921 1615 2947 ne
1633 2908 1716 2947 haec
