1870 3277
728 176 1035 214 EVAGORAS.
1550 175 1621 211 127

155 284 245 316 sunt
276 279 412 323 coacti,
445 284 483 316 et
513 278 643 316 Graeei
675 291 836 316 excusso
861 279 960 329 jugo
992 278 1186 315 servitutis
1218 278 1437 316 libertatem
1467 290 1623 328 recepe-

154 346 253 385 runt,
272 346 311 377 et
332 340 629 377 Atheniensium
651 352 744 390 opes
762 340 815 377 ita
831 345 1035 377 creverunt
1051 345 1092 376 ut
1106 339 1171 389 qui
1184 339 1288 390 prius
1305 339 1377 376 illis
1393 339 1624 390 imperarant

153 400 200 436 ad
223 400 329 450 ipsos
348 400 523 438 venirent
542 399 739 450 imperium
761 399 950 437 tradituri.

206 462 271 498 26.
303 462 432 504 Quare
455 462 486 498 si
518 461 602 511 quis
636 473 694 498 me
730 467 840 510 roget
867 460 964 510 quid
994 461 1092 498 inter
1123 461 1310 512 Evagorae
1340 461 1511 498 facinora
1541 474 1622 498 ma-

151 521 296 558 ximum
325 535 408 560 esse
432 522 618 570 judicem,
640 528 767 558 utrum
789 528 969 559 navatam
992 535 1148 573 operam
1181 530 1220 560 et
1250 529 1458 573 apparatus
1489 530 1624 560 contra

153 583 481 628 Lacedaemonios,
504 590 659 634 propter
679 596 767 633 quae
787 583 874 621 haec
890 596 977 633 quae
997 584 1165 621 diximus
1184 585 1289 622 facta
1311 591 1415 628 sunt,
1430 597 1478 621 an
1499 591 1622 622 extre-

151 657 254 681 mum
294 640 451 689 bellum,
492 657 540 681 an
571 645 868 695 occupationem
902 645 1026 695 regni,
1058 658 1106 683 an
1147 652 1267 683 totam
1303 658 1430 682 rerum
1464 645 1624 681 admini·

151 706 388 750 strationem,
411 706 502 756 quid
521 706 775 756 respondeam
799 719 875 743 non
899 706 968 743 sim
985 707 1188 745 habiturus
1207 720 1215 744 :
1246 720 1334 744 nam
1353 706 1519 754 singula,
1536 720 1622 756 qum

149 767 364 804 accuratius
385 779 471 803 cum
493 767 620 804 animo
643 779 728 804 meo
749 767 941 818 expendo,
958 768 1126 806 maxima
1145 774 1182 806 et
1198 767 1360 805 maxime
1383 767 1624 805 admirabilia

150 827 241 864 mihi
262 840 415 878 semper
436 828 629 865 videntur.

203 890 269 926 27.
300 890 428 932 Quare
456 890 487 926 si
505 890 570 940 qui
592 896 764 927 veterum
786 890 1114 928 immortalitatem
1129 891 1268 928 virtute
1288 890 1358 928 sibi
1375 897 1622 941 pepererunt,

111 961 114 962 ’
147 949 255 987 illum
275 950 388 989 etiarn
410 964 455 989 eo
478 964 633 989 munere
649 952 853 1002 dignatum
877 965 962 991 esse
979 965 1132 997 censeo,
1155 951 1214 990 his
1236 953 1474 1003 argumentis
1496 952 1621 990 addu-

148 1018 249 1058 ctus,
268 1013 375 1063 quod
391 1013 492 1052 hanc
513 1026 665 1064 quoque
685 1014 802 1052 vitam
823 1013 975 1052 felicius
996 1022 1035 1052 et
1056 1014 1129 1051 deo
1150 1014 1265 1065 longe
1288 1014 1484 1064 acceptius
1504 1027 1620 1064 quam

147 1073 201 1111 illi
222 1074 271 1112 ad
292 1075 438 1113 obitum
471 1089 595 1126 usque
624 1076 766 1126 exegit.
833 1075 935 1113 Nam
964 1075 1221 1114 semideorum
1256 1075 1466 1125 plerosque
1497 1083 1535 1112 et
1555 1088 1621 1113 eos

149 1135 307 1186 quidem
327 1137 595 1175 celeberrimos
616 1136 652 1173 in
671 1137 858 1175 maximas
876 1137 1019 1175 scimus
1039 1137 1219 1174 incidisse
1241 1137 1499 1182 calamitates,
1521 1135 1622 1174 Eva-

149 1211 264 1248 goras
284 1212 373 1237 vero
393 1212 471 1236 non
494 1199 849 1237 admirabilissimus
876 1205 1027 1238 tantum
1048 1199 1118 1238 sed
1142 1199 1257 1238 etiam
1278 1199 1524 1238 beatissimus
1538 1202 1619 1249 ⁸iam

147 1259 235 1297 inde
256 1261 304 1298 ab
319 1260 426 1298 initio
447 1261 673 1312 permansit.

202 1323 266 1359 28.
299 1322 398 1365 Quae
413 1322 513 1360 enim
536 1322 729 1360 felicitatis
750 1336 838 1373 pars
860 1324 893 1361 ei
915 1322 1067 1360 defuit?
1096 1323 1162 1374 qui
1181 1323 1278 1361 tales
1297 1323 1460 1374 majores
1484 1321 1620 1360 habuit

146 1382 280 1432 quales
300 1395 413 1421 nemo
434 1383 545 1430 alius,
566 1384 640 1421 nisi
669 1395 716 1422 ex
747 1383 885 1421 eadem
919 1384 1060 1421 familia
1092 1384 1295 1429 oriundus,
1319 1384 1384 1435 qui
1410 1390 1561 1421 tantum
1580 1391 1619 1421 et

146 1456 306 1495 corpore
327 1452 366 1483 et
385 1445 540 1496 ingenio
567 1445 715 1483 caeteris
738 1445 922 1496 praestitit
950 1452 995 1483 ut
1025 1458 1104 1483 non
1136 1446 1343 1484 Salaminis
1377 1452 1527 1483 tantum
1549 1445 1619 1483 sed

147 1505 263 1544 totius
283 1507 388 1544 Asiae
410 1507 551 1558 dignus
571 1513 675 1545 esset
691 1507 867 1558 imperim
900 1506 1040 1545 deinde
1056 1508 1094 1545 in
1109 1520 1228 1558 regno
1243 1506 1348 1558 quod
1364 1506 1619 1558 pulcherrime

146 1575 348 1618 paraverat
365 1569 482 1607 vitam
505 1570 650 1620 exegit,
671 1575 710 1607 et
729 1582 848 1619 quum
879 1568 1051 1606 mortalis
1080 1576 1185 1607 esset
1214 1575 1329 1606 natus
1363 1567 1617 1606 immortalem

145 1629 308 1667 nominis
325 1630 383 1668 sui
402 1631 626 1669 memoriam
647 1630 817 1681 reliquit,
832 1636 869 1669 et
883 1643 929 1668 eo
946 1643 1067 1681 usque
1082 1630 1189 1675 vixit,
1204 1636 1245 1668 ut
1259 1643 1384 1680 neque
1405 1629 1617 1668 senectutis

145 1698 250 1730 esset
269 1705 404 1744 expers
426 1706 554 1744 neque
575 1692 717 1730 morbis
740 1691 805 1743 qui
830 1691 931 1730 hanc
952 1697 1106 1730 aetatem
1127 1690 1301 1729 comitari
1321 1690 1448 1728 solent
1466 1703 1616 1741 preme-

145 1761 247 1792 retur
262 1766 271 1797 ;
294 1760 494 1805 praeterea,
508 1754 614 1805 quod
631 1753 863 1792 rarissimum
878 1760 916 1792 et
932 1753 1196 1791 difficillimum
1210 1752 1389 1797 habetur,
1405 1757 1448 1789 ut
1462 1751 1561 1788 idem
1579 1758 1619 1790 et

145 1815 286 1854 multos
306 1822 346 1853 et
370 1815 503 1854 felices
533 1816 677 1855 liberos
707 1815 907 1867 suscipiat,
940 1828 988 1853 ne
1015 1814 1056 1852 id
1079 1814 1237 1865 quidem
1272 1812 1307 1851 ei
1339 1812 1476 1859 defuit,
1495 1812 1564 1850 sed
1580 1818 1619 1850 et

143 1877 270 1928 ipsum
300 1877 487 1928 contigit3
517 1884 569 1924 et,
589 1877 693 1928 qnod
716 1876 921 1915 maximum
942 1882 1014 1922 est,
1037 1876 1232 1914 neminem
1261 1887 1281 1912 e
1302 1887 1344 1912 se
1365 1881 1498 1912 natum
1529 1874 1615 1911 reli-

143 1939 225 1990 quit
250 1939 314 1990 qui
330 1938 489 1989 plebeiis
519 1939 738 1977 nominibus
768 1939 973 1983 salutetur,
997 1937 1065 1975 sed
1092 1937 1209 1975 alium
1231 1949 1377 1986 regem,
1397 1936 1491 1974 alios
1512 1935 1616 1986 prin-

144 2001 264 2052 cipes,
295 2001 389 2038 alias
422 2001 636 2052 principum
669 2013 818 2038 uxores.
889 2001 1032 2044 Quare,
1065 1998 1096 2036 si
1123 1998 1188 2049 qui
1213 2004 1386 2036 veterum
1414 2003 1616 2048 poetarum

145 2063 454 2113 magnificentius
476 2062 595 2101 locuti
613 2063 729 2100 deum
749 2062 917 2112 aliquem
935 2074 1019 2098 esse
1036 2061 1133 2098 inter
1158 2059 1334 2097 homines
1354 2059 1535 2097 dixerunt
1549 2063 1619 2096 aut

145 2137 289 2162 numen
317 2123 492 2170 mortale,
514 2138 560 2162 ea
584 2125 763 2163 universa
782 2123 831 2161 de
853 2123 954 2160 illius
977 2128 1115 2160 natura
1134 2129 1173 2159 et
1199 2121 1354 2172 ingenio
1382 2119 1617 2159 convenien-

146 2186 290 2224 tissime
305 2186 538 2224 dicerentur.

196 2250 262 2286 29.
293 2249 351 2286 Ac
371 2248 490 2285 multa
511 2246 667 2298 quidem
693 2261 753 2286 nie
774 2260 863 2298 quae
893 2246 1059 2285 dicenda
1085 2254 1215 2284 essent
1244 2245 1291 2284 de
1313 2246 1492 2295 Evagora
1515 2257 1613 2294 prze-

142 2311 351 2351 termisisse
378 2311 563 2354 arbitror;
594 2311 773 2348 desidero
799 2310 900 2348 enim
920 2310 1094 2360 vigorem
1114 2309 1254 2353 aetatis,
1275 2308 1383 2359 cujus
1406 2320 1478 2356 ope
1498 2318 1614 2343 accu-

141 2374 261 2412 ratius
294 2381 333 2411 et
361 2372 573 2411 studiosius
606 2372 872 2410 laudationem
905 2371 1007 2409 hanc
1039 2369 1315 2421 perfecissem:
1347 2374 1615 2405 verumtamen

143 2436 257 2474 etiam
279 2447 394 2479 nunc,
411 2441 596 2484 quantum
614 2434 650 2471 in
666 2434 760 2472 meis
781 2434 923 2471 viribus
941 2433 1025 2478 fuit,
1044 2444 1121 2469 non
1143 2430 1266 2468 defuit
1286 2430 1319 2468 ei
1340 2428 1528 2466 laudatio.

199 2499 262 2537 30.
292 2496 379 2547 Ego
395 2508 499 2541 ver0,
515 2495 710 2540 Nicocles,
728 2495 864 2546 pulcra
880 2501 1130 2532 monumenta
1145 2505 1231 2530 esse
1252 2498 1380 2529 statuo
1395 2490 1511 2527 etiam
1531 2501 1616 2526 cor-

142 2571 278 2611 porum
300 2557 503 2608 imagineS,
525 2557 594 2595 sed
617 2557 730 2607 longe
751 2556 905 2608 majoris
921 2555 1031 2607 pretii
1046 2567 1129 2592 esse
1144 2560 1235 2603 puto
1253 2551 1459 2590 simulacra
1475 2550 1616 2588 mentis

144 2631 182 2660 et
198 2621 408 2666 actionum,
429 2633 517 2671 quae
534 2620 572 2657 in
594 2619 810 2658 artificiosis
832 2615 1282 2656 duntaxatorationibus
1308 2612 1614 2664 conspiciuntur.

146 2685 253 2726 Quas
282 2696 355 2734 ego
374 2682 462 2720 ideo
480 2682 630 2720 caeteris
660 2682 775 2720 rebus
797 2687 1005 2731 antepono,
1027 2687 1107 2716 tum
1135 2676 1239 2727 quod
1260 2682 1491 2727 praestantes
1513 2675 1614 2712 viros

145 2745 410 2784 animadverto
442 2757 517 2782 non
553 2751 632 2782 tam
668 2743 791 2781 forma
828 2741 1002 2792 corporis
1042 2737 1257 2789 superbire,
1289 2750 1407 2788 quam
1446 2736 1618 2774 facinora

145 2806 390 2857 nominisque
425 2806 646 2844 memoriam
685 2804 756 2843 sibi
790 2803 896 2841 laudi
929 2803 1096 2843 ducere;
1132 2805 1213 2837 tum
1241 2799 1331 2850 quia
1362 2810 1523 2836 necesse
1555 2803 1615 2834 est

144 2880 347 2918 expressas
381 2879 586 2918 corporum
624 2866 767 2904 formas
800 2863 904 2915 apud
936 2876 1003 2900 eos
1038 2861 1228 2899 duntaxat
1259 2873 1344 2898 esse
1379 2859 1481 2910 apud
1515 2870 1613 2908 quos

145 2927 279 2979 positoe
310 2927 464 2971 fuerint,
495 2928 689 2967 orationes
716 2934 843 2965 autem
877 2925 913 2962 in
944 2922 1098 2961 Graecia
1123 2922 1271 2973 vulgari
1302 2927 1476 2972 possunt,
1507 2926 1545 2957 et
1575 2919 1612 2955 in
