1870 3277
492 200 589 268 (DE
620 199 826 237 PYRRHI
858 198 1218 237 HEREDITATE.
1513 197 1587 233 329

775 344 958 382 LEGES.

144 421 354 460 videturne
379 423 460 474 jam
488 424 594 461 vobis
628 423 879 467 Nicodenms,
908 421 972 458 ille
1000 421 1064 470 qui
1094 428 1257 458 testatus
1285 421 1333 458 sit
1359 434 1379 458 a
1411 435 1450 459 se
1478 435 1584 460 soro-

142 496 220 519 rem
248 483 393 534 Pyrrho
425 485 593 535 legitime
621 484 852 535 desponsam
880 496 978 527 esse,
1011 483 1115 520 fratri
1143 490 1274 520 nostro
1303 497 1468 533 unquam
1497 498 1582 535 per-

142 544 326 582 missurus
355 545 468 583 fuisse
495 552 537 583 ut
562 558 691 583 eorum
719 558 806 595 quae
832 545 949 582 frater
971 545 1041 582 hac
1069 544 1104 581 in
1132 557 1251 582 causa
1276 545 1354 595 egit
1380 546 1580 595 quicquam

143 606 295 655 ageret?
324 620 450 644 annon
469 606 595 658 potius
613 606 738 643 Endio
757 605 1008 643 hereditatem
1027 606 1187 656 petenti,
1207 619 1293 655 quae
1314 606 1425 643 etiam
1446 605 1498 642 illi
1516 606 1584 643 ad-

133 665 309 715 judicata
329 668 411 711 fuit,
427 680 510 705 sese
525 667 781 718 opposuisset,
797 676 910 717 atque
926 667 1206 704 intercessisset
1217 681 1284 718 pro
1300 667 1435 705 sua'ex
1456 681 1584 705 sorore

141 735 253 778 nepte
273 728 536 767 obnuntiando
557 728 622 780 jus
643 728 767 766 Endio
788 729 935 765 nullum
956 740 1044 765 esse
1072 727 1323 765 hereditatem
1344 728 1500 779 petendi
1519 742 1580 766 su-

141 789 298 838 perstite
317 789 394 827 filia
411 789 584 839 legitima
601 790 663 828 cui
689 790 758 827 soli
782 791 883 827 bona
901 796 1061 839 paterna
1079 789 1313 827 debeantur?
1346 791 1434 831 Quo
1455 796 1583 828 autem

140 850 234 888 certi
254 851 349 896 sitis,
372 849 555 896 Endium,
581 851 734 889 fratrem
762 857 948 896 nostrum,
970 850 1224 888 hereditatem
1246 850 1380 900 Pyrrhi
1407 851 1465 888 via
1486 851 1582 901 juris

140 912 305 950 ambisse
325 912 472 963 sibique
496 912 664 963 legitime
690 913 905 965 adjudicari
933 925 1102 958 curasse,
1134 912 1283 950 nemine
1311 913 1383 964 ipsi
1410 926 1456 951 ea
1475 913 1522 951 de
1542 926 1582 951 re

138 974 434 1012 controversiam
453 974 695 1021 obmovente‚
716 974 834 1013 recita
851 982 891 1012 tu
911 973 984 1012 hoc
1003 973 1278 1012 testimonium.

660 1076 1066 1125 TESTIMONIUM.

142 1153 378 1193 Nicodemus
413 1155 555 1206 itaque,
590 1155 629 1193 id
666 1154 771 1206 quod
807 1167 857 1192 ex
893 1155 966 1192 hoc
1003 1155 1222 1193 testimonio
1258 1161 1425 1200 constat,
1460 1154 1583 1192 Endio

139 1215 390 1254 hereditatem
410 1229 457 1254 ex
476 1216 641 1254 formula
662 1216 760 1268 juris
781 1217 1012 1267 postulante,
1038 1230 1116 1254 non
1137 1230 1253 1254 ausus
1275 1224 1332 1254 est
1349 1216 1583 1253 intercedere

139 1289 264 1326 neque
294 1277 590 1316 controversiam
621 1276 842 1314 hereditatis
876 1289 1129 1322 commovere,
1164 1290 1291 1327 neque
1325 1276 1583 1314 testimonium

138 1336 380 1389 interponere
411 1352 523 1376 suum
553 1339 600 1376 de
625 1339 713 1389 jure
741 1337 847 1375 nullo
878 1338 1089 1388 postulanti
1117 1345 1371 1388 competente,
1401 1339 1582 1388 quoniam

139 1399 216 1436 filia
236 1399 404 1450 legitime
433 1406 612 1450 suscepta
631 1400 796 1451 supersit
821 1412 844 1437 a
863 1399 1010 1450 Pyrrho
1031 1406 1140 1450 patre
1167 1399 1248 1437 sola
1265 1400 1453 1437 bonorum
1473 1400 1583 1437 heres

140 1460 285 1498 relicta.

185 1524 223 1559 8.
246 1522 295 1559 Et
303 1521 351 1560 de
361 1522 646 1573 adjudicatione
656 1522 809 1573 quidem
818 1522 1040 1561 hereditatis
1051 1523 1315 1573 possitaliquis
1328 1536 1407 1569 VOS,
1417 1523 1584 1574 judiceS,

139 1582 407 1621 commentitiis
435 1584 744 1622 excusationibus
770 1583 977 1622 ludificari:
1015 1583 1248 1621 Nicodemus
1276 1585 1375 1621 enim
1404 1583 1463 1621 vel
1489 1597 1582 1621 cau-

140 1651 246 1682 satus
266 1644 379 1682 fuerit
396 1645 645 1683 hereditatem
667 1644 765 1682 hanc
783 1644 852 1682 sibi
869 1657 890 1682 a
905 1644 1012 1682 nobis
1028 1652 1108 1682 tum
1129 1652 1337 1695 surreptam
1358 1658 1444 1682 esse
1463 1646 1585 1683 inscio

140 1712 180 1743 et
206 1718 330 1744 rerum
359 1719 445 1756 quae
473 1714 554 1744 tum
589 1714 792 1756 agerentur
823 1706 971 1756 ignaro,
986 1706 1044 1743 vel
1076 1719 1146 1744 nos
1175 1705 1363 1744 mendacii
1389 1706 1586 1744 incusarit.

138 1767 281 1805 Verum
300 1768 599 1806 transmittamus
627 1768 731 1804 hunc
755 1768 881 1806 locum
908 1768 1078 1814 tacitum,
1098 1769 1276 1819 quoniam
1297 1768 1389 1806 satis
1410 1768 1491 1819 jam
1511 1767 1585 1807 hac

140 1828 188 1866 de
208 1842 248 1867 re
269 1829 502 1880 disputatum
526 1829 688 1867 videtur.
747 1830 909 1868 Xenocli
938 1837 1067 1867 autem
1093 1843 1181 1868 cum
1202 1829 1348 1867 Endius
1373 1829 1487 1867 filiam
1509 1837 1586 1867 tuae

141 1890 282 1928 sororis
309 1892 348 1928 in
375 1905 507 1929 manus
536 1892 658 1936 daret,
687 1892 876 1930 fuissesne
901 1899 940 1929 tu
965 1904 1146 1942 unquam,
1173 1891 1400 1934 Nicodeme,
1427 1892 1584 1941 permis-

142 1965 269 1999 surus,
303 1960 346 1990 ut
377 1966 423 1991 ea
455 1966 522 2003 pro
557 1954 685 2004 spuria
714 1968 735 1992 e
768 1953 965 1992 meretrice
998 1960 1178 2004 suscepta
1208 1954 1344 1990 marito
1375 1953 1414 1990 in
1447 1965 1582 1990 manus

142 2013 309 2058 daretur,
343 2027 430 2065 quae
463 2014 603 2052 fuisset
633 2028 679 2052 ex
710 2027 827 2053 uxore
857 2021 948 2052 nata
979 2013 1127 2064 Pyrrho
1154 2013 1324 2063 legitime
1355 2014 1423 2050 abs
1452 2020 1489 2051 te
1516 2012 1582 2050 de-

139 2074 306 2124 sponsa?
347 2075 489 2112 Annon
518 2076 644 2125 potius
672 2075 820 2112 actione
848 2073 1195 2112 intronuntiationis
1227 2073 1366 2111 fuisses
1396 2086 1504 2118 usus,
1535 2073 1582 2111 ad

139 2137 373 2175 Archontem
401 2136 654 2182 denuncians,
682 2136 894 2184 mulierem,
923 2135 1034 2186 cujus
1068 2136 1106 2173 in
1132 2137 1216 2185 jure
1247 2142 1362 2185 atque
1393 2140 1586 2186 potestate

141 2198 191 2236 sit
208 2198 400 2236 hereditas
420 2199 454 2236 ei
475 2211 496 2235 a
517 2205 624 2249 patre
645 2198 790 2243 relicta,
808 2211 830 2235 a
849 2197 925 2235 filio
945 2197 1128 2248 adoptato
1147 2195 1419 2234 contumeliose
1439 2196 1585 2241 haberi,

139 2260 206 2310 qui
224 2273 308 2299 eam
326 2260 537 2299 hereditate
563 2268 722 2311 paterna
747 2261 862 2311 plane
890 2259 1128 2298 denudatum
1149 2259 1236 2297 eat?
1264 2258 1476 2310 praesertim
1496 2272 1585 2297 cum

140 2322 333 2360 actionum
355 2322 524 2359 omnium
548 2321 755 2359 forensium
781 2321 854 2359 hoc
877 2334 996 2358 unum
1024 2333 1145 2372 genus
1170 2320 1295 2358 solum
1321 2319 1371 2356 sit
1395 2319 1433 2357 id
1453 2320 1489 2356 in
1508 2332 1583 2369 quo

141 2389 289 2421 actores
304 2382 506 2421 discrimen
521 2383 650 2421 damni
670 2382 881 2434 accipiendi
901 2382 1045 2420 nullum
1062 2382 1216 2426 adeant,
1232 2388 1271 2419 et
1285 2381 1427 2419 volenti
1447 2381 1583 2429 cuique

139 2444 255 2482 liceat
272 2444 422 2482 filiabus
442 2456 676 2488 succurrere,
703 2444 734 2481 si
754 2456 839 2494 quae
859 2443 940 2481 sine
960 2443 1140 2481 fratribus
1165 2455 1252 2480 cum
1280 2440 1506 2492 patrimonio
1525 2453 1584 2477 re-

139 2505 241 2544 lictae
261 2505 424 2543 suerint?
466 2506 568 2543 Nam
595 2519 720 2556 neque
748 2505 902 2543 mulctae
929 2505 1080 2542 luendae
1100 2505 1209 2541 locus
1230 2510 1290 2541 est
1309 2503 1344 2539 in
1365 2502 1584 2553 hujusmodi

142 2565 191 2604 ad
211 2566 430 2605 archontem
453 2566 822 2611 denuntiationibus,
851 2580 900 2604 ne
927 2566 958 2604 si
984 2566 1138 2616 quidem
1160 2577 1315 2614 prorsus
1335 2563 1483 2600 nullum
1505 2563 1586 2600 suf-

143 2628 303 2678 fragium
324 2628 610 2666 denuntiatores
631 2628 867 2673 abstulerint,
893 2641 1016 2677 neque
1044 2626 1223 2677 sportulae
1243 2625 1442 2662 solvuntur
1462 2638 1584 2675 neque

144 2696 422 2727 sacramentum
452 2689 673 2740 deponitur;
711 2689 778 2727 sed
805 2689 922 2727 actori
944 2688 1112 2738 quidem,
1137 2686 1352 2736 quicunque
1377 2698 1464 2724 esse
1492 2686 1587 2733 vult,

146 2750 227 2787 sine
254 2750 332 2788 ullo
359 2750 529 2801 periculo
558 2750 810 2788 denuntiandi
842 2756 1011 2800 potestas
1050 2756 1122 2792 est,
1157 2760 1240 2784 reos
1279 2747 1586 2787 autem.conde-

145 2816 294 2848 mnatos
318 2818 497 2849 extremae
519 2818 675 2850 manent
704 2824 829 2862 poenae
861 2811 898 2847 in
928 2807 1149 2858 hujusmodi
1180 2808 1308 2846 causis
1340 2808 1584 2859 praescriptae.

147 2872 229 2891 *Μ’
260 2871 361 2909 Vera
387 2871 417 2909 si
449 2872 610 2910 fuissent
636 2873 721 2918 ista,
746 2886 832 2922 quae
862 2879 898 2908 tu
928 2884 1029 2908 nune
1056 2883 1173 2908 ausus
1203 2883 1242 2907 es
1273 2883 1339 2920 pro
1369 2870 1585 2908 testimonio

147 2933 346 2975 affirmare,
379 2938 504 2969 utrum
539 2940 579 2969 tu
619 2940 710 2970 tunc
751 2933 893 2973 statim,
930 2939 1080 2968 recente
1114 2930 1240 2968 adhuc
1273 2930 1420 2980 injuria,
1454 2936 1584 2967 aucto-

831 2994 851 3015 .)
878 3006 898 3027 ι

834 3020 850 3027 ⁴(
