<?xml version="1.0" encoding="UTF-8"?>
<!DOCTYPE html PUBLIC "-//W3C//DTD XHTML 1.0 Transitional//EN"
    "http://www.w3.org/TR/xhtml1/DTD/xhtml1-transitional.dtd">
<html xmlns="http://www.w3.org/1999/xhtml" xml:lang="en" lang="en">
 <head>
  <title>
</title>
<meta http-equiv="Content-Type" content="text/html;charset=utf-8" />
  <meta name='ocr-system' content='tesseract 3.04.00' />
  <meta name='ocr-capabilities' content='ocr_page ocr_carea ocr_par ocr_line ocrx_word'/>
</head>
<body>
  <div class='ocr_page' id='page_1' title='image "./oratoresatticie14dobs_0021.png"; bbox 0 0 1870 3277; ppageno 0'>
   <div class='ocr_carea' id='block_1_1' title="bbox 686 194 1620 239">
    <p class='ocr_par' dir='ltr' id='par_1_1' title="bbox 686 194 1620 239">
     <span class='ocr_line' id='line_1_1' title="bbox 686 194 1620 239; baseline -0.005 -4"><span class='ocrx_word' id='word_1_1' title='bbox 686 198 758 235; x_wconf 89' lang='lat' dir='ltr'><strong>AD</strong></span> <span class='ocrx_word' id='word_1_2' title='bbox 792 196 1094 239; x_wconf 64' lang='lat' dir='ltr'><strong>NICOCLEivL</strong></span> <span class='ocrx_word' id='word_1_3' title='bbox 1596 194 1620 230; x_wconf 73' lang='lat'><strong>9</strong></span> 
     </span>
    </p>
   </div>
   <div class='ocr_carea' id='block_1_2' title="bbox 162 290 1640 3003">
    <p class='ocr_par' dir='ltr' id='par_1_2' title="bbox 162 290 1640 3003">
     <span class='ocr_line' id='line_1_2' title="bbox 164 290 1616 346; baseline -0.003 -12"><span class='ocrx_word' id='word_1_4' title='bbox 164 302 222 334; x_wconf 83' lang='lat' dir='ltr'><strong>est</strong></span> <span class='ocrx_word' id='word_1_5' title='bbox 250 296 450 334; x_wconf 82' lang='lat' dir='ltr'><strong>consulere</strong></span> <span class='ocrx_word' id='word_1_6' title='bbox 479 296 542 345; x_wconf 88' lang='lat' dir='ltr'><strong>qui</strong></span> <span class='ocrx_word' id='word_1_7' title='bbox 569 295 635 333; x_wconf 90' lang='lat' dir='ltr'><strong>tibi</strong></span> <span class='ocrx_word' id='word_1_8' title='bbox 667 308 818 346; x_wconf 87' lang='lat' dir='ltr'><strong>semper</strong></span> <span class='ocrx_word' id='word_1_9' title='bbox 846 296 1010 332; x_wconf 84' lang='lat' dir='ltr'>adsunt:</span> <span class='ocrx_word' id='word_1_10' title='bbox 1047 294 1173 343; x_wconf 31' lang='lat' dir='ltr'><strong>omhnia</strong></span> <span class='ocrx_word' id='word_1_11' title='bbox 1201 300 1325 330; x_wconf 87' lang='lat' dir='ltr'><strong>autem</strong></span> <span class='ocrx_word' id='word_1_12' title='bbox 1356 290 1496 340; x_wconf 84' lang='lat' dir='ltr'><strong>studia,</strong></span> <span class='ocrx_word' id='word_1_13' title='bbox 1529 306 1616 344; x_wconf 85' lang='lat' dir='ltr'><strong>quae</strong></span> 
     </span>
     <span class='ocr_line' id='line_1_3' title="bbox 166 353 1617 406; baseline -0.003 -12"><span class='ocrx_word' id='word_1_14' title='bbox 166 364 350 406; x_wconf 85' lang='lat' dir='ltr'><strong>tanquam</strong></span> <span class='ocrx_word' id='word_1_15' title='bbox 384 365 485 394; x_wconf 88' lang='lat' dir='ltr'><strong>meta</strong></span> <span class='ocrx_word' id='word_1_16' title='bbox 526 357 591 393; x_wconf 91' lang='lat' dir='ltr'><strong>tibi</strong></span> <span class='ocrx_word' id='word_1_17' title='bbox 628 356 823 406; x_wconf 89' lang='lat' dir='ltr'><strong>proposita</strong></span> <span class='ocrx_word' id='word_1_18' title='bbox 860 369 946 393; x_wconf 90' lang='lat' dir='ltr'><strong>esse</strong></span> <span class='ocrx_word' id='word_1_19' title='bbox 980 355 1149 392; x_wconf 85' lang='lat' dir='ltr'><strong>debeant</strong></span> <span class='ocrx_word' id='word_1_20' title='bbox 1189 360 1226 390; x_wconf 89' lang='lat' dir='ltr'><strong>et</strong></span> <span class='ocrx_word' id='word_1_21' title='bbox 1259 353 1398 402; x_wconf 91' lang='lat' dir='ltr'><strong>quibus</strong></span> <span class='ocrx_word' id='word_1_22' title='bbox 1433 354 1470 390; x_wconf 89' lang='lat' dir='ltr'><strong>in</strong></span> <span class='ocrx_word' id='word_1_23' title='bbox 1505 355 1617 391; x_wconf 86' lang='lat' dir='ltr'><strong>rebus</strong></span> 
     </span>
     <span class='ocr_line' id='line_1_4' title="bbox 164 414 1618 467; baseline -0.002 -13"><span class='ocrx_word' id='word_1_24' title='bbox 164 417 392 455; x_wconf 88' lang='lat' dir='ltr'><strong>versandum</strong></span> <span class='ocrx_word' id='word_1_25' title='bbox 424 417 484 461; x_wconf 89' lang='lat' dir='ltr'><strong>sit,</strong></span> <span class='ocrx_word' id='word_1_26' title='bbox 513 429 585 467; x_wconf 84' lang='lat' dir='ltr'><strong>ego</strong></span> <span class='ocrx_word' id='word_1_27' title='bbox 617 429 817 453; x_wconf 85' lang='lat' dir='ltr'><strong>recensere</strong></span> <span class='ocrx_word' id='word_1_28' title='bbox 843 417 1025 453; x_wconf 90' lang='lat' dir='ltr'><strong>conabor.</strong></span> <span class='ocrx_word' id='word_1_29' title='bbox 1083 414 1224 451; x_wconf 82' lang='lat' dir='ltr'>Utrum</span> <span class='ocrx_word' id='word_1_30' title='bbox 1254 427 1343 450; x_wconf 90' lang='lat' dir='ltr'><strong>vero</strong></span> <span class='ocrx_word' id='word_1_31' title='bbox 1372 414 1514 451; x_wconf 88' lang='lat' dir='ltr'><strong>donum</strong></span> <span class='ocrx_word' id='word_1_32' title='bbox 1545 414 1618 451; x_wconf 85' lang='lat' dir='ltr'><strong>hoc</strong></span> 
     </span>
     <span class='ocr_line' id='line_1_5' title="bbox 164 474 1618 527; baseline -0.003 -12"><span class='ocrx_word' id='word_1_33' title='bbox 164 478 379 527; x_wconf 88' lang='lat' dir='ltr'><strong>argumenti</strong></span> <span class='ocrx_word' id='word_1_34' title='bbox 408 477 599 527; x_wconf 82' lang='lat' dir='ltr'><strong>dignitati,</strong></span> <span class='ocrx_word' id='word_1_35' title='bbox 628 489 745 526; x_wconf 91' lang='lat' dir='ltr'><strong>quum</strong></span> <span class='ocrx_word' id='word_1_36' title='bbox 774 477 990 514; x_wconf 86' lang='lat' dir='ltr'><strong>absolutum</strong></span> <span class='ocrx_word' id='word_1_37' title='bbox 1021 475 1148 520; x_wconf 87' lang='lat' dir='ltr'><strong>fuerit,</strong></span> <span class='ocrx_word' id='word_1_38' title='bbox 1177 474 1227 512; x_wconf 90' lang='lat' dir='ltr'><strong>sit</strong></span> <span class='ocrx_word' id='word_1_39' title='bbox 1254 487 1541 524; x_wconf 86' lang='lat' dir='ltr'><strong>responsurum,</strong></span> <span class='ocrx_word' id='word_1_40' title='bbox 1571 476 1618 512; x_wconf 91' lang='lat' dir='ltr'><strong>ab</strong></span> 
     </span>
     <span class='ocr_line' id='line_1_6' title="bbox 163 535 1620 588; baseline -0.002 -14"><span class='ocrx_word' id='word_1_41' title='bbox 163 538 269 576; x_wconf 83' lang='lat' dir='ltr'><strong>initio</strong></span> <span class='ocrx_word' id='word_1_42' title='bbox 299 539 412 576; x_wconf 89' lang='lat' dir='ltr'><strong>facile</strong></span> <span class='ocrx_word' id='word_1_43' title='bbox 437 537 598 588; x_wconf 82' lang='lat' dir='ltr'><strong>perspici</strong></span> <span class='ocrx_word' id='word_1_44' title='bbox 628 551 703 574; x_wconf 91' lang='lat' dir='ltr'><strong>non</strong></span> <span class='ocrx_word' id='word_1_45' title='bbox 731 545 878 588; x_wconf 89' lang='lat' dir='ltr'><strong>potest:</strong></span> <span class='ocrx_word' id='word_1_46' title='bbox 911 537 1034 573; x_wconf 89' lang='lat' dir='ltr'><strong>multa</strong></span> <span class='ocrx_word' id='word_1_47' title='bbox 1053 535 1153 573; x_wconf 87' lang='lat' dir='ltr'><strong>enim</strong></span> <span class='ocrx_word' id='word_1_48' title='bbox 1183 541 1220 572; x_wconf 90' lang='lat' dir='ltr'><strong>et</strong></span> <span class='ocrx_word' id='word_1_49' title='bbox 1250 535 1416 572; x_wconf 78' lang='lat' dir='ltr'><strong>numeris</strong></span> <span class='ocrx_word' id='word_1_50' title='bbox 1441 535 1620 572; x_wconf 90' lang='lat' dir='ltr'><strong>devincta</strong></span> 
     </span>
     <span class='ocr_line' id='line_1_7' title="bbox 163 595 1621 648; baseline -0.003 -12"><span class='ocrx_word' id='word_1_51' title='bbox 163 606 344 648; x_wconf 79' lang='lat' dir='ltr'><strong>poemata</strong></span> <span class='ocrx_word' id='word_1_52' title='bbox 363 605 402 636; x_wconf 89' lang='lat' dir='ltr'><strong>et</strong></span> <span class='ocrx_word' id='word_1_53' title='bbox 421 597 546 636; x_wconf 87' lang='lat' dir='ltr'><strong>soluta</strong></span> <span class='ocrx_word' id='word_1_54' title='bbox 565 599 737 636; x_wconf 87' lang='lat' dir='ltr'><strong>oratione</strong></span> <span class='ocrx_word' id='word_1_55' title='bbox 758 597 966 648; x_wconf 82' lang='lat' dir='ltr'><strong>conscripti</strong></span> <span class='ocrx_word' id='word_1_56' title='bbox 984 596 1081 642; x_wconf 83' lang='lat' dir='ltr'>libri,</span> <span class='ocrx_word' id='word_1_57' title='bbox 1102 596 1192 633; x_wconf 92' lang='lat' dir='ltr'><strong>dum</strong></span> <span class='ocrx_word' id='word_1_58' title='bbox 1215 596 1342 632; x_wconf 88' lang='lat' dir='ltr'><strong>adhuc</strong></span> <span class='ocrx_word' id='word_1_59' title='bbox 1370 595 1407 632; x_wconf 90' lang='lat' dir='ltr'><strong>in</strong></span> <span class='ocrx_word' id='word_1_60' title='bbox 1427 595 1621 632; x_wconf 90' lang='lat' dir='ltr'><strong>mentibus</strong></span> 
     </span>
     <span class='ocr_line' id='line_1_8' title="bbox 165 656 1621 708; baseline -0.003 -12"><span class='ocrx_word' id='word_1_61' title='bbox 165 667 362 697; x_wconf 88' lang='lat' dir='ltr'><strong>auctorum</strong></span> <span class='ocrx_word' id='word_1_62' title='bbox 380 659 527 696; x_wconf 89' lang='lat' dir='ltr'><strong>inclusa</strong></span> <span class='ocrx_word' id='word_1_63' title='bbox 541 665 774 703; x_wconf 88' lang='lat' dir='ltr'><strong>tenerentur,</strong></span> <span class='ocrx_word' id='word_1_64' title='bbox 791 671 950 708; x_wconf 79' lang='lat' dir='ltr'><strong>magnas</strong></span> <span class='ocrx_word' id='word_1_65' title='bbox 966 657 1023 695; x_wconf 92' lang='lat' dir='ltr'><strong>sui</strong></span> <span class='ocrx_word' id='word_1_66' title='bbox 1042 656 1349 707; x_wconf 81' lang='lat' dir='ltr'><strong>exspectationes</strong></span> <span class='ocrx_word' id='word_1_67' title='bbox 1362 657 1621 699; x_wconf 84' lang='lat' dir='ltr'><strong>concitarunt,</strong></span> 
     </span>
     <span class='ocr_line' id='line_1_9' title="bbox 165 712 1619 769; baseline -0.003 -13"><span class='ocrx_word' id='word_1_68' title='bbox 165 720 234 756; x_wconf 89' lang='lat' dir='ltr'><strong>sed</strong></span> <span class='ocrx_word' id='word_1_69' title='bbox 261 719 432 769; x_wconf 85' lang='lat' dir='ltr'><strong>perfecta</strong></span> <span class='ocrx_word' id='word_1_70' title='bbox 465 719 620 756; x_wconf 90' lang='lat' dir='ltr'><strong>tandem</strong></span> <span class='ocrx_word' id='word_1_71' title='bbox 651 725 690 756; x_wconf 88' lang='lat' dir='ltr'><strong>et</strong></span> <span class='ocrx_word' id='word_1_72' title='bbox 717 720 799 756; x_wconf 89' lang='lat' dir='ltr'><strong>aliis</strong></span> <span class='ocrx_word' id='word_1_73' title='bbox 831 725 988 755; x_wconf 89' lang='lat' dir='ltr'><strong>ostensa</strong></span> <span class='ocrx_word' id='word_1_74' title='bbox 1018 717 1133 766; x_wconf 85' lang='lat' dir='ltr'><strong>longe</strong></span> <span class='ocrx_word' id='word_1_75' title='bbox 1162 712 1375 753; x_wconf 86' lang='lat' dir='ltr'><strong>tenuiorem</strong></span> <span class='ocrx_word' id='word_1_76' title='bbox 1405 727 1519 764; x_wconf 89' lang='lat' dir='ltr'><strong>quam</strong></span> <span class='ocrx_word' id='word_1_77' title='bbox 1553 727 1619 764; x_wconf 91' lang='lat' dir='ltr'><strong>pro</strong></span> 
     </span>
     <span class='ocr_line' id='line_1_10' title="bbox 162 775 1619 829; baseline -0.004 -12"><span class='ocrx_word' id='word_1_78' title='bbox 162 787 352 829; x_wconf 85' lang='lat' dir='ltr'><strong>concepta</strong></span> <span class='ocrx_word' id='word_1_79' title='bbox 381 792 448 829; x_wconf 86' lang='lat' dir='ltr'><strong>spe</strong></span> <span class='ocrx_word' id='word_1_80' title='bbox 479 779 639 829; x_wconf 76' lang='lat' dir='ltr'><strong>gloriam</strong></span> <span class='ocrx_word' id='word_1_81' title='bbox 669 785 877 817; x_wconf 87' lang='lat' dir='ltr'><strong>consecuta</strong></span> <span class='ocrx_word' id='word_1_82' title='bbox 906 784 1007 815; x_wconf 90' lang='lat' dir='ltr'><strong>sunt.</strong></span> <span class='ocrx_word' id='word_1_83' title='bbox 1076 776 1152 814; x_wconf 88' lang='lat' dir='ltr'><strong>Sed</strong></span> <span class='ocrx_word' id='word_1_84' title='bbox 1185 782 1314 813; x_wconf 86' lang='lat' dir='ltr'><strong>tamen</strong></span> <span class='ocrx_word' id='word_1_85' title='bbox 1344 780 1508 812; x_wconf 91' lang='lat' dir='ltr'><strong>conatus</strong></span> <span class='ocrx_word' id='word_1_86' title='bbox 1537 775 1619 825; x_wconf 84' lang='lat' dir='ltr'><strong>ipse</strong></span> 
     </span>
     <span class='ocr_line' id='line_1_11' title="bbox 162 835 1619 891; baseline -0.005 -14"><span class='ocrx_word' id='word_1_87' title='bbox 162 840 369 891; x_wconf 82' lang='lat' dir='ltr'><strong>praeclarus</strong></span> <span class='ocrx_word' id='word_1_88' title='bbox 389 846 462 884; x_wconf 84' lang='lat' dir='ltr'><strong>est,</strong></span> <span class='ocrx_word' id='word_1_89' title='bbox 480 841 528 877; x_wconf 85' lang='lat' dir='ltr'><strong>ab</strong></span> <span class='ocrx_word' id='word_1_90' title='bbox 544 840 628 877; x_wconf 89' lang='lat' dir='ltr'><strong>aliis</strong></span> <span class='ocrx_word' id='word_1_91' title='bbox 645 840 903 890; x_wconf 82' lang='lat' dir='ltr'><strong>praetermissa</strong></span> <span class='ocrx_word' id='word_1_92' title='bbox 919 836 1169 887; x_wconf 88' lang='lat' dir='ltr'><strong>conquirendi</strong></span> <span class='ocrx_word' id='word_1_93' title='bbox 1185 842 1223 873; x_wconf 87' lang='lat' dir='ltr'><strong>et</strong></span> <span class='ocrx_word' id='word_1_94' title='bbox 1241 836 1367 886; x_wconf 84' lang='lat' dir='ltr'><strong>regnis</strong></span> <span class='ocrx_word' id='word_1_95' title='bbox 1384 835 1499 872; x_wconf 88' lang='lat' dir='ltr'><strong>veluti</strong></span> <span class='ocrx_word' id='word_1_96' title='bbox 1515 835 1619 885; x_wconf 85' lang='lat' dir='ltr'><strong>leges</strong></span> 
     </span>
     <span class='ocr_line' id='line_1_12' title="bbox 163 895 1619 951; baseline -0.005 -12"><span class='ocrx_word' id='word_1_97' title='bbox 163 901 448 951; x_wconf 70' lang='lat' dir='ltr'><strong>praescribendi.</strong></span> <span class='ocrx_word' id='word_1_98' title='bbox 506 901 620 946; x_wconf 89' lang='lat' dir='ltr'><strong>Nam,</strong></span> <span class='ocrx_word' id='word_1_99' title='bbox 641 901 705 951; x_wconf 93' lang='lat' dir='ltr'><strong>qui</strong></span> <span class='ocrx_word' id='word_1_100' title='bbox 737 901 906 951; x_wconf 87' lang='lat' dir='ltr'><strong>privatos</strong></span> <span class='ocrx_word' id='word_1_101' title='bbox 933 899 1109 937; x_wconf 89' lang='lat' dir='ltr'><strong>homines</strong></span> <span class='ocrx_word' id='word_1_102' title='bbox 1136 897 1352 941; x_wconf 90' lang='lat' dir='ltr'><strong>instituunt,</strong></span> <span class='ocrx_word' id='word_1_103' title='bbox 1372 896 1409 933; x_wconf 87' lang='lat' dir='ltr'><strong>hi</strong></span> <span class='ocrx_word' id='word_1_104' title='bbox 1432 896 1522 933; x_wconf 87' lang='lat' dir='ltr'><strong>solis</strong></span> <span class='ocrx_word' id='word_1_105' title='bbox 1544 895 1619 933; x_wconf 88' lang='lat' dir='ltr'><strong>illis</strong></span> 
     </span>
     <span class='ocr_line' id='line_1_13' title="bbox 162 957 1619 1012; baseline -0.004 -13"><span class='ocrx_word' id='word_1_106' title='bbox 162 970 340 1012; x_wconf 82' lang='lat' dir='ltr'><strong>prosunt:</strong></span> <span class='ocrx_word' id='word_1_107' title='bbox 373 962 403 999; x_wconf 91' lang='lat' dir='ltr'><strong>si</strong></span> <span class='ocrx_word' id='word_1_108' title='bbox 423 962 507 1012; x_wconf 87' lang='lat' dir='ltr'><strong>quis</strong></span> <span class='ocrx_word' id='word_1_109' title='bbox 524 975 612 999; x_wconf 87' lang='lat' dir='ltr'><strong>vero</strong></span> <span class='ocrx_word' id='word_1_110' title='bbox 636 961 765 1012; x_wconf 89' lang='lat' dir='ltr'><strong>populi</strong></span> <span class='ocrx_word' id='word_1_111' title='bbox 788 961 962 998; x_wconf 89' lang='lat' dir='ltr'><strong>dominos</strong></span> <span class='ocrx_word' id='word_1_112' title='bbox 983 959 1032 997; x_wconf 89' lang='lat' dir='ltr'><strong>ad</strong></span> <span class='ocrx_word' id='word_1_113' title='bbox 1052 959 1229 996; x_wconf 85' lang='lat' dir='ltr'><strong>virtutem</strong></span> <span class='ocrx_word' id='word_1_114' title='bbox 1250 957 1437 1003; x_wconf 85' lang='lat' dir='ltr'><strong>excitarit,</strong></span> <span class='ocrx_word' id='word_1_115' title='bbox 1457 958 1488 994; x_wconf 86' lang='lat' dir='ltr'><strong>is</strong></span> <span class='ocrx_word' id='word_1_116' title='bbox 1510 957 1619 994; x_wconf 89' lang='lat' dir='ltr'><strong>utris-</strong></span> 
     </span>
     <span class='ocr_line' id='line_1_14' title="bbox 163 1018 1618 1072; baseline -0.003 -12"><span class='ocrx_word' id='word_1_117' title='bbox 163 1035 238 1072; x_wconf 87' lang='lat' dir='ltr'><strong>que</strong></span> <span class='ocrx_word' id='word_1_118' title='bbox 254 1021 568 1067; x_wconf 82' lang='lat' dir='ltr'><strong>commodaverit,</strong></span> <span class='ocrx_word' id='word_1_119' title='bbox 584 1029 664 1059; x_wconf 86' lang='lat' dir='ltr'><strong>tum</strong></span> <span class='ocrx_word' id='word_1_120' title='bbox 686 1021 731 1059; x_wconf 91' lang='lat' dir='ltr'><strong>iis</strong></span> <span class='ocrx_word' id='word_1_121' title='bbox 753 1022 817 1072; x_wconf 91' lang='lat' dir='ltr'><strong>qui</strong></span> <span class='ocrx_word' id='word_1_122' title='bbox 837 1022 1027 1071; x_wconf 86' lang='lat' dir='ltr'><strong>imperant</strong></span> <span class='ocrx_word' id='word_1_123' title='bbox 1044 1027 1125 1057; x_wconf 87' lang='lat' dir='ltr'><strong>tum</strong></span> <span class='ocrx_word' id='word_1_124' title='bbox 1145 1019 1190 1056; x_wconf 90' lang='lat' dir='ltr'><strong>iis</strong></span> <span class='ocrx_word' id='word_1_125' title='bbox 1209 1018 1273 1068; x_wconf 89' lang='lat' dir='ltr'><strong>qui</strong></span> <span class='ocrx_word' id='word_1_126' title='bbox 1288 1025 1422 1068; x_wconf 88' lang='lat' dir='ltr'><strong>parent</strong></span> <span class='ocrx_word' id='word_1_127' title='bbox 1441 1018 1618 1068; x_wconf 80' lang='lat' dir='ltr'><strong>irnperi03</strong></span> 
     </span>
     <span class='ocr_line' id='line_1_15' title="bbox 165 1078 1620 1134; baseline -0.003 -13"><span class='ocrx_word' id='word_1_128' title='bbox 165 1084 269 1134; x_wconf 90' lang='lat' dir='ltr'><strong>quod</strong></span> <span class='ocrx_word' id='word_1_129' title='bbox 289 1091 329 1121; x_wconf 92' lang='lat' dir='ltr'><strong>et</strong></span> <span class='ocrx_word' id='word_1_130' title='bbox 347 1084 420 1121; x_wconf 91' lang='lat' dir='ltr'><strong>illis</strong></span> <span class='ocrx_word' id='word_1_131' title='bbox 441 1083 675 1133; x_wconf 87' lang='lat' dir='ltr'><strong>principatus</strong></span> <span class='ocrx_word' id='word_1_132' title='bbox 693 1083 851 1120; x_wconf 83' lang='lat' dir='ltr'><strong>tutiores</strong></span> <span class='ocrx_word' id='word_1_133' title='bbox 868 1089 905 1119; x_wconf 89' lang='lat' dir='ltr'><strong>et</strong></span> <span class='ocrx_word' id='word_1_134' title='bbox 922 1082 979 1119; x_wconf 87' lang='lat' dir='ltr'><strong>his</strong></span> <span class='ocrx_word' id='word_1_135' title='bbox 1000 1080 1235 1131; x_wconf 82' lang='lat' dir='ltr'><strong>respublicas</strong></span> <span class='ocrx_word' id='word_1_136' title='bbox 1257 1079 1418 1117; x_wconf 85' lang='lat' dir='ltr'><strong>leniores</strong></span> <span class='ocrx_word' id='word_1_137' title='bbox 1438 1078 1620 1117; x_wconf 85' lang='lat' dir='ltr'><strong>effecerit.</strong></span> 
     </span>
     <span class='ocr_line' id='line_1_16' title="bbox 220 1140 1624 1194; baseline -0.003 -13"><span class='ocrx_word' id='word_1_138' title='bbox 220 1147 256 1182; x_wconf 89' lang='grc'><strong>3.</strong></span> <span class='ocrx_word' id='word_1_139' title='bbox 287 1145 457 1181; x_wconf 89' lang='lat' dir='ltr'><strong>Primum</strong></span> <span class='ocrx_word' id='word_1_140' title='bbox 488 1144 605 1194; x_wconf 76' lang='lat' dir='ltr'><strong>igitur</strong></span> <span class='ocrx_word' id='word_1_141' title='bbox 637 1143 962 1181; x_wconf 85' lang='lat' dir='ltr'><strong>considerandum</strong></span> <span class='ocrx_word' id='word_1_142' title='bbox 991 1150 1048 1179; x_wconf 89' lang='lat' dir='ltr'><strong>est</strong></span> <span class='ocrx_word' id='word_1_143' title='bbox 1078 1141 1272 1191; x_wconf 88' lang='lat' dir='ltr'><strong>quodnam</strong></span> <span class='ocrx_word' id='word_1_144' title='bbox 1304 1140 1352 1177; x_wconf 82' lang='lat' dir='ltr'><strong>sit</strong></span> <span class='ocrx_word' id='word_1_145' title='bbox 1380 1153 1512 1190; x_wconf 86' lang='lat' dir='ltr'><strong>regum</strong></span> <span class='ocrx_word' id='word_1_146' title='bbox 1543 1141 1624 1178; x_wconf 88' lang='lat' dir='ltr'><strong>offi-</strong></span> 
     </span>
     <span class='ocr_line' id='line_1_17' title="bbox 165 1201 1620 1253; baseline -0.003 -11"><span class='ocrx_word' id='word_1_147' title='bbox 165 1205 284 1243; x_wconf 89' lang='lat' dir='ltr'><strong>cium:</strong></span> <span class='ocrx_word' id='word_1_148' title='bbox 316 1218 403 1242; x_wconf 88' lang='lat' dir='ltr'><strong>nam</strong></span> <span class='ocrx_word' id='word_1_149' title='bbox 424 1206 453 1242; x_wconf 93' lang='lat' dir='ltr'><strong>si</strong></span> <span class='ocrx_word' id='word_1_150' title='bbox 476 1204 695 1242; x_wconf 84' lang='lat' dir='ltr'><strong>summatim</strong></span> <span class='ocrx_word' id='word_1_151' title='bbox 715 1204 754 1241; x_wconf 93' lang='lat' dir='ltr'><strong>id</strong></span> <span class='ocrx_word' id='word_1_152' title='bbox 782 1204 820 1241; x_wconf 90' lang='lat' dir='ltr'><strong>in</strong></span> <span class='ocrx_word' id='word_1_153' title='bbox 841 1217 919 1253; x_wconf 92' lang='lat' dir='ltr'><strong>quo</strong></span> <span class='ocrx_word' id='word_1_154' title='bbox 946 1203 1065 1240; x_wconf 83' lang='lat' dir='ltr'><strong>totius</strong></span> <span class='ocrx_word' id='word_1_155' title='bbox 1095 1201 1146 1239; x_wconf 89' lang='lat' dir='ltr'><strong>rei</strong></span> <span class='ocrx_word' id='word_1_156' title='bbox 1173 1201 1228 1238; x_wconf 89' lang='lat' dir='ltr'><strong>vis</strong></span> <span class='ocrx_word' id='word_1_157' title='bbox 1255 1208 1315 1238; x_wconf 86' lang='lat' dir='ltr'><strong>est</strong></span> <span class='ocrx_word' id='word_1_158' title='bbox 1339 1201 1457 1250; x_wconf 84' lang='lat' dir='ltr'><strong>probe</strong></span> <span class='ocrx_word' id='word_1_159' title='bbox 1478 1201 1620 1239; x_wconf 89' lang='lat' dir='ltr'><strong>consti-</strong></span> 
     </span>
     <span class='ocr_line' id='line_1_18' title="bbox 165 1260 1623 1312; baseline -0.003 -10"><span class='ocrx_word' id='word_1_160' title='bbox 165 1266 362 1311; x_wconf 87' lang='lat' dir='ltr'><strong>tuerimus,</strong></span> <span class='ocrx_word' id='word_1_161' title='bbox 382 1265 418 1302; x_wconf 91' lang='lat' dir='ltr'><strong>in</strong></span> <span class='ocrx_word' id='word_1_162' title='bbox 439 1278 486 1302; x_wconf 90' lang='lat' dir='ltr'><strong>ea</strong></span> <span class='ocrx_word' id='word_1_163' title='bbox 504 1265 696 1301; x_wconf 90' lang='lat' dir='ltr'><strong>intuentes</strong></span> <span class='ocrx_word' id='word_1_164' title='bbox 717 1264 851 1300; x_wconf 89' lang='lat' dir='ltr'><strong>melius</strong></span> <span class='ocrx_word' id='word_1_165' title='bbox 872 1264 920 1300; x_wconf 89' lang='lat' dir='ltr'><strong>de</strong></span> <span class='ocrx_word' id='word_1_166' title='bbox 948 1263 1120 1312; x_wconf 87' lang='lat' dir='ltr'><strong>partibus</strong></span> <span class='ocrx_word' id='word_1_167' title='bbox 1141 1273 1295 1311; x_wconf 90' lang='lat' dir='ltr'><strong>quoque</strong></span> <span class='ocrx_word' id='word_1_168' title='bbox 1317 1260 1453 1297; x_wconf 86' lang='lat' dir='ltr'><strong>dicturi</strong></span> <span class='ocrx_word' id='word_1_169' title='bbox 1474 1273 1623 1298; x_wconf 86' lang='lat' dir='ltr'><strong>sumus.</strong></span> 
     </span>
     <span class='ocr_line' id='line_1_19' title="bbox 167 1320 1619 1376; baseline -0.004 -12"><span class='ocrx_word' id='word_1_170' title='bbox 167 1327 338 1364; x_wconf 89' lang='lat' dir='ltr'><strong>Arbitror</strong></span> <span class='ocrx_word' id='word_1_171' title='bbox 358 1325 534 1376; x_wconf 88' lang='lat' dir='ltr'><strong>equidem</strong></span> <span class='ocrx_word' id='word_1_172' title='bbox 556 1333 732 1362; x_wconf 82' lang='lat' dir='ltr'><strong>constare</strong></span> <span class='ocrx_word' id='word_1_173' title='bbox 760 1324 859 1361; x_wconf 88' lang='lat' dir='ltr'><strong>inter</strong></span> <span class='ocrx_word' id='word_1_174' title='bbox 884 1336 1029 1368; x_wconf 84' lang='lat' dir='ltr'><strong>omnes,</strong></span> <span class='ocrx_word' id='word_1_175' title='bbox 1058 1322 1265 1360; x_wconf 90' lang='lat' dir='ltr'><strong>convenire</strong></span> <span class='ocrx_word' id='word_1_176' title='bbox 1290 1321 1344 1358; x_wconf 91' lang='lat' dir='ltr'><strong>eis</strong></span> <span class='ocrx_word' id='word_1_177' title='bbox 1365 1327 1409 1358; x_wconf 90' lang='lat' dir='ltr'><strong>ut</strong></span> <span class='ocrx_word' id='word_1_178' title='bbox 1428 1320 1619 1359; x_wconf 85' lang='lat' dir='ltr'><strong>civitatem</strong></span> 
     </span>
     <span class='ocr_line' id='line_1_20' title="bbox 166 1381 1622 1435; baseline -0.003 -10"><span class='ocrx_word' id='word_1_179' title='bbox 166 1394 205 1425; x_wconf 91' lang='lat' dir='ltr'><strong>et</strong></span> <span class='ocrx_word' id='word_1_180' title='bbox 220 1387 499 1425; x_wconf 75' lang='lat' dir='ltr'><strong>calamitatibus</strong></span> <span class='ocrx_word' id='word_1_181' title='bbox 526 1386 688 1423; x_wconf 88' lang='lat' dir='ltr'><strong>liberent</strong></span> <span class='ocrx_word' id='word_1_182' title='bbox 712 1393 750 1422; x_wconf 90' lang='lat' dir='ltr'><strong>et</strong></span> <span class='ocrx_word' id='word_1_183' title='bbox 777 1398 836 1422; x_wconf 85' lang='lat' dir='ltr'><strong>res</strong></span> <span class='ocrx_word' id='word_1_184' title='bbox 861 1384 943 1435; x_wconf 90' lang='lat' dir='ltr'><strong>ejus</strong></span> <span class='ocrx_word' id='word_1_185' title='bbox 971 1383 1164 1421; x_wconf 89' lang='lat' dir='ltr'><strong>secundas</strong></span> <span class='ocrx_word' id='word_1_186' title='bbox 1192 1389 1373 1419; x_wconf 86' lang='lat' dir='ltr'><strong>tueantur</strong></span> <span class='ocrx_word' id='word_1_187' title='bbox 1400 1388 1440 1418; x_wconf 91' lang='lat' dir='ltr'><strong>et</strong></span> <span class='ocrx_word' id='word_1_188' title='bbox 1459 1381 1581 1431; x_wconf 87' lang='lat' dir='ltr'><strong>ipsam</strong></span> <span class='ocrx_word' id='word_1_189' title='bbox 1601 1396 1622 1420; x_wconf 85' lang='lat' dir='ltr'><strong>e</strong></span> 
     </span>
     <span class='ocr_line' id='line_1_21' title="bbox 166 1442 1623 1498; baseline -0.005 -12"><span class='ocrx_word' id='word_1_190' title='bbox 166 1462 283 1498; x_wconf 83' lang='lat' dir='ltr'><strong>parva</strong></span> <span class='ocrx_word' id='word_1_191' title='bbox 303 1460 483 1498; x_wconf 83' lang='lat' dir='ltr'><strong>magnam</strong></span> <span class='ocrx_word' id='word_1_192' title='bbox 499 1447 686 1484; x_wconf 87' lang='lat' dir='ltr'><strong>efficiant:</strong></span> <span class='ocrx_word' id='word_1_193' title='bbox 718 1459 804 1483; x_wconf 89' lang='lat' dir='ltr'><strong>nam</strong></span> <span class='ocrx_word' id='word_1_194' title='bbox 821 1453 974 1490; x_wconf 88' lang='lat' dir='ltr'><strong>caetera,</strong></span> <span class='ocrx_word' id='word_1_195' title='bbox 990 1458 1078 1495; x_wconf 83' lang='lat' dir='ltr'><strong>quae</strong></span> <span class='ocrx_word' id='word_1_196' title='bbox 1097 1443 1267 1494; x_wconf 89' lang='lat' dir='ltr'><strong>quotidie</strong></span> <span class='ocrx_word' id='word_1_197' title='bbox 1283 1442 1472 1487; x_wconf 86' lang='lat' dir='ltr'><strong>incidunt,</strong></span> <span class='ocrx_word' id='word_1_198' title='bbox 1486 1442 1623 1479; x_wconf 88' lang='lat' dir='ltr'><strong>horum</strong></span> 
     </span>
     <span class='ocr_line' id='line_1_22' title="bbox 167 1503 1625 1554; baseline -0.004 -8"><span class='ocrx_word' id='word_1_199' title='bbox 167 1522 286 1547; x_wconf 91' lang='lat' dir='ltr'><strong>causa</strong></span> <span class='ocrx_word' id='word_1_200' title='bbox 304 1508 481 1546; x_wconf 79' lang='lat' dir='ltr'><strong>facienda</strong></span> <span class='ocrx_word' id='word_1_201' title='bbox 500 1516 589 1545; x_wconf 89' lang='lat' dir='ltr'><strong>sunt</strong></span> <span class='ocrx_word' id='word_1_202' title='bbox 609 1513 647 1544; x_wconf 91' lang='lat' dir='ltr'><strong>et</strong></span> <span class='ocrx_word' id='word_1_203' title='bbox 665 1507 714 1544; x_wconf 87' lang='lat' dir='ltr'><strong>ad</strong></span> <span class='ocrx_word' id='word_1_204' title='bbox 735 1507 819 1544; x_wconf 84' lang='lat' dir='ltr'><strong>haec</strong></span> <span class='ocrx_word' id='word_1_205' title='bbox 838 1506 1052 1543; x_wconf 85' lang='lat' dir='ltr'><strong>referenda.</strong></span> <span class='ocrx_word' id='word_1_206' title='bbox 1111 1505 1210 1541; x_wconf 78' lang='lat' dir='ltr'><strong>Illud</strong></span> <span class='ocrx_word' id='word_1_207' title='bbox 1233 1510 1363 1541; x_wconf 83' lang='lat' dir='ltr'><strong>autem</strong></span> <span class='ocrx_word' id='word_1_208' title='bbox 1379 1503 1625 1554; x_wconf 89' lang='lat' dir='ltr'><strong>perspicuum</strong></span> 
     </span>
     <span class='ocr_line' id='line_1_23' title="bbox 167 1564 1625 1619; baseline -0.004 -13"><span class='ocrx_word' id='word_1_209' title='bbox 167 1578 240 1614; x_wconf 87' lang='lat' dir='ltr'><strong>est,</strong></span> <span class='ocrx_word' id='word_1_210' title='bbox 262 1576 437 1619; x_wconf 88' lang='lat' dir='ltr'><strong>oportere</strong></span> <span class='ocrx_word' id='word_1_211' title='bbox 457 1582 537 1614; x_wconf 85' lang='lat' dir='ltr'><strong>eos,</strong></span> <span class='ocrx_word' id='word_1_212' title='bbox 564 1569 601 1606; x_wconf 84' lang='lat' dir='ltr'><strong>in</strong></span> <span class='ocrx_word' id='word_1_213' title='bbox 622 1568 761 1618; x_wconf 89' lang='lat' dir='ltr'><strong>quibus</strong></span> <span class='ocrx_word' id='word_1_214' title='bbox 781 1567 867 1605; x_wconf 83' lang='lat' dir='ltr'><strong>haec</strong></span> <span class='ocrx_word' id='word_1_215' title='bbox 897 1567 1060 1604; x_wconf 87' lang='lat' dir='ltr'><strong>facultas</strong></span> <span class='ocrx_word' id='word_1_216' title='bbox 1088 1579 1172 1603; x_wconf 91' lang='lat' dir='ltr'><strong>esse</strong></span> <span class='ocrx_word' id='word_1_217' title='bbox 1198 1565 1336 1603; x_wconf 88' lang='lat' dir='ltr'><strong>debeat</strong></span> <span class='ocrx_word' id='word_1_218' title='bbox 1354 1571 1393 1602; x_wconf 86' lang='lat' dir='ltr'><strong>et</strong></span> <span class='ocrx_word' id='word_1_219' title='bbox 1411 1564 1475 1614; x_wconf 88' lang='lat' dir='ltr'><strong>qui</strong></span> <span class='ocrx_word' id='word_1_220' title='bbox 1495 1564 1554 1601; x_wconf 88' lang='lat' dir='ltr'><strong>his</strong></span> <span class='ocrx_word' id='word_1_221' title='bbox 1577 1565 1625 1601; x_wconf 89' lang='lat' dir='ltr'><strong>de</strong></span> 
     </span>
     <span class='ocr_line' id='line_1_24' title="bbox 169 1624 1628 1675; baseline -0.004 -8"><span class='ocrx_word' id='word_1_222' title='bbox 169 1631 282 1667; x_wconf 84' lang='lat' dir='ltr'><strong>rebus</strong></span> <span class='ocrx_word' id='word_1_223' title='bbox 302 1630 547 1668; x_wconf 88' lang='lat' dir='ltr'><strong>deliberaturi</strong></span> <span class='ocrx_word' id='word_1_224' title='bbox 574 1630 663 1674; x_wconf 85' lang='lat' dir='ltr'><strong>sint,</strong></span> <span class='ocrx_word' id='word_1_225' title='bbox 691 1642 767 1666; x_wconf 90' lang='lat' dir='ltr'><strong>non</strong></span> <span class='ocrx_word' id='word_1_226' title='bbox 795 1627 981 1666; x_wconf 82' lang='lat' dir='ltr'><strong>socordiae</strong></span> <span class='ocrx_word' id='word_1_227' title='bbox 1007 1640 1093 1665; x_wconf 88' lang='lat' dir='ltr'><strong>sese</strong></span> <span class='ocrx_word' id='word_1_228' title='bbox 1123 1627 1228 1670; x_wconf 86' lang='lat' dir='ltr'><strong>dare,</strong></span> <span class='ocrx_word' id='word_1_229' title='bbox 1258 1625 1328 1662; x_wconf 91' lang='lat' dir='ltr'><strong>sed</strong></span> <span class='ocrx_word' id='word_1_230' title='bbox 1358 1624 1556 1675; x_wconf 87' lang='lat' dir='ltr'><strong>providere</strong></span> <span class='ocrx_word' id='word_1_231' title='bbox 1586 1631 1628 1661; x_wconf 90' lang='lat' dir='ltr'><strong>ut</strong></span> 
     </span>
     <span class='ocr_line' id='line_1_25' title="bbox 171 1685 1625 1741; baseline -0.004 -14"><span class='ocrx_word' id='word_1_232' title='bbox 171 1691 246 1728; x_wconf 84' lang='lat' dir='ltr'><strong>sint</strong></span> <span class='ocrx_word' id='word_1_233' title='bbox 271 1691 353 1728; x_wconf 89' lang='lat' dir='ltr'><strong>aliis</strong></span> <span class='ocrx_word' id='word_1_234' title='bbox 379 1690 493 1741; x_wconf 84' lang='lat' dir='ltr'><strong>longe</strong></span> <span class='ocrx_word' id='word_1_235' title='bbox 520 1690 799 1741; x_wconf 82' lang='lat' dir='ltr'><strong>prudentiores.</strong></span> <span class='ocrx_word' id='word_1_236' title='bbox 856 1689 1022 1726; x_wconf 88' lang='lat' dir='ltr'><strong>Constat</strong></span> <span class='ocrx_word' id='word_1_237' title='bbox 1050 1688 1167 1731; x_wconf 90' lang='lat' dir='ltr'><strong>enim,</strong></span> <span class='ocrx_word' id='word_1_238' title='bbox 1197 1685 1523 1737; x_wconf 85' lang='lat' dir='ltr'><strong>quemadmodum</strong></span> <span class='ocrx_word' id='word_1_239' title='bbox 1553 1685 1625 1736; x_wconf 85' lang='lat' dir='ltr'><strong>ipsi</strong></span> 
     </span>
     <span class='ocr_line' id='line_1_26' title="bbox 171 1746 1626 1798; baseline -0.005 -9"><span class='ocrx_word' id='word_1_240' title='bbox 171 1753 317 1789; x_wconf 89' lang='lat' dir='ltr'><strong>animos</strong></span> <span class='ocrx_word' id='word_1_241' title='bbox 345 1764 433 1789; x_wconf 88' lang='lat' dir='ltr'><strong>suos</strong></span> <span class='ocrx_word' id='word_1_242' title='bbox 461 1751 711 1796; x_wconf 83' lang='lat' dir='ltr'><strong>excoluerint,</strong></span> <span class='ocrx_word' id='word_1_243' title='bbox 735 1751 787 1788; x_wconf 88' lang='lat' dir='ltr'><strong>ita</strong></span> <span class='ocrx_word' id='word_1_244' title='bbox 810 1751 923 1788; x_wconf 89' lang='lat' dir='ltr'><strong>etiam</strong></span> <span class='ocrx_word' id='word_1_245' title='bbox 951 1762 1082 1786; x_wconf 88' lang='lat' dir='ltr'><strong>eorum</strong></span> <span class='ocrx_word' id='word_1_246' title='bbox 1103 1760 1224 1798; x_wconf 83' lang='lat' dir='ltr'><strong>regna</strong></span> <span class='ocrx_word' id='word_1_247' title='bbox 1249 1760 1289 1784; x_wconf 90' lang='lat' dir='ltr'><strong>se</strong></span> <span class='ocrx_word' id='word_1_248' title='bbox 1319 1758 1406 1784; x_wconf 89' lang='lat' dir='ltr'><strong>esse</strong></span> <span class='ocrx_word' id='word_1_249' title='bbox 1436 1746 1626 1783; x_wconf 87' lang='lat' dir='ltr'><strong>habitura.</strong></span> 
     </span>
     <span class='ocr_line' id='line_1_27' title="bbox 172 1807 1625 1861; baseline -0.003 -11"><span class='ocrx_word' id='word_1_250' title='bbox 172 1815 302 1857; x_wconf 85' lang='lat' dir='ltr'><strong>Quare</strong></span> <span class='ocrx_word' id='word_1_251' title='bbox 322 1814 417 1851; x_wconf 87' lang='lat' dir='ltr'><strong>nulli</strong></span> <span class='ocrx_word' id='word_1_252' title='bbox 437 1814 614 1851; x_wconf 85' lang='lat' dir='ltr'><strong>certatori</strong></span> <span class='ocrx_word' id='word_1_253' title='bbox 635 1820 712 1851; x_wconf 89' lang='lat' dir='ltr'><strong>tam</strong></span> <span class='ocrx_word' id='word_1_254' title='bbox 738 1811 919 1850; x_wconf 83' lang='lat' dir='ltr'><strong>convenit</strong></span> <span class='ocrx_word' id='word_1_255' title='bbox 948 1823 1088 1861; x_wconf 86' lang='lat' dir='ltr'><strong>corpus</strong></span> <span class='ocrx_word' id='word_1_256' title='bbox 1116 1822 1307 1853; x_wconf 87' lang='lat' dir='ltr'><strong>exercere,</strong></span> <span class='ocrx_word' id='word_1_257' title='bbox 1333 1817 1449 1855; x_wconf 90' lang='lat' dir='ltr'><strong>quam</strong></span> <span class='ocrx_word' id='word_1_258' title='bbox 1470 1807 1625 1858; x_wconf 86' lang='lat' dir='ltr'><strong>regibus</strong></span> 
     </span>
     <span class='ocr_line' id='line_1_28' title="bbox 170 1868 1626 1924; baseline -0.005 -12"><span class='ocrx_word' id='word_1_259' title='bbox 170 1875 363 1924; x_wconf 83' lang='lat' dir='ltr'><strong>ingenium</strong></span> <span class='ocrx_word' id='word_1_260' title='bbox 384 1887 517 1911; x_wconf 89' lang='lat' dir='ltr'><strong>suum:</strong></span> <span class='ocrx_word' id='word_1_261' title='bbox 548 1886 637 1910; x_wconf 90' lang='lat' dir='ltr'><strong>nam</strong></span> <span class='ocrx_word' id='word_1_262' title='bbox 654 1874 897 1911; x_wconf 84' lang='lat' dir='ltr'><strong>celebritates</strong></span> <span class='ocrx_word' id='word_1_263' title='bbox 913 1872 1091 1909; x_wconf 85' lang='lat' dir='ltr'><strong>ludorum</strong></span> <span class='ocrx_word' id='word_1_264' title='bbox 1107 1870 1298 1907; x_wconf 84' lang='lat' dir='ltr'><strong>universae</strong></span> <span class='ocrx_word' id='word_1_265' title='bbox 1314 1868 1458 1906; x_wconf 88' lang='lat' dir='ltr'><strong>nullam</strong></span> <span class='ocrx_word' id='word_1_266' title='bbox 1476 1874 1626 1918; x_wconf 89' lang='lat' dir='ltr'><strong>partem</strong></span> 
     </span>
     <span class='ocr_line' id='line_1_29' title="bbox 170 1928 1598 1985; baseline -0.006 -13"><span class='ocrx_word' id='word_1_267' title='bbox 170 1935 409 1973; x_wconf 86' lang='lat' dir='ltr'><strong>constituunt</strong></span> <span class='ocrx_word' id='word_1_268' title='bbox 429 1948 558 1972; x_wconf 86' lang='lat' dir='ltr'><strong>eorum</strong></span> <span class='ocrx_word' id='word_1_269' title='bbox 579 1934 823 1985; x_wconf 86' lang='lat' dir='ltr'><strong>praemiorum</strong></span> <span class='ocrx_word' id='word_1_270' title='bbox 844 1946 911 1983; x_wconf 88' lang='lat' dir='ltr'><strong>pro</strong></span> <span class='ocrx_word' id='word_1_271' title='bbox 931 1932 1072 1982; x_wconf 86' lang='lat' dir='ltr'><strong>quibus</strong></span> <span class='ocrx_word' id='word_1_272' title='bbox 1093 1943 1160 1967; x_wconf 89' lang='lat' dir='ltr'><strong>vos</strong></span> <span class='ocrx_word' id='word_1_273' title='bbox 1182 1929 1355 1980; x_wconf 90' lang='lat' dir='ltr'><strong>quotidie</strong></span> <span class='ocrx_word' id='word_1_274' title='bbox 1377 1928 1598 1966; x_wconf 88' lang='lat' dir='ltr'><strong>decertatis.</strong></span> 
     </span>
     <span class='ocr_line' id='line_1_30' title="bbox 225 1986 1630 2047; baseline -0.007 -12"><span class='ocrx_word' id='word_1_275' title='bbox 225 2000 263 2035; x_wconf 86' lang='lat'><strong>4.</strong></span> <span class='ocrx_word' id='word_1_276' title='bbox 294 1998 390 2035; x_wconf 88' lang='lat' dir='ltr'><strong>Haec</strong></span> <span class='ocrx_word' id='word_1_277' title='bbox 409 1998 524 2047; x_wconf 86' lang='lat' dir='ltr'><strong>igitur</strong></span> <span class='ocrx_word' id='word_1_278' title='bbox 544 1996 870 2040; x_wconf 82' lang='lat' dir='ltr'><strong>considerantem,</strong></span> <span class='ocrx_word' id='word_1_279' title='bbox 886 2005 1040 2044; x_wconf 89' lang='lat' dir='ltr'><strong>operam</strong></span> <span class='ocrx_word' id='word_1_280' title='bbox 1062 1992 1152 2029; x_wconf 88' lang='lat' dir='ltr'><strong>dare</strong></span> <span class='ocrx_word' id='word_1_281' title='bbox 1173 1999 1211 2028; x_wconf 86' lang='lat' dir='ltr'><strong>te</strong></span> <span class='ocrx_word' id='word_1_282' title='bbox 1232 1991 1359 2034; x_wconf 91' lang='lat' dir='ltr'><strong>decet,</strong></span> <span class='ocrx_word' id='word_1_283' title='bbox 1383 1990 1424 2026; x_wconf 83' lang='lat' dir='ltr'><strong>ut·</strong></span> <span class='ocrx_word' id='word_1_284' title='bbox 1443 1986 1630 2040; x_wconf 81' lang='lat' dir='ltr'><strong>quantum</strong></span> 
     </span>
     <span class='ocr_line' id='line_1_31' title="bbox 174 2048 1630 2107; baseline -0.005 -12"><span class='ocrx_word' id='word_1_285' title='bbox 174 2058 270 2095; x_wconf 90' lang='lat' dir='ltr'><strong>alios</strong></span> <span class='ocrx_word' id='word_1_286' title='bbox 289 2058 476 2107; x_wconf 82' lang='lat' dir='ltr'><strong>dignitate</strong></span> <span class='ocrx_word' id='word_1_287' title='bbox 496 2070 669 2107; x_wconf 88' lang='lat' dir='ltr'><strong>superas,</strong></span> <span class='ocrx_word' id='word_1_288' title='bbox 689 2062 838 2093; x_wconf 90' lang='lat' dir='ltr'><strong>tantum</strong></span> <span class='ocrx_word' id='word_1_289' title='bbox 858 2054 971 2092; x_wconf 87' lang='lat' dir='ltr'><strong>etiam</strong></span> <span class='ocrx_word' id='word_1_290' title='bbox 993 2051 1219 2090; x_wconf 89' lang='lat' dir='ltr'><strong>virtuteillis</strong></span> <span class='ocrx_word' id='word_1_291' title='bbox 1240 2048 1462 2088; x_wconf 88' lang='lat' dir='ltr'><strong>antecellas.</strong></span> <span class='ocrx_word' id='word_1_292' title='bbox 1492 2049 1630 2099; x_wconf 85' lang='lat' dir='ltr'><strong>Neque</strong></span> 
     </span>
     <span class='ocr_line' id='line_1_32' title="bbox 173 2110 1631 2169; baseline -0.008 -12"><span class='ocrx_word' id='word_1_293' title='bbox 173 2131 262 2156; x_wconf 89' lang='lat' dir='ltr'><strong>vero</strong></span> <span class='ocrx_word' id='word_1_294' title='bbox 282 2119 435 2169; x_wconf 87' lang='lat' dir='ltr'><strong>putabis</strong></span> <span class='ocrx_word' id='word_1_295' title='bbox 464 2130 596 2155; x_wconf 85' lang='lat' dir='ltr'><strong>curam</strong></span> <span class='ocrx_word' id='word_1_296' title='bbox 617 2126 655 2155; x_wconf 90' lang='lat' dir='ltr'><strong>et</strong></span> <span class='ocrx_word' id='word_1_297' title='bbox 684 2116 852 2154; x_wconf 89' lang='lat' dir='ltr'><strong>studium</strong></span> <span class='ocrx_word' id='word_1_298' title='bbox 881 2115 918 2152; x_wconf 90' lang='lat' dir='ltr'><strong>in</strong></span> <span class='ocrx_word' id='word_1_299' title='bbox 940 2114 1022 2151; x_wconf 88' lang='lat' dir='ltr'><strong>aliis</strong></span> <span class='ocrx_word' id='word_1_300' title='bbox 1048 2112 1234 2163; x_wconf 87' lang='lat' dir='ltr'><strong>prodesse</strong></span> <span class='ocrx_word' id='word_1_301' title='bbox 1250 2110 1384 2155; x_wconf 79' lang='lat' dir='ltr'><strong>rebus,</strong></span> <span class='ocrx_word' id='word_1_302' title='bbox 1414 2110 1464 2147; x_wconf 90' lang='lat' dir='ltr'><strong>ad</strong></span> <span class='ocrx_word' id='word_1_303' title='bbox 1485 2122 1631 2159; x_wconf 84' lang='lat' dir='ltr'><strong>augen-</strong></span> 
     </span>
     <span class='ocr_line' id='line_1_33' title="bbox 175 2173 1632 2228; baseline -0.008 -10"><span class='ocrx_word' id='word_1_304' title='bbox 175 2180 265 2218; x_wconf 91' lang='lat' dir='ltr'><strong>dam</strong></span> <span class='ocrx_word' id='word_1_305' title='bbox 285 2187 410 2218; x_wconf 88' lang='lat' dir='ltr'><strong>autem</strong></span> <span class='ocrx_word' id='word_1_306' title='bbox 431 2180 606 2217; x_wconf 88' lang='lat' dir='ltr'><strong>virtutem</strong></span> <span class='ocrx_word' id='word_1_307' title='bbox 625 2177 916 2228; x_wconf 86' lang='lat' dir='ltr'><strong>etprudentiam</strong></span> <span class='ocrx_word' id='word_1_308' title='bbox 937 2175 1030 2212; x_wconf 88' lang='lat' dir='ltr'><strong>nihil</strong></span> <span class='ocrx_word' id='word_1_309' title='bbox 1045 2173 1351 2217; x_wconf 83' lang='lat' dir='ltr'><strong>habere-virium,</strong></span> <span class='ocrx_word' id='word_1_310' title='bbox 1369 2185 1492 2222; x_wconf 91' lang='lat' dir='ltr'><strong>neque</strong></span> <span class='ocrx_word' id='word_1_311' title='bbox 1513 2178 1632 2209; x_wconf 83' lang='lat' dir='ltr'><strong>tantae</strong></span> 
     </span>
     <span class='ocr_line' id='line_1_34' title="bbox 175 2233 1635 2287; baseline -0.006 -8"><span class='ocrx_word' id='word_1_312' title='bbox 175 2241 409 2279; x_wconf 85' lang='lat' dir='ltr'><strong>infelicitatis</strong></span> <span class='ocrx_word' id='word_1_313' title='bbox 430 2240 602 2278; x_wconf 87' lang='lat' dir='ltr'><strong>homines</strong></span> <span class='ocrx_word' id='word_1_314' title='bbox 622 2239 915 2281; x_wconf 87' lang='lat' dir='ltr'><strong>condemnabis,</strong></span> <span class='ocrx_word' id='word_1_315' title='bbox 935 2246 991 2281; x_wconf 87' lang='lat' dir='ltr'><strong>ut,</strong></span> <span class='ocrx_word' id='word_1_316' title='bbox 1013 2242 1247 2287; x_wconf 80' lang='lat' dir='ltr'><strong>quum&#39;artes</strong></span> <span class='ocrx_word' id='word_1_317' title='bbox 1259 2233 1444 2284; x_wconf 87' lang='lat' dir='ltr'><strong>quasdam</strong></span> <span class='ocrx_word' id='word_1_318' title='bbox 1463 2234 1512 2270; x_wconf 89' lang='lat' dir='ltr'><strong>ad</strong></span> <span class='ocrx_word' id='word_1_319' title='bbox 1533 2234 1635 2271; x_wconf 83' lang='lat' dir='ltr'><strong>cicu-</strong></span> 
     </span>
     <span class='ocr_line' id='line_1_35' title="bbox 176 2289 1634 2345; baseline -0.006 -5"><span class='ocrx_word' id='word_1_320' title='bbox 176 2302 314 2340; x_wconf 85' lang='lat' dir='ltr'><strong>randas</strong></span> <span class='ocrx_word' id='word_1_321' title='bbox 334 2302 478 2340; x_wconf 87' lang='lat' dir='ltr'><strong>bestias</strong></span> <span class='ocrx_word' id='word_1_322' title='bbox 497 2308 533 2339; x_wconf 91' lang='lat' dir='ltr'><strong>et</strong></span> <span class='ocrx_word' id='word_1_323' title='bbox 553 2301 698 2338; x_wconf 89' lang='lat' dir='ltr'><strong>animos</strong></span> <span class='ocrx_word' id='word_1_324' title='bbox 717 2300 866 2338; x_wconf 90' lang='lat' dir='ltr'><strong>illarum</strong></span> <span class='ocrx_word' id='word_1_325' title='bbox 888 2297 1120 2337; x_wconf 82' lang='lat' dir='ltr'><strong>excolendos</strong></span> <span class='ocrx_word' id='word_1_326' title='bbox 1141 2297 1409 2339; x_wconf 86' lang='lat' dir='ltr'><strong>invenerimus,</strong></span> <span class='ocrx_word' id='word_1_327' title='bbox 1431 2294 1501 2345; x_wconf 89' lang='lat' dir='ltr'><strong>ipsi</strong></span> <span class='ocrx_word' id='word_1_328' title='bbox 1523 2289 1634 2332; x_wconf 90' lang='lat' dir='ltr'><strong>nobis</strong></span> 
     </span>
     <span class='ocr_line' id='line_1_36' title="bbox 178 2355 1633 2411; baseline -0.007 -10"><span class='ocrx_word' id='word_1_329' title='bbox 178 2363 226 2401; x_wconf 93' lang='lat' dir='ltr'><strong>ad</strong></span> <span class='ocrx_word' id='word_1_330' title='bbox 246 2363 420 2402; x_wconf 87' lang='lat' dir='ltr'><strong>virtutem</strong></span> <span class='ocrx_word' id='word_1_331' title='bbox 451 2362 541 2400; x_wconf 83' lang='lat' dir='ltr'><strong>nihil</strong></span> <span class='ocrx_word' id='word_1_332' title='bbox 572 2361 706 2399; x_wconf 83' lang='lat' dir='ltr'><strong>afferre</strong></span> <span class='ocrx_word' id='word_1_333' title='bbox 733 2359 944 2411; x_wconf 84' lang='lat' dir='ltr'><strong>adjumenti</strong></span> <span class='ocrx_word' id='word_1_334' title='bbox 969 2371 1178 2409; x_wconf 89' lang='lat' dir='ltr'><strong>queamus;</strong></span> <span class='ocrx_word' id='word_1_335' title='bbox 1210 2357 1405 2407; x_wconf 41' lang='lat' dir='ltr'><strong>sedquem‘</strong></span> <span class='ocrx_word' id='word_1_336' title='bbox 1423 2355 1633 2393; x_wconf 88' lang='lat' dir='ltr'><strong>admodum</strong></span> 
     </span>
     <span class='ocr_line' id='line_1_37' title="bbox 178 2415 1632 2474; baseline -0.006 -14"><span class='ocrx_word' id='word_1_337' title='bbox 178 2424 367 2462; x_wconf 89' lang='lat' dir='ltr'><strong>institutio</strong></span> <span class='ocrx_word' id='word_1_338' title='bbox 387 2431 424 2462; x_wconf 91' lang='lat' dir='ltr'><strong>et</strong></span> <span class='ocrx_word' id='word_1_339' title='bbox 443 2437 535 2462; x_wconf 89' lang='lat' dir='ltr'><strong>cura</strong></span> <span class='ocrx_word' id='word_1_340' title='bbox 555 2436 639 2460; x_wconf 86' lang='lat' dir='ltr'><strong>cum</strong></span> <span class='ocrx_word' id='word_1_341' title='bbox 659 2422 790 2473; x_wconf 90' lang='lat' dir='ltr'><strong>primis</strong></span> <span class='ocrx_word' id='word_1_342' title='bbox 815 2421 938 2474; x_wconf 87' lang='lat' dir='ltr'><strong>possit</strong></span> <span class='ocrx_word' id='word_1_343' title='bbox 962 2420 1088 2458; x_wconf 85' lang='lat' dir='ltr'><strong>animo</strong></span> <span class='ocrx_word' id='word_1_344' title='bbox 1111 2425 1242 2456; x_wconf 87' lang='lat' dir='ltr'><strong>nostro</strong></span> <span class='ocrx_word' id='word_1_345' title='bbox 1263 2418 1460 2468; x_wconf 86' lang='lat' dir='ltr'><strong>adjuvare,</strong></span> <span class='ocrx_word' id='word_1_346' title='bbox 1480 2416 1533 2453; x_wconf 89' lang='lat' dir='ltr'><strong>ita</strong></span> <span class='ocrx_word' id='word_1_347' title='bbox 1552 2415 1632 2453; x_wconf 86' lang='lat' dir='ltr'><strong>exi-</strong></span> 
     </span>
     <span class='ocr_line' id='line_1_38' title="bbox 180 2475 1636 2535; baseline -0.007 -13"><span class='ocrx_word' id='word_1_348' title='bbox 180 2485 348 2530; x_wconf 86' lang='lat' dir='ltr'><strong>stimato,</strong></span> <span class='ocrx_word' id='word_1_349' title='bbox 377 2492 492 2535; x_wconf 89' lang='lat' dir='ltr'><strong>atque</strong></span> <span class='ocrx_word' id='word_1_350' title='bbox 520 2493 598 2521; x_wconf 88' lang='lat' dir='ltr'><strong>tum</strong></span> <span class='ocrx_word' id='word_1_351' title='bbox 626 2483 920 2521; x_wconf 88' lang='lat' dir='ltr'><strong>domesticorum</strong></span> <span class='ocrx_word' id='word_1_352' title='bbox 947 2479 1251 2531; x_wconf 88' lang='lat' dir='ltr'><strong>prudentissimis</strong></span> <span class='ocrx_word' id='word_1_353' title='bbox 1276 2475 1508 2515; x_wconf 84' lang='lat' dir='ltr'><strong>familiariter</strong></span> <span class='ocrx_word' id='word_1_354' title='bbox 1530 2482 1636 2513; x_wconf 87' lang='lat' dir='ltr'><strong>utere</strong></span> 
     </span>
     <span class='ocr_line' id='line_1_39' title="bbox 180 2537 1634 2594; baseline -0.007 -11"><span class='ocrx_word' id='word_1_355' title='bbox 180 2553 260 2582; x_wconf 89' lang='lat' dir='ltr'><strong>tum</strong></span> <span class='ocrx_word' id='word_1_356' title='bbox 275 2552 489 2583; x_wconf 86' lang='lat' dir='ltr'><strong>exterorum</strong></span> <span class='ocrx_word' id='word_1_357' title='bbox 506 2556 759 2594; x_wconf 88' lang='lat' dir='ltr'><strong>quoscunque</strong></span> <span class='ocrx_word' id='word_1_358' title='bbox 779 2543 922 2594; x_wconf 89' lang='lat' dir='ltr'><strong>poteris</strong></span> <span class='ocrx_word' id='word_1_359' title='bbox 943 2541 1143 2585; x_wconf 84' lang='lat' dir='ltr'><strong>accersito,</strong></span> <span class='ocrx_word' id='word_1_360' title='bbox 1156 2546 1238 2576; x_wconf 88' lang='lat' dir='ltr'><strong>tum</strong></span> <span class='ocrx_word' id='word_1_361' title='bbox 1258 2537 1465 2576; x_wconf 88' lang='lat' dir='ltr'><strong>celebrium</strong></span> <span class='ocrx_word' id='word_1_362' title='bbox 1486 2542 1523 2574; x_wconf 91' lang='lat' dir='ltr'><strong>et</strong></span> <span class='ocrx_word' id='word_1_363' title='bbox 1542 2548 1634 2587; x_wconf 85' lang='lat' dir='ltr'><strong>poe-</strong></span> 
     </span>
     <span class='ocr_line' id='line_1_40' title="bbox 181 2598 1634 2655; baseline -0.008 -11"><span class='ocrx_word' id='word_1_364' title='bbox 181 2613 305 2644; x_wconf 83' lang='lat' dir='ltr'><strong>tarum</strong></span> <span class='ocrx_word' id='word_1_365' title='bbox 319 2614 358 2644; x_wconf 89' lang='lat' dir='ltr'><strong>et</strong></span> <span class='ocrx_word' id='word_1_366' title='bbox 368 2607 560 2644; x_wconf 85' lang='lat' dir='ltr'><strong>rhetorum</strong></span> <span class='ocrx_word' id='word_1_367' title='bbox 577 2605 745 2642; x_wconf 88' lang='lat' dir='ltr'><strong>omnium</strong></span> <span class='ocrx_word' id='word_1_368' title='bbox 762 2603 973 2655; x_wconf 89' lang='lat' dir='ltr'><strong>periculum</strong></span> <span class='ocrx_word' id='word_1_369' title='bbox 991 2601 1059 2639; x_wconf 89' lang='lat' dir='ltr'><strong>tibi</strong></span> <span class='ocrx_word' id='word_1_370' title='bbox 1074 2613 1159 2639; x_wconf 89' lang='lat' dir='ltr'><strong>esse</strong></span> <span class='ocrx_word' id='word_1_371' title='bbox 1175 2598 1393 2637; x_wconf 86' lang='lat' dir='ltr'><strong>faciendum</strong></span> <span class='ocrx_word' id='word_1_372' title='bbox 1408 2609 1634 2647; x_wconf 84' lang='lat' dir='ltr'><strong>persuasum</strong></span> 
     </span>
     <span class='ocr_line' id='line_1_41' title="bbox 180 2657 1637 2716; baseline -0.008 -11"><span class='ocrx_word' id='word_1_373' title='bbox 180 2667 337 2716; x_wconf 85' lang='lat' dir='ltr'><strong>habeto,</strong></span> <span class='ocrx_word' id='word_1_374' title='bbox 358 2680 402 2705; x_wconf 90' lang='lat' dir='ltr'><strong>ac</strong></span> <span class='ocrx_word' id='word_1_375' title='bbox 421 2666 571 2703; x_wconf 88' lang='lat' dir='ltr'><strong>illorum</strong></span> <span class='ocrx_word' id='word_1_376' title='bbox 601 2666 757 2716; x_wconf 91' lang='lat' dir='ltr'><strong>quidem</strong></span> <span class='ocrx_word' id='word_1_377' title='bbox 787 2665 941 2702; x_wconf 84' lang='lat' dir='ltr'><strong>auditor</strong></span> <span class='ocrx_word' id='word_1_378' title='bbox 959 2669 1058 2706; x_wconf 88' lang='lat' dir='ltr'><strong>esto,</strong></span> <span class='ocrx_word' id='word_1_379' title='bbox 1085 2662 1219 2699; x_wconf 85' lang='lat' dir='ltr'><strong>horum</strong></span> <span class='ocrx_word' id='word_1_380' title='bbox 1245 2666 1371 2697; x_wconf 88' lang='lat' dir='ltr'><strong>autem</strong></span> <span class='ocrx_word' id='word_1_381' title='bbox 1400 2657 1637 2708; x_wconf 87' lang='lat' dir='ltr'><strong>discipulus;</strong></span> 
     </span>
     <span class='ocr_line' id='line_1_42' title="bbox 183 2719 1632 2778; baseline -0.007 -13"><span class='ocrx_word' id='word_1_382' title='bbox 183 2728 309 2778; x_wconf 89' lang='lat' dir='ltr'><strong>itaque</strong></span> <span class='ocrx_word' id='word_1_383' title='bbox 337 2735 372 2766; x_wconf 90' lang='lat' dir='ltr'><strong>te</strong></span> <span class='ocrx_word' id='word_1_384' title='bbox 399 2740 503 2778; x_wconf 90' lang='lat' dir='ltr'><strong>para,</strong></span> <span class='ocrx_word' id='word_1_385' title='bbox 530 2735 574 2764; x_wconf 90' lang='lat' dir='ltr'><strong>ut</strong></span> <span class='ocrx_word' id='word_1_386' title='bbox 597 2734 634 2764; x_wconf 86' lang='lat' dir='ltr'><strong>et</strong></span> <span class='ocrx_word' id='word_1_387' title='bbox 661 2727 849 2764; x_wconf 86' lang='lat' dir='ltr'><strong>minorum</strong></span> <span class='ocrx_word' id='word_1_388' title='bbox 879 2726 930 2762; x_wconf 90' lang='lat' dir='ltr'><strong>sis</strong></span> <span class='ocrx_word' id='word_1_389' title='bbox 955 2725 1095 2776; x_wconf 85' lang='lat' dir='ltr'><strong>judex,</strong></span> <span class='ocrx_word' id='word_1_390' title='bbox 1125 2730 1163 2759; x_wconf 90' lang='lat' dir='ltr'><strong>et</strong></span> <span class='ocrx_word' id='word_1_391' title='bbox 1190 2721 1374 2771; x_wconf 84' lang='lat' dir='ltr'><strong>majorum</strong></span> <span class='ocrx_word' id='word_1_392' title='bbox 1404 2719 1632 2756; x_wconf 75' lang='lat' dir='ltr'><strong>aemulator:</strong></span> 
     </span>
     <span class='ocr_line' id='line_1_43' title="bbox 184 2782 1637 2832; baseline -0.007 -6"><span class='ocrx_word' id='word_1_393' title='bbox 184 2802 271 2827; x_wconf 84' lang='lat' dir='ltr'><strong>nam</strong></span> <span class='ocrx_word' id='word_1_394' title='bbox 289 2790 348 2827; x_wconf 91' lang='lat' dir='ltr'><strong>his</strong></span> <span class='ocrx_word' id='word_1_395' title='bbox 374 2789 708 2827; x_wconf 87' lang='lat' dir='ltr'><strong>exercitationibus</strong></span> <span class='ocrx_word' id='word_1_396' title='bbox 729 2788 927 2825; x_wconf 85' lang='lat' dir='ltr'><strong>celerrime</strong></span> <span class='ocrx_word' id='word_1_397' title='bbox 952 2785 1039 2823; x_wconf 86' lang='lat' dir='ltr'><strong>talis</strong></span> <span class='ocrx_word' id='word_1_398' title='bbox 1061 2785 1141 2827; x_wconf 86' lang='lat' dir='ltr'><strong>fies,</strong></span> <span class='ocrx_word' id='word_1_399' title='bbox 1171 2782 1325 2832; x_wconf 89' lang='lat' dir='ltr'><strong>qualem</strong></span> <span class='ocrx_word' id='word_1_400' title='bbox 1354 2793 1436 2818; x_wconf 86' lang='lat' dir='ltr'><strong>esse</strong></span> <span class='ocrx_word' id='word_1_401' title='bbox 1461 2787 1637 2830; x_wconf 88' lang='lat' dir='ltr'><strong>oportere</strong></span> 
     </span>
     <span class='ocr_line' id='line_1_44' title="bbox 185 2841 1640 2900; baseline -0.006 -15"><span class='ocrx_word' id='word_1_402' title='bbox 185 2861 255 2886; x_wconf 89' lang='lat' dir='ltr'><strong>nos</strong></span> <span class='ocrx_word' id='word_1_403' title='bbox 276 2850 545 2900; x_wconf 85' lang='lat' dir='ltr'><strong>proposuimus</strong></span> <span class='ocrx_word' id='word_1_404' title='bbox 565 2861 652 2886; x_wconf 89' lang='lat' dir='ltr'><strong>eum</strong></span> <span class='ocrx_word' id='word_1_405' title='bbox 678 2849 742 2899; x_wconf 92' lang='lat' dir='ltr'><strong>qui</strong></span> <span class='ocrx_word' id='word_1_406' title='bbox 763 2855 864 2886; x_wconf 84' lang='lat' dir='ltr'><strong>recte</strong></span> <span class='ocrx_word' id='word_1_407' title='bbox 883 2848 930 2884; x_wconf 88' lang='lat' dir='ltr'><strong>sit</strong></span> <span class='ocrx_word' id='word_1_408' title='bbox 958 2857 1076 2896; x_wconf 87' lang='lat' dir='ltr'><strong>regno</strong></span> <span class='ocrx_word' id='word_1_409' title='bbox 1097 2844 1328 2894; x_wconf 81' lang='lat' dir='ltr'><strong>praefuturus</strong></span> <span class='ocrx_word' id='word_1_410' title='bbox 1358 2848 1395 2879; x_wconf 88' lang='lat' dir='ltr'><strong>et</strong></span> <span class='ocrx_word' id='word_1_411' title='bbox 1424 2842 1554 2878; x_wconf 87' lang='lat' dir='ltr'><strong>urbem</strong></span> <span class='ocrx_word' id='word_1_412' title='bbox 1585 2841 1640 2878; x_wconf 80' lang='lat' dir='ltr'><strong>ita</strong></span> 
     </span>
     <span class='ocr_line' id='line_1_45' title="bbox 188 2899 1640 2959; baseline -0.005 -15"><span class='ocrx_word' id='word_1_413' title='bbox 188 2916 229 2944; x_wconf 89' lang='lat' dir='ltr'><strong>ut</strong></span> <span class='ocrx_word' id='word_1_414' title='bbox 256 2908 366 2946; x_wconf 85' lang='lat' dir='ltr'><strong>decet</strong></span> <span class='ocrx_word' id='word_1_415' title='bbox 398 2910 697 2959; x_wconf 84' lang='lat' dir='ltr'><strong>gubernaturus.</strong></span> <span class='ocrx_word' id='word_1_416' title='bbox 755 2908 817 2946; x_wconf 91' lang='lat' dir='ltr'><strong>Sic</strong></span> <span class='ocrx_word' id='word_1_417' title='bbox 836 2920 926 2945; x_wconf 89' lang='lat' dir='ltr'><strong>vero</strong></span> <span class='ocrx_word' id='word_1_418' title='bbox 954 2906 1039 2956; x_wconf 85' lang='lat' dir='ltr'><strong>ipse</strong></span> <span class='ocrx_word' id='word_1_419' title='bbox 1067 2913 1104 2942; x_wconf 91' lang='lat' dir='ltr'><strong>te</strong></span> <span class='ocrx_word' id='word_1_420' title='bbox 1134 2903 1297 2942; x_wconf 86' lang='lat' dir='ltr'><strong>maxime</strong></span> <span class='ocrx_word' id='word_1_421' title='bbox 1322 2901 1585 2944; x_wconf 78' lang='lat' dir='ltr'><strong>cohortabere,</strong></span> <span class='ocrx_word' id='word_1_422' title='bbox 1608 2899 1640 2937; x_wconf 88' lang='lat' dir='ltr'><strong>si</strong></span> 
     </span>
     <span class='ocr_line' id='line_1_46' title="bbox 903 2979 923 3003; baseline 0 0"><span class='ocrx_word' id='word_1_423' title='bbox 903 2979 923 3003; x_wconf 92' lang='lat' dir='ltr'><strong>c</strong></span> 
     </span>
    </p>
   </div>
  </div>
 </body>
</html>
