1870 3277
696 165 1105 205 PANEGYRICUS.
1584 166 1634 205 43

165 269 368 309 auxiliares
398 276 532 309 contra
562 270 675 308 fidem
706 271 836 308 datam
865 269 1192 321 comprehendere
1220 282 1295 307 non
1321 270 1530 316 dubitaret,
1550 276 1636 308 tan-

164 344 279 382 quam
307 332 448 371 violata
471 332 722 381 jurisjurandi
747 331 934 383 religione
961 330 1263 369 conturbaturus
1294 332 1516 377 exercitum,
1538 331 1634 369 etin

164 393 258 431 deos
271 394 410 445 impius
426 408 511 432 esse
527 394 658 432 mallet
672 407 787 444 quarn
803 402 932 444 aperto
950 394 1076 431 Marte
1092 406 1178 431 curn
1195 392 1249 430 eis
1263 393 1459 432 dimicare.
1503 395 1636 437 Quum

162 462 294 493 autem
311 457 372 493 hae
392 457 539 494 insidiae
559 469 636 493 non
656 456 940 506 processissent
959 465 1202 505 conatusque
1224 455 1253 491 is
1276 454 1410 491 fuisset
1435 455 1576 501 irritus,
1597 461 1637 492 et

162 517 303 555 milites
318 531 363 556 ea
379 519 598 556 calamitate
614 531 689 554 non
706 517 941 554 consternati
958 530 1034 554 una
1051 517 1298 560 mansissent,
1311 516 1349 553 in
1367 529 1435 554 eos
1448 517 1634 554 abeuntes

162 578 437 630 Tisaphernem
459 593 546 617 cum
566 579 761 630 equitibus
783 579 950 623 immisit,
968 591 990 615 a
1010 579 1148 628 quibus
1170 578 1208 615 in
1227 586 1308 615 toto
1329 578 1464 615 itinere
1486 577 1634 615 insidiis

162 641 321 691 appetiti
351 642 509 692 perinde
538 648 790 692 perrexerunt
817 653 862 678 ac
886 640 917 677 si
944 640 1060 678 officii
1080 653 1198 678 causa
1219 639 1519 685 deducerentur,
1539 639 1634 675 nihil

159 701 214 739 ita
234 709 446 740 metuentes
466 710 507 740 ut
527 703 614 740 loca
637 702 803 746 deserta,
825 701 941 752 idque
971 715 1164 739 summum
1184 702 1329 738 bonum
1350 701 1632 745 existimantes,

159 763 191 800 si
208 762 245 799 in
265 763 398 801 hostes
419 777 534 813 quam
555 763 860 801 confertissimos
882 763 1122 800 incidissent.
1181 761 1284 799 Illud
1300 769 1428 799 autem
1446 771 1562 812 caput
1576 769 1636 799 est

158 837 289 862 eorum
319 838 406 875 quae
435 825 614 871 diximus,
636 825 754 874 quod,
780 837 899 874 quum
929 837 1054 873 neque
1082 823 1237 874 praedas
1264 823 1489 873 abegissent
1510 836 1635 873 neque

157 885 286 923 villam
300 894 568 936 occupassent,
586 886 654 923 sed
671 885 819 922 infestis
835 884 948 922 armis
964 885 1090 935 ipsum
1106 897 1238 934 regem
1255 884 1468 934 petiissent,
1487 884 1633 921 minore

158 960 246 984 cum
267 947 437 998 periculo
459 947 747 985 descenderunt
767 959 881 996 quam
898 946 963 996 qui
980 945 1206 995 expetendae
1229 945 1436 982 Persarum
1456 945 1635 983 amicitiae

159 1021 279 1046 causa
305 1009 520 1059 legationes
549 1008 738 1046 obierunt.
797 1008 934 1058 Itaque
962 1007 1053 1044 mihi
1074 1007 1252 1044 videntur
1277 1007 1418 1057 ubique
1444 1014 1634 1044 terrarum

158 1071 363 1121 perspicue
384 1071 582 1108 mollitiem
607 1084 718 1108 suam
738 1070 1049 1107 demonstrasse:
1082 1081 1170 1106 nam
1193 1074 1232 1106 et
1251 1068 1289 1105 in
1310 1068 1507 1106 maritimis
1528 1069 1634 1107 Asiae

160 1131 255 1169 locis
277 1132 405 1169 multis
427 1132 567 1182 praeliis
589 1131 679 1168 victi
701 1138 803 1176 sunt,
823 1139 862 1167 et
882 1130 918 1167 in
941 1130 1135 1180 Europam
1157 1130 1389 1180 transgressi
1409 1143 1544 1180 poenas
1565 1131 1634 1169 de-

161 1192 300 1231 derunt
314 1217 367 1221 —
382 1194 444 1231 alii
467 1194 568 1231 enim
587 1206 717 1231 eorum
739 1192 841 1229 male
862 1192 1068 1243 perierunt,
1083 1191 1145 1228 alii
1162 1192 1324 1241 turpiter
1344 1199 1551 1230 evaserunt
1567 1215 1632 1238 -,

160 1253 325 1304 denique
346 1255 394 1292 ad
415 1256 537 1305 ipsam
561 1255 707 1304 regiam
728 1266 768 1290 se
790 1253 1024 1290 deridendos
1045 1253 1308 1302 praebuerunt.

174 1312 177 1314 ’
211 1315 276 1351 41.
309 1315 446 1366 Neque
467 1315 603 1351 horum
631 1314 837 1364 quicquam
863 1321 1007 1351 temere
1034 1313 1178 1350 factum
1205 1320 1276 1359 est,
1298 1313 1366 1351 sed
1394 1314 1523 1352 omnia
1546 1316 1635 1367 jure

158 1377 369 1428 meritoque
399 1385 637 1415 evenerunt:
669 1390 742 1414 nec
769 1377 868 1414 enim
898 1376 976 1414 fieri
1007 1383 1136 1427 potest
1166 1385 1221 1422 ut,
1243 1377 1308 1427 qui
1334 1377 1389 1414 sic
1416 1378 1635 1417 educantur

159 1446 198 1476 et
217 1438 266 1476 ad
286 1438 390 1477 hunc
414 1439 573 1477 modum
602 1451 660 1476 res
687 1451 776 1476 suas
808 1437 1094 1482 administrant,
1116 1437 1175 1475 vel
1202 1437 1281 1475 ulla
1311 1438 1451 1476 virtute
1483 1440 1635 1490 praediti

159 1499 236 1538 sint
260 1501 320 1538 vel
348 1501 509 1540 devictis
539 1501 717 1538 hostibus
748 1501 999 1551 triumphent.
1058 1501 1147 1544 Quo
1171 1501 1271 1538 enim
1299 1509 1415 1551 pacto
1445 1501 1544 1539 inter
1566 1515 1633 1541 eos

155 1560 213 1599 his
243 1563 412 1600 moribus
441 1563 501 1600 vel
529 1562 707 1613 egregius
735 1563 940 1613 imperator
960 1561 1019 1599 vel
1048 1562 1158 1599 miles
1185 1569 1366 1600 strenuus
1392 1564 1515 1613 possit
1534 1565 1634 1602 exsi-

157 1624 287 1661 stere?
316 1637 477 1675 quorum
500 1637 588 1675 pars
610 1624 778 1661 maxima
797 1632 855 1661 est
877 1624 990 1661 turba
1011 1623 1268 1673 incomposita
1289 1631 1327 1661 et
1344 1624 1490 1661 militiae
1512 1625 1631 1673 rudis,

156 1693 200 1724 ut
219 1686 321 1724 bello
341 1687 514 1737 gerendo
535 1686 737 1731 dissoluta,
759 1686 812 1723 sic
835 1686 882 1724 ad
905 1685 1131 1723 servitutem
1152 1684 1306 1722 famulis
1329 1687 1471 1723 nostris
1493 1687 1630 1725 melius

157 1748 331 1793 erudita3
360 1748 598 1787 celeberrimi
617 1756 744 1787 autem
763 1755 800 1785 et
815 1746 1100 1784 honoratissimi
1119 1746 1262 1797 quique
1283 1759 1412 1784 eorum
1432 1761 1629 1798 nunquam

157 1810 397 1860 aequabiliter
423 1818 490 1848 aut
515 1811 748 1861 populariter
772 1811 978 1847 civiliterve
1000 1811 1187 1853 vixerunt,
1211 1809 1280 1846 sed
1301 1822 1454 1846 omnem
1475 1817 1630 1849 aetatem

155 1872 208 1909 ita
231 1880 442 1922 exegerunt
468 1879 512 1909 ut
536 1873 617 1909 aliis
645 1872 876 1909 insultarent
902 1871 985 1908 aliis
1014 1871 1255 1915 inservirent,
1282 1870 1426 1921 quippe
1453 1871 1630 1911 homines

156 1934 455 1985 corruptissimis
475 1934 651 1985 ingeniis,
674 1947 718 1971 ac
739 1946 898 1983 corpora
917 1933 972 1969 illi
992 1933 1148 1982 quidem
1171 1940 1326 1983 propter
1347 1933 1498 1971 divitias
1520 1948 1630 1972 exor-

156 2004 263 2040 nant,
287 1996 422 2034 animis
444 2004 573 2034 autem
597 2004 752 2046 propter
779 1994 1042 2032 monarchiam
1068 1994 1278 2031 humilibus
1307 2001 1346 2031 et
1371 1997 1630 2034 consternatis

156 2058 307 2107 praediti
325 2058 532 2109 trepidant,
554 2065 598 2096 ut
617 2059 680 2109 qui
703 2057 750 2095 ad
772 2057 894 2108 ipsam
916 2057 1060 2107 regiam
1088 2056 1360 2106 praestolentur
1387 2064 1427 2094 et
1451 2071 1629 2108 procum-

155 2120 248 2157 bant
263 2128 301 2158 et
315 2121 494 2158 omnibus
511 2120 635 2157 modis
653 2120 802 2171 abjecto
819 2132 905 2156 esse
926 2118 1054 2155 animo
1071 2118 1318 2163 meditentur,
1335 2131 1455 2168 quum
1473 2120 1629 2170 quidem

153 2181 348 2221 hominem
368 2182 571 2220 mortalem
601 2182 764 2220 adorent
788 2188 827 2219 et
853 2181 966 2220 deum
994 2180 1205 2231 appellent,
1230 2180 1324 2217 deos
1353 2187 1480 2218 autem
1508 2183 1630 2232 magis

153 2259 268 2296 quam
291 2246 468 2283 homines
494 2252 757 2283 contemnant.
817 2244 983 2281 Proinde
1006 2243 1064 2280 isti
1087 2243 1150 2293 qui
1172 2243 1220 2279 ad
1243 2256 1347 2281 mare
1369 2243 1628 2291 descendunt,

154 2320 252 2357 quos
284 2314 456 2357 satrapas
485 2314 638 2352 vocant,
665 2320 743 2344 non
775 2305 956 2343 dedecori
984 2312 1074 2342 sunt
1106 2304 1274 2342 Persicae
1302 2304 1530 2355 disciplima,
1559 2307 1629 2344 sed

153 2369 288 2406 eadem
310 2376 445 2407 tenent
464 2368 652 2414 instituta,
675 2368 807 2406 amicis
829 2367 943 2404 fidem
967 2380 1043 2404 non
1067 2372 1282 2411 servantes,
1299 2373 1435 2403 contra
1452 2366 1627 2404 inimicos

154 2433 391 2478 effoeminati‚
422 2433 561 2484 partim
591 2433 739 2482 abjecte
771 2432 909 2483 partim
940 2431 1104 2481 superbe
1134 2430 1322 2475 viventes,
1350 2443 1466 2479 quum
1500 2431 1627 2468 socios

153 2494 383 2545 despiciant,
409 2494 540 2532 hostes
569 2493 716 2531 colunt.
773 2492 945 2543 Agesilai
977 2499 1081 2530 certe
1113 2491 1267 2541 quidem
1302 2490 1514 2528 exercitum
1549 2492 1627 2530 suis

153 2557 368 2607 sumptibus
395 2563 484 2594 octo
512 2569 665 2594 menses
686 2556 880 2599 aluerunt,
901 2554 964 2605 qui
986 2566 1076 2590 vero
1097 2566 1165 2604 pro
1187 2553 1241 2590 eis
1263 2553 1298 2588 in
1320 2552 1403 2589 acie
1423 2559 1626 2600 steterant,

153 2631 219 2657 eos
245 2619 300 2656 bis
329 2619 490 2657 totidem
519 2619 705 2656 mensium
733 2616 924 2668 stipendio
951 2616 1206 2658 fraudarunt;
1238 2627 1284 2651 ac
1310 2614 1355 2651 iis
1383 2615 1538 2664 quidem
1560 2617 1626 2667 qui

154 2681 365 2719 Cisthenen
395 2688 636 2731 occuparant
666 2686 821 2717 centum
851 2678 998 2716 talenta
1023 2684 1114 2715 sunt
1139 2676 1281 2726 largiti,
1307 2688 1374 2714 eos
1403 2684 1532 2714 autem
1560 2678 1625 2728 qui

154 2756 241 2780 cum
259 2744 350 2794 ipsis
371 2744 407 2781 in
429 2744 558 2794 Cypro
580 2742 786 2780 militarant
805 2741 1119 2779 contumeliosius
1140 2751 1252 2788 quam
1283 2739 1453 2788 captivos
1481 2746 1623 2778 tracta-

154 2811 254 2841 runt.
312 2805 362 2842 Et
380 2813 422 2842 ut
448 2805 482 2842 in
508 2817 634 2855 pauca
657 2817 733 2841 rem
761 2803 954 2841 conferam
985 2813 1111 2851 neque
1140 2799 1292 2850 singula
1318 2808 1533 2843 consecter,
1555 2801 1621 2837 sed

155 2865 192 2902 in
221 2877 360 2915 genere
387 2865 527 2911 dicam,
545 2867 632 2916 quis
659 2873 725 2903 aut
750 2865 894 2902 bellum
921 2877 1007 2900 cuni
1035 2861 1090 2898 eis
1112 2861 1232 2911 gessit
1253 2860 1343 2911 quin
1366 2861 1623 2912 locupletatus

155 2927 366 2972 recesserit,
387 2935 453 2966 aut
480 2929 515 2966 in
543 2942 670 2966 eorum
696 2933 922 2978 potestatem
949 2923 1088 2962 cecidit
1115 2923 1204 2972 quin
1230 2935 1297 2973 per
1324 2923 1533 2960 cruciatum
1564 2923 1622 2959 in-
