1870 3277
729 189 1044 228 EVAGORAS.
1546 187 1621 225 123

152 302 313 341 regnum
342 291 392 328 sit
419 290 597 342 adeptus.
653 291 785 341 Atque
812 291 897 328 haec
925 303 970 328 ea
996 290 1145 331 ratione
1171 289 1356 328 facillime
1382 289 1529 335 credet,
1551 288 1618 339 qui

151 351 208 389 his
233 364 320 402 quae
346 350 507 390 dicimus
527 351 641 390 valde
666 353 853 402 abrogata
876 351 950 390 fide
969 353 1171 402 exquirere
1191 351 1398 389 instituerit
1418 350 1616 402 quomodo

151 414 277 464 regnis
311 413 451 464 singuli
485 414 562 452 sint
590 413 715 466 potiti.
774 412 988 463 Apparebit
1017 412 1133 458 enim,
1153 424 1214 449 me
1245 424 1320 449 non
1349 411 1398 449 de
1425 411 1618 450 industria

149 481 329 525 captasse
349 475 733 526 magniloquentiam,
749 475 818 513 sed
833 475 885 512 rei
898 474 1056 513 veritate
1073 473 1285 512 adductum
1307 472 1359 510 ita
1379 472 1618 511 confidenter

151 535 200 574 de
220 549 264 574 eo
285 537 525 575 disseruisse.

208 598 268 634 18.
299 598 414 642 Nam,
447 597 638 648 siquidem
668 598 795 650 parvis
822 599 938 636 rebus
965 597 1225 642 excelluisset‚
1252 596 1352 635 tales
1384 596 1497 634 etiam
1529 608 1617 633 ora·

148 658 273 697 tiones
293 659 342 696 de
361 671 407 696 eo
431 659 562 696 haberi
591 659 728 697 fuisset
754 672 933 711 aequum:
964 672 1070 697 nunc
1096 671 1261 709 regnum
1281 656 1451 695 omniurn
1471 656 1619 694 divino-

147 733 230 757 rum
252 728 290 758 et
308 719 564 758 humanorum
583 721 769 758 bonorum
791 734 878 759 esse
905 720 1117 758 maximum
1138 726 1177 758 et
1198 717 1556 771 splendidissimum
1577 722 1617 756 et

145 793 297 819 summa
329 781 389 819 vel
426 794 619 820 armorum
656 782 904 821 contentione
940 781 1211 833 dignissimum
1248 781 1421 819 fatentur
1461 791 1613 818 omnes.

147 842 248 879 Eum
265 843 379 893 igitur
396 843 460 894 qui
481 857 520 881 re
540 842 578 880 in
599 849 681 881 tota
700 856 825 882 rerum
846 849 983 891 natura
1004 843 1120 892 longe
1146 841 1405 893 pulcherrima
1432 839 1615 891 pulcher-

143 903 237 941 rime
255 905 397 955 potitus
413 912 485 950 est,
498 905 584 956 quis
601 912 730 943 orator
746 912 811 943 aut
827 911 944 956 poeta
959 912 1025 943 aut
1040 905 1242 942 verborum
1256 903 1384 955 opifex
1402 915 1472 953 pro
1488 914 1615 939 rerum

145 971 341 1016 gestarum
363 966 550 1017 dignitate
568 966 826 1004 collaudarit?

202 1027 266 1064 19.
302 1027 439 1078 Neque
472 1041 561 1066 vero
593 1041 712 1078 quum
747 1027 785 1064 in
819 1026 878 1064 his
913 1026 1172 1073 excelluisset,
1203 1026 1240 1064 in
1274 1025 1428 1063 caeteris
1459 1023 1614 1062 inferior

141 1087 262 1125 fuisse
281 1088 559 1139 comperietur3
591 1101 679 1126 nam
700 1089 878 1139 primum,
897 1088 1074 1139 quamvis
1096 1087 1252 1138 ingenio
1269 1085 1491 1123 felicissimo
1509 1093 1616 1123 esset

143 1149 386 1201 plurimaque
405 1151 475 1188 rite
496 1150 684 1188 conficere
704 1156 853 1201 posset,
874 1163 950 1187 non
971 1156 1101 1187 tamen
1123 1148 1365 1199 negligenter
1393 1161 1440 1186 ac
1467 1153 1613 1186 temere

142 1211 348 1262 quicquam
375 1212 571 1262 agendum
597 1212 668 1250 sibi
694 1212 860 1258 censuit,
883 1211 949 1249 sed
973 1211 1009 1248 in
1033 1210 1264 1261 inquirendo
1285 1216 1324 1247 et
1341 1209 1551 1259 cogitando
1571 1216 1614 1247 et

141 1272 390 1311 deliberando
411 1274 616 1324 plurimum
645 1272 826 1323 temporis
848 1271 1106 1323 consumpsit,
1131 1271 1368 1316 existimans,
1391 1270 1422 1308 si
1444 1277 1612 1308 mentem

141 1335 259 1384 probe
279 1335 530 1380 exercuisset,
545 1346 704 1385 regnum
726 1346 882 1384 quoque
901 1346 1013 1370 suum
1036 1332 1117 1370 fore
1137 1331 1383 1383 praeclarum,
1400 1343 1613 1381 eorumque

142 1409 266 1435 mores
283 1397 491 1435 demiratus
508 1397 573 1448 qui
594 1404 821 1435 caeterarum
843 1409 968 1434 rerum
990 1407 1109 1433 causa
1130 1394 1271 1432 mentis
1291 1405 1421 1431 curam
1444 1393 1614 1443 suscipe-

141 1465 240 1504 rent,
269 1459 387 1510 ipsam
417 1472 507 1497 vero
543 1465 710 1496 mentem
740 1471 898 1509 prorsus
927 1457 1184 1508 negligerent.
1242 1455 1288 1493 In
1319 1455 1436 1493 rebus
1468 1454 1611 1492 deinde

141 1519 452 1559 administrandis
478 1521 580 1558 idem
603 1519 715 1570 plane
736 1519 880 1557 sensit:
911 1532 1031 1569 quum
1055 1518 1154 1556 enim
1179 1517 1326 1555 videret
1345 1529 1411 1555 eos
1431 1516 1497 1567 qui
1519 1529 1611 1554 suas

140 1593 202 1618 res
223 1582 518 1631 diligentissime
547 1588 731 1621 curarent
760 1581 946 1619 molestiis
978 1580 1079 1619 affici
1105 1579 1284 1626 minimis,
1305 1587 1343 1617 et
1362 1592 1471 1617 veras
1493 1579 1610 1617 animi

139 1644 384 1683 remissiones
405 1658 482 1684 non
498 1645 535 1683 in
557 1645 711 1695 ignavia
732 1657 818 1682 esse
837 1644 985 1695 positas
1004 1643 1072 1681 sed
1090 1649 1193 1681 recte
1215 1641 1327 1680 factis
1348 1647 1387 1679 et
1406 1640 1613 1679 tolerantia

140 1703 316 1743 laborum
336 1713 528 1753 constare,
549 1706 641 1743 nihil
671 1705 955 1756 inexploratum
984 1703 1154 1755 reliquit,
1176 1702 1244 1741 sed
1275 1703 1327 1740 ita
1356 1702 1526 1753 perfecte
1550 1715 1610 1740 res

141 1768 297 1806 tenebat
325 1768 376 1806 ita
403 1768 508 1806 cives
537 1767 714 1818 singulos
736 1774 862 1813 norat,
885 1773 928 1804 ut
947 1779 1019 1804 nec
1040 1766 1088 1804 ab
1109 1764 1396 1802 insidiatoribus
1418 1763 1610 1814 opprime-

139 1835 244 1866 retur
269 1843 340 1868 nec
371 1831 494 1868 bonos
519 1830 726 1881 ignoraret,
760 1829 830 1867 sed
865 1841 999 1866 omnes
1028 1841 1095 1879 pro
1123 1825 1255 1864 merito
1285 1831 1492 1868 tractaret;
1532 1837 1610 1862 non

139 1890 236 1927 enim
258 1893 362 1930 cives
382 1900 447 1930 aut
468 1893 653 1944 puniebat
674 1899 740 1930 aut
760 1891 975 1929 honorabat
998 1904 1047 1929 ex
1076 1889 1238 1928 aliorum
1260 1887 1518 1932 sermonibus,
1540 1886 1610 1924 sed

139 1963 208 2000 pro
238 1965 309 1990 sua
332 1954 574 1992 conscientia
604 1954 653 1991 de
681 1953 735 1991 eis
757 1953 972 2004 judicabat.
1031 1952 1164 1995 Quum
1195 1950 1307 2000 igitur
1328 1949 1364 1986 in
1386 1948 1609 1999 hujusmodi

136 2014 357 2052 curationes
394 2028 434 2052 se
469 2015 712 2060 collocasset,
744 2028 791 2051 ne
824 2015 861 2051 in
896 2026 1025 2052 eorum
1058 2011 1216 2064 quidem
1248 2009 1490 2060 negotiorum
1521 2023 1608 2060 quae

139 2075 259 2113 indies
285 2076 460 2114 incidunt
479 2076 537 2114 vel
566 2076 677 2114 unico
705 2076 888 2127 deceptus
916 2082 986 2121 est,
1009 2074 1077 2112 sed
1107 2072 1191 2111 urbi
1221 2079 1330 2110 tanta
1349 2077 1387 2109 et
1406 2072 1550 2122 pietate
1572 2077 1611 2109 et

139 2136 377 2175 humanitate
398 2137 563 2188 praefuit,
576 2144 619 2182 ut
639 2137 812 2188 hospites
834 2150 911 2174 non
932 2136 1056 2187 magis
1079 2135 1294 2184 Evagoram
1316 2132 1380 2183 qui
1402 2133 1610 2183 imperaret

139 2212 253 2247 quam
274 2199 339 2249 qui
361 2200 427 2237 tali
447 2199 526 2250 regi
549 2205 728 2250 parerent
756 2199 972 2236 fortunatos
988 2196 1235 2248 judicarent:
1268 2207 1354 2231 nam
1376 2193 1449 2231 hoc
1471 2207 1607 2245 perpe-

138 2267 244 2297 tuum
265 2261 346 2312 ejus
368 2261 537 2298 studium
559 2261 632 2298 fuit
652 2260 843 2298 neminem
864 2259 1003 2310 injuria
1020 2257 1180 2303 laedere,
1201 2262 1240 2293 et
1258 2256 1382 2294 bonos
1403 2254 1607 2300 honorare,

135 2330 176 2360 et
203 2336 272 2374 pro
299 2323 444 2374 imperii
470 2323 626 2374 quidem
654 2321 885 2360 auctoritate
912 2333 1000 2359 cum
1026 2319 1206 2357 omnibus
1235 2330 1362 2368 agere,
1383 2316 1452 2354 sed
1482 2315 1606 2353 delin-

136 2392 298 2435 quentes
318 2384 498 2436 legitimis
530 2384 726 2435 suppliciis
749 2395 949 2421 coercere:
982 2381 1075 2419 nihil
1102 2380 1166 2417 ille
1193 2379 1349 2430 quidem
1377 2377 1606 2416 consiliariis

136 2447 347 2497 indigebat,
368 2446 437 2485 sed
459 2454 587 2485 tamen
610 2446 820 2485 amicorum
844 2444 1054 2484 sententias
1076 2444 1123 2482 de
1146 2443 1259 2480 rebus
1277 2441 1456 2479 omnibus
1473 2440 1604 2478 audie-

136 2509 224 2546 bat:
267 2508 398 2547 amicis
426 2522 529 2560 saepe
557 2508 604 2546 de
629 2509 716 2559 jure
748 2521 818 2546 suo
849 2506 1104 2550 concedebat,
1132 2515 1285 2554 semper
1314 2509 1440 2539 autem
1471 2500 1605 2539 hostes

137 2572 368 2621 superabat:
402 2572 641 2623 majestatem
663 2572 843 2609 tuebatur
865 2583 942 2607 non
963 2574 1162 2607 contracto
1184 2564 1404 2615 supercilio,
1425 2563 1494 2602 sed
1517 2564 1604 2602 vitae

136 2632 335 2670 instituto:
369 2633 471 2670 nulla
492 2633 528 2670 in
551 2645 590 2670 re
612 2632 784 2670 ordinem
809 2629 1119 2670 constantiamve
1147 2626 1384 2676 negligebat,
1406 2624 1475 2663 sed
1496 2626 1604 2676 quic-

135 2694 226 2744 quid
247 2694 370 2732 verbis
400 2695 652 2746 promisisset,
675 2707 752 2732 non
781 2693 908 2730 minus
935 2691 1112 2730 servabat
1139 2700 1255 2738 quam
1277 2687 1307 2725 si
1329 2686 1602 2737 jusjurandum

135 2755 327 2794 dedisset:
363 2757 558 2795 animosus
591 2769 666 2793 non
700 2756 749 2794 ob
783 2756 949 2792 fortunae
981 2762 1155 2794 munera,
1177 2749 1245 2786 sed
1275 2754 1380 2786 recte
1411 2748 1602 2786 factorum

136 2816 396 2855 couscientia:
428 2818 572 2855 amicos
595 2816 792 2854 beneficiis
814 2814 884 2852 sibi
907 2812 1160 2855 devinciebat,
1182 2810 1276 2848 alios
1307 2809 1422 2847 animi
1453 2811 1604 2858 magni-

136 2879 270 2917 tudine
302 2879 524 2929 subigebat:
559 2877 734 2916 terribilis
765 2883 847 2914 erat
873 2888 948 2912 non
980 2872 1171 2922 frequenti
1202 2872 1362 2916 saevissa,
1384 2870 1451 2908 sed
1474 2871 1602 2908 excel-

136 2941 227 2978 lenti
248 2939 454 2991 supicntia:
477 2939 744 2990 voluptatibus
760 2937 987 2987 imperabat,
1000 2947 1073 2971 non
1091 2940 1216 2971 nutem
1232 2932 1506 2983 cupiditatibus
1523 2944 1598 2969 scr-
