1870 3277
235 145 310 179 ‘276
469 143 763 180 lSOCRATlS
795 144 1081 181 ADVERSUS
1116 146 1449 187 EUTHYNUM.

242 247 362 284 Niciae
394 247 613 292 amentiam,
635 255 677 283 ut
710 247 791 297 ipse
820 246 857 284 in
887 248 1023 298 capitis
1052 248 1221 298 periculo
1251 251 1484 288 constitutus
1512 250 1609 288 alios
1630 262 1691 287 ca-

239 308 502 354 lumniaretur,
530 317 567 346 et
594 309 656 358 qui
685 322 754 346 sua
785 309 880 346 tueri
912 322 986 346 non
1016 316 1182 360 poterat,
1206 311 1339 349 alienis
1372 312 1624 357 insidiaretur,
1654 318 1693 348 et

241 377 378 421 praeter
404 382 470 407 eos
499 370 673 407 inimicos
704 382 802 420 quos
823 371 904 421 jam
933 371 1113 417 habebat,
1143 372 1300 410 aliorum
1331 374 1444 410 etiam
1472 373 1559 411 odia
1588 374 1625 410 in
1653 385 1692 410 se

241 431 463 478 concitaret,
478 439 594 482 atque
614 431 700 469 illos
717 445 782 482 per
797 431 971 482 injuriam
991 441 1204 479 accusaret,
1223 447 1244 472 a
1259 435 1414 485 quibus,
1432 435 1580 473 etiamsi
1595 435 1695 472 frau-

241 493 435 531 dationem
468 493 689 538 faterentur‚
718 495 782 542 jus
816 506 927 531 suum
954 496 1140 546 consequi
1166 509 1243 534 non
1282 496 1499 547 potuisset?
1536 508 1581 534 ac
1611 502 1692 533 tum

242 555 412 606 superior
435 556 517 594 aliis
538 568 619 593 esse
640 555 826 600 studeret,
855 569 972 606 quum
995 570 1064 595 nec
1086 570 1197 608 aequo
1214 560 1302 607 jure
1321 558 1490 596 viveret?
1519 564 1557 596 et
1576 569 1694 608 quum

241 629 287 655 ea
301 630 388 667 quae
409 630 483 655 non
507 625 707 668 acceperat
727 618 831 654 luere
853 625 1067 668 cogeretur,
1085 626 1178 657 tunc
1199 633 1245 657 ea
1260 633 1346 670 quae
1366 632 1443 657 non
1462 619 1636 657 dedisset
1656 632 1696 656 se

240 679 531 730 impetraturum
553 678 751 729 speraret?
799 679 855 716 Ac
874 678 922 716 de
943 678 1001 717 his
1022 679 1174 730 quidem
1192 681 1275 718 haec
1296 681 1435 718 dixisse
1451 680 1628 718 sufficiat.

302 741 362 777 ll.
395 741 583 779 Fortassis
615 747 742 778 autem
778 741 982 792 Euthynus
1010 742 1046 778 id
1072 742 1176 792 quod
1198 743 1278 793 jam
1310 751 1399 780 ante
1419 755 1572 792 quoque
1597 741 1698 778 dixit

242 808 401 854 repetet,
417 815 472 848 se,
492 803 523 840 si
550 802 725 853 injuriam
750 802 877 840 facere
901 802 1180 849 constituisset,
1204 817 1395 855 nunquam
1417 805 1513 842 duas
1533 802 1696 854 depositi

243 870 373 915 partes
392 864 511 902 fuisse
530 864 790 909 redditurum,
806 872 846 901 et
872 864 1020 902 tertiam
1050 864 1241 902 duntaxat
1269 872 1519 911 retenturum,
1539 865 1607 904 sed
1629 877 1697 902 seu

238 925 345 976 juste
364 938 433 964 seu
453 926 594 976 injuste
616 937 727 975 agere
745 924 944 971 voluisset,
962 925 1099 963 eodem
1116 925 1243 964 animo
1264 927 1311 965 de
1327 934 1409 964 tota
1428 939 1578 965 summa
1593 926 1697 964 futu-

246 1000 327 1024 rum
348 987 482 1025 fuisse.

304 1050 364 1085 12.
397 1049 481 1100 Ego
502 1060 590 1086 vero
618 1060 685 1086 vos
709 1061 844 1086 omnes
867 1049 962 1087 scire
988 1055 1096 1100 puto,
1115 1061 1251 1087 omnes
1272 1049 1461 1094 homines,
1481 1049 1511 1087 si
1530 1049 1623 1101 quid
1643 1050 1702 1087 in-

235 1111 331 1161 justi
351 1110 568 1157 moliantur,
588 1111 702 1149 etiam
724 1110 990 1150 defensionem
1019 1112 1131 1150 simul
1160 1113 1357 1151 meditari:
1393 1124 1511 1164 quare
1531 1125 1608 1150 non
1627 1112 1699 1150 mi-

239 1172 402 1211 randum
432 1180 504 1219 est,
524 1173 764 1224 Euthynum,
788 1179 831 1210 ut
861 1174 936 1212 ista
955 1173 1083 1212 dicere
1104 1181 1250 1226 posset,
1271 1174 1346 1213 hoc
1367 1174 1484 1213 modo
1504 1174 1696 1226 justitiam

243 1234 422 1273 violasse.
480 1234 541 1272 Ad
561 1234 646 1272 haec
668 1234 764 1273 alios
784 1234 898 1273 etiam
919 1235 1124 1274 ostendere
1151 1249 1318 1288 possem,
1338 1237 1403 1288 qui
1433 1236 1608 1288 pecuniis
1635 1248 1700 1273 ac-

247 1298 367 1348 ceptis
379 1297 584 1336 maximam
605 1303 754 1349 partem
773 1297 1036 1343 reddiderunt,
1048 1311 1175 1350 pauca
1193 1299 1448 1344 retinuerunt,
1462 1305 1499 1337 et
1516 1299 1555 1336 in
1574 1296 1702 1349 parvis

245 1359 411 1411 negotiis
440 1359 579 1397 fraude
610 1367 700 1397 sunt
729 1359 801 1404 usi,
823 1360 860 1396 in
890 1361 1039 1410 magnis
1059 1360 1247 1411 justitiam
1277 1361 1420 1398 secuti:
1451 1372 1569 1411 quare
1598 1359 1702 1397 istud

247 1434 371 1472 neque
392 1421 512 1459 solius
534 1420 706 1472 Euthyni
726 1433 798 1458 nec
826 1421 936 1471 primi
964 1421 1167 1459 artificium
1198 1429 1268 1459 est.
1327 1422 1507 1472 Cogitate
1527 1434 1652 1473 porro,
1672 1422 1702 1458 si

246 1483 353 1521 vobis
371 1482 502 1521 fucum
523 1482 601 1520 fleri
621 1482 818 1533 patiemini
838 1482 886 1519 ab
905 1481 987 1520 istis
1007 1482 1073 1533 qui
1093 1482 1227 1520 dicunt
1245 1482 1350 1527 talia,
1371 1496 1439 1521 vos
1458 1483 1583 1533 legem
1603 1481 1702 1519 latu-

247 1556 310 1581 ros
330 1555 418 1581 esse
446 1542 642 1593 quomodo
671 1542 852 1580 fraudare
882 1549 1082 1592 oporteat:
1112 1544 1149 1580 in
1182 1550 1380 1593 posterum
1410 1543 1526 1594 igitur
1557 1549 1703 1593 partem

246 1605 424 1652 reddent,
443 1612 591 1656 partem
613 1604 843 1642 retinebunt.
876 1604 976 1641 Nam
999 1617 1020 1642 e
1038 1617 1078 1642 re
1099 1618 1230 1643 eorum
1250 1605 1419 1643 futurum
1440 1612 1512 1653 est,
1532 1605 1577 1653 si,
1594 1618 1706 1657 argu-

246 1672 376 1704 mento
396 1666 571 1717 pecuniae
592 1665 754 1703 redditae
776 1665 846 1711 usi,
866 1678 999 1716 poenas
1020 1678 1098 1703 non
1119 1665 1269 1704 dabunt
1286 1666 1525 1717 interceptae.

306 1729 366 1766 13.
398 1727 651 1766 Considerate
668 1733 868 1778 praeterea,
888 1739 1003 1778 quam
1024 1726 1137 1765 facile
1156 1740 1225 1778 pro
1246 1728 1370 1767 Niciae
1390 1727 1616 1766 defensione
1629 1728 1706 1766 dici

247 1791 397 1843 possint
439 1791 576 1829 eadem
611 1802 697 1841 quae
731 1802 798 1840 pro
836 1803 876 1827 se
909 1789 1018 1828 affert
1039 1789 1258 1841 Euthynus.
1331 1790 1460 1834 Quum
1494 1790 1594 1828 enim
1626 1790 1705 1828 duo

247 1853 393 1891 talenta
412 1851 571 1903 recepit,
589 1864 703 1889 netno
724 1851 778 1889 illi
798 1857 938 1902 praesto
957 1852 1041 1889 fuit.
1098 1851 1360 1904 Quapropter,
1380 1852 1411 1890 si
1431 1853 1465 1890 ei
1482 1852 1704 1891 calumniari

251 1917 402 1955 libitum
421 1915 573 1960 fuisset,
594 1915 687 1953 satis
708 1922 881 1966 apparet,
902 1928 988 1953 eum
1009 1914 1096 1953 haec
1123 1915 1238 1953 etiam
1260 1928 1300 1952 se
1320 1915 1512 1966 recepisse
1542 1922 1706 1966 negatu-

251 1993 335 2017 rum
353 1978 487 2025 fuisse,
509 1978 635 2028 deque
653 1978 843 2016 universis
872 1977 1007 2016 eadem
1028 1977 1145 2016 verba
1171 1978 1386 2021 facturum
1415 1977 1471 2015 sic
1499 1985 1538 2015 et
1557 1977 1606 2015 de
1623 1990 1705 2015 ma-

244 2043 328 2093 jore
346 2041 515 2094 pecunia
532 2040 737 2092 Euthynus
756 2040 794 2078 in
816 2040 1021 2080 discrimen
1042 2040 1202 2086 veniret,
1224 2046 1263 2080 et
1288 2039 1348 2079 his
1382 2040 1618 2091 argumentis
1648 2038 1703 2077 uti

252 2117 330 2143 non
358 2112 507 2156 posset.

311 2167 371 2204 14.
394 2165 589 2204 Praeterea
607 2178 720 2204 nemo
739 2172 858 2216 queat
876 2164 1095 2209 ostendere,
1115 2177 1183 2202 cur
1205 2164 1335 2202 Nicias
1357 2164 1578 2215 Euthynum
1594 2176 1708 2203 accu-

256 2230 376 2266 saret&
406 2225 474 2264 sed
505 2225 705 2264 intellectu
735 2225 849 2264 facile
878 2233 951 2272 est,
971 2238 1039 2263 cur
1067 2225 1273 2276 Euthynus
1302 2225 1377 2263 hoc
1402 2225 1518 2263 modo
1549 2225 1721 2276 injurius-

257 2290 383 2328 fuerit.
441 2289 570 2333 Quum
592 2288 693 2326 enirn
715 2288 847 2326 Nicias
866 2289 903 2326 in
927 2288 1035 2326 malis
1055 2295 1170 2334 esset,
1191 2301 1324 2326 omnes
1344 2290 1500 2339 cognati
1531 2295 1571 2326 et
1600 2288 1711 2326 fami-

256 2352 371 2389 liares
403 2351 486 2402 ejus
518 2350 718 2388 audierant
751 2363 837 2386 eum
871 2349 1054 2400 quicquid
1087 2350 1237 2399 argenti
1267 2350 1455 2388 habuerat
1486 2350 1712 2401 deposuisse

256 2413 360 2465 apud
388 2413 519 2450 istum.
577 2411 825 2462 Intelligebat
852 2411 966 2462 igitur
987 2411 1207 2462 Euthynus,
1232 2412 1328 2450 scire
1348 2412 1490 2450 multos
1508 2412 1711 2463 pecuniam

258 2475 361 2526 apud
378 2488 418 2512 se
438 2486 537 2517 esse,
560 2480 748 2523 quantum
769 2484 873 2519 vero,
889 2472 928 2510 id
947 2472 1139 2511 neminem
1156 2473 1373 2512 audivisse:
1404 2486 1522 2524 quare
1540 2473 1713 2524 putabat,

256 2538 286 2574 si
306 2535 400 2586 quid
419 2535 465 2573 de
487 2548 647 2574 numero
667 2534 931 2580 subtraxisset,
952 2533 1053 2572 clam
1073 2535 1177 2578 fore;
1208 2535 1266 2573 sin
1286 2541 1409 2573 totum
1431 2535 1624 2580 retineret,
1644 2535 1713 2573 de-

260 2598 490 2648 prehensum
510 2596 567 2633 iri.
626 2595 768 2633 Maluit
784 2595 897 2647 igitur
917 2601 1064 2634 tantum
1086 2609 1237 2634 sumere
1258 2603 1446 2646 quantum
1474 2597 1567 2634 satis
1593 2604 1710 2642 esset,

262 2658 603 2708 defensionemque
626 2658 696 2695 sibi
718 2657 894 2709 relinqui,
909 2670 1025 2707 quam
1044 2669 1091 2694 ne
1107 2657 1264 2696 inficiari
1276 2658 1431 2708 quidem
1447 2670 1558 2709 posse
1575 2659 1605 2696 si
1621 2658 1713 2696 nihil

261 2721 415 2759 omnino
435 2720 682 2759 reddidisset.
