1870 3277
651 202 724 240 AD
756 201 1080 240 PHILIPPUM.
1550 199 1600 235 63

132 306 262 352 utiles,
297 306 365 344 tibi
393 319 499 351 vero,
522 306 554 344 si
587 304 733 343 bellum
766 305 951 343 adversus
977 318 1064 343 eum
1097 316 1230 354 gerere
1258 303 1453 349 volueris,
1484 315 1608 354 oppor

133 375 240 406 tunae
260 356 401 405 futurae
425 374 528 405 sunt.

180 432 245 468 43.
268 430 436 467 Idrieum
456 442 569 480 porro
591 428 928 480 opulentissimum
945 427 1047 464 Asiae
1068 433 1343 478 satrapaiiraut
1362 426 1599 464 infestiorem

130 504 216 529 esse
250 491 331 542 regi
366 504 482 542 quam
517 504 583 528 eos
612 491 677 541 qui
707 490 835 541 palam
866 490 1010 527 bellum
1042 495 1196 540 gerunt,
1229 495 1296 526 aut
1327 488 1496 525 omnium
1527 488 1598 525 ho-

133 554 278 591 minum
302 553 603 605 abjectissimum
635 567 719 590 esse
750 565 910 590 necesse
939 559 1010 599 est,
1033 552 1063 588 si
1093 551 1168 589 hoc
1193 549 1393 601 imperium
1421 562 1600 588 corruere

129 615 249 660 nolet,
281 616 387 666 quod
416 616 569 653 fratrem
603 616 686 666 ejus
722 613 971 659 excruciavit,
1004 613 1110 663 quod
1136 612 1280 650 bellum
1307 618 1445 649 contra
1474 611 1600 662 ipsum

130 678 266 728 gessit,
287 677 390 728 quod
418 685 602 728 perpetuo
635 676 793 714 insidias
816 675 955 713 struxit
980 683 1022 712 ut
1049 683 1088 712 et
1115 687 1276 725 corpore
1297 680 1336 711 et
1361 673 1497 724 opibus
1518 673 1599 724 ejus

131 741 330 791 potiretur.
388 738 562 782 Quarum
588 751 714 775 rerum
736 744 841 775 metu
872 737 1093 788 perterritus
1118 749 1221 773 nunc
1250 748 1381 785 regern
1416 735 1541 773 colere
1563 742 1602 773 et

132 804 340 854 quotannis
357 816 536 854 magnam
552 802 727 853 pecuniae
745 802 822 839 vim
841 801 990 839 mittere
1008 800 1184 851 cogitur:
1213 799 1282 837 sed
1297 806 1347 843 te,
1362 798 1393 835 si
1410 798 1448 836 in
1467 798 1600 836 Asiam

130 867 338 918 trajeceris,
373 880 451 904 non
482 866 543 904 ille
575 865 691 904 modo
724 865 848 902 libens
880 864 1032 910 viderit,
1060 864 1279 915 adjutorem
1315 862 1386 899 sibi
1419 861 1601 900 advenire

132 929 369 974 existimans,
391 928 459 965 sed
486 936 525 966 et
545 928 707 965 aliorum
734 934 973 977 satraparum
1004 926 1146 963 multos
1175 925 1224 962 ad
1251 924 1512 962 defectionem
1532 923 1602 961 im-

130 991 268 1042 pelles,
298 998 456 1028 ostensa
490 1004 558 1040 spe
590 989 792 1033 libertatis,
819 989 974 1038 istoque
1005 987 1160 1025 nomine
1194 986 1232 1024 in
1263 986 1362 1024 Asia
1388 985 1603 1037 divulgato,

132 1053 238 1103 quod
269 1066 384 1104 quum
420 1053 459 1090 in
497 1052 653 1090 Graecia
688 1050 977 1102 percrebuisset
1009 1057 1049 1088 et
1081 1050 1193 1087 nobis
1226 1056 1265 1087 et
1293 1048 1603 1087 Lacedaemoniis

133 1114 272 1165 eripuit
299 1113 514 1164 imperium.

187 1179 252 1213 44.
282 1175 401 1213 Plura
421 1176 602 1220 dicerem,
623 1187 701 1225 qua
726 1175 874 1212 ratione
891 1173 996 1212 bello
1017 1172 1323 1212 administrando
1343 1172 1444 1223 regis
1464 1180 1604 1223 poten-

135 1237 225 1276 tiam
246 1236 427 1274 facillime
449 1237 637 1282 vinceres,
658 1237 732 1274 nisi
751 1250 903 1275 vererer
931 1236 1176 1287 quorundam
1195 1235 1552 1287 reprehensionem,
1573 1234 1605 1272 si

134 1312 221 1349 ego,
255 1298 320 1349 qui
359 1312 557 1349 nunquam
592 1298 731 1336 bellica
765 1298 964 1349 gesserim,
1001 1311 1107 1335 nunc
1146 1297 1214 1335 tibi
1250 1305 1339 1348 post
1368 1296 1534 1347 plurima
1566 1304 1606 1335 et

134 1360 436 1413 praeclarissima
467 1360 557 1398 belli
586 1360 759 1398 facinora
790 1360 895 1398 edita
923 1359 1175 1411 praescribere
1206 1358 1417 1397 studerem.
1475 1359 1606 1400 Quare

134 1425 184 1463 de
203 1423 260 1462 his
280 1423 436 1474 quidem
457 1423 631 1474 pluribus
652 1422 778 1461 verbis
796 1435 894 1474 opus
912 1436 999 1461 esse
1021 1436 1098 1460 non
1119 1429 1227 1474 puto.

187 1487 254 1523 45.
286 1485 402 1529 Quod
436 1492 563 1523 autem
584 1484 633 1522 ad
666 1484 812 1535 reliqua
838 1484 986 1530 attinet,
1014 1484 1175 1522 arbitror
1198 1489 1235 1522 et
1253 1490 1403 1534 patrem
1433 1488 1544 1520 tuum
1566 1489 1606 1520 et

136 1560 223 1586 eum
244 1547 308 1597 qui
335 1559 495 1597 regnum
519 1546 628 1584 vobis
658 1546 811 1598 peperit
834 1553 874 1584 et
892 1546 1009 1584 vestri
1042 1547 1192 1597 generis
1219 1553 1431 1591 auctorem,
1454 1546 1485 1583 si
1514 1545 1603 1583 huic

136 1610 283 1654 liceret,
312 1608 386 1646 illis
414 1608 579 1646 facultas
609 1608 699 1646 data
726 1616 841 1654 esset,
876 1608 1012 1646 eadem
1041 1607 1147 1646 haud
1177 1607 1292 1645 dubie
1319 1621 1407 1658 quae
1436 1620 1510 1658 ego
1538 1606 1605 1644 tibi

138 1672 399 1709 consulturos.
458 1670 580 1721 Cujus
598 1670 651 1708 rei
675 1671 938 1720 conjecturam
961 1683 1008 1707 ex
1034 1671 1148 1707 rebus
1168 1669 1319 1707 illorum
1342 1669 1462 1719 gestis
1483 1669 1607 1720 capio.

139 1733 240 1771 Nam
267 1740 305 1771 et
334 1741 443 1784 pater
470 1739 561 1770 tuus
583 1732 799 1769 civitatibus
823 1731 882 1769 his
912 1731 1104 1777 omnibus,
1128 1744 1291 1781 quarum
1312 1731 1517 1769 amicitiam
1540 1745 1606 1769 ex-

136 1795 345 1847 petendam
368 1795 436 1833 tibi
465 1808 619 1840 censeo,
647 1794 793 1832 amicus
819 1794 916 1831 fuit:
948 1801 987 1831 et
1006 1793 1052 1838 is,
1073 1794 1137 1844 qui
1164 1806 1327 1844 regnum
1349 1793 1550 1831 constituit
1570 1799 1610 1831 et

138 1858 292 1896 altiores
308 1871 425 1908 quam
442 1857 501 1895 sui
516 1857 617 1895 cives
631 1856 785 1908 spiritus
803 1856 951 1901 habuit,
972 1855 1161 1906 regnandi
1181 1856 1391 1907 cupiditate
1406 1855 1606 1900 incitatus,

139 1933 215 1958 non
235 1920 372 1958 eadem
387 1933 475 1970 quae
496 1919 559 1957 alii
579 1919 617 1956 in
638 1919 826 1956 honorum
847 1917 980 1956 talium
1008 1917 1245 1969 appetitione
1265 1917 1429 1955 consilia
1450 1924 1608 1955 secutus

138 1990 210 2020 est.
268 1981 371 2020 Nam
392 1981 445 2018 illi
465 1980 622 2031 quidem
649 1980 826 2018 excitatis
855 1979 892 2016 in
919 1979 998 2017 suis
1023 1979 1180 2016 urbibus
1205 1979 1457 2017 seditionibus
1479 1987 1518 2017 et
1547 1987 1608 2017 tu-

138 2044 325 2081 multibus
347 2051 384 2081 et
403 2043 576 2080 caedibus
604 2055 691 2080 eum
721 2042 907 2079 honorem
929 2041 1185 2092 arripuerunt,
1215 2041 1247 2078 is
1267 2055 1356 2079 vero
1379 2041 1608 2079 Graecorum

140 2105 325 2144 ditionem
364 2104 583 2143 universam
622 2103 777 2154 reliquit
811 2109 851 2141 et
879 2116 1042 2154 regnum
1075 2103 1377 2141 Macedonicum
1416 2117 1608 2155 occupare

141 2167 313 2205 studuit:
346 2173 456 2204 norat
474 2166 574 2204 enim
596 2179 666 2204 nec
688 2166 850 2203 Graecos
872 2165 969 2203 ferre
989 2166 1252 2203 monarchiam
1275 2166 1539 2212 consuevisse,
1569 2174 1610 2205 et

140 2234 303 2266 caeteros
332 2228 412 2265 sine
432 2228 506 2266 hac
532 2227 827 2278 imperii‘forma
847 2239 925 2264 non
951 2240 1068 2278 posse
1089 2227 1207 2265 vitam
1237 2241 1347 2265 suam
1380 2229 1609 2279 gubernare.

141 2291 257 2335 Quod
277 2304 395 2341 quum
415 2290 609 2342 sapienter
630 2290 980 2335 animadvertisset,
1000 2290 1117 2328 etiam
1137 2304 1300 2341 regnum
1319 2292 1367 2329 ab
1389 2291 1470 2329 aliis
1491 2291 1608 2343 longe

141 2353 333 2390 diversum
355 2353 523 2391 exstitit:
557 2365 644 2390 nam
661 2352 767 2390 solus
785 2351 1010 2390 Graecorum
1024 2353 1240 2403 peregrinae
1261 2354 1386 2404 gentis
1407 2354 1608 2405 imperium

142 2415 323 2466 adeptus,
352 2415 456 2453 solus
489 2414 605 2453 etiam
639 2414 809 2465 pericula
836 2428 924 2465 quae
963 2415 1194 2453 monarchiis
1226 2415 1428 2453 imminent
1459 2415 1610 2467 effugit.

142 2477 244 2514 Nam
260 2476 324 2527 qui
343 2476 442 2514 inter
461 2476 620 2514 Graecos
641 2476 718 2514 tale
744 2476 891 2528 aliquid
913 2477 1176 2522 confecerunt,
1200 2491 1267 2516 eos
1294 2491 1371 2515 non
1398 2478 1502 2529 ipsos
1522 2486 1610 2517 tan-

140 2547 222 2578 tum
250 2539 409 2591 perisse,
429 2540 496 2577 sed
531 2547 569 2577 et
600 2552 724 2590 genus
754 2552 886 2577 eorum
911 2540 1085 2578 funditus
1116 2540 1368 2591 exstirpatum
1389 2554 1476 2578 esse
1504 2540 1610 2580 inve-

141 2602 312 2645 niemus;
345 2601 410 2639 ille
439 2609 566 2639 autern
592 2609 630 2639 et
657 2601 738 2653 ipse
757 2601 921 2640 feliciter
941 2615 1068 2640 oevum
1097 2602 1192 2653 egit,
1214 2610 1253 2639 et
1281 2602 1481 2653 imperium
1502 2604 1609 2654 quod

142 2671 319 2701 tenuerat
339 2663 418 2701 suis
438 2677 506 2715 per
525 2677 663 2701 manus
685 2663 856 2701 tradidit.

199 2726 263 2762 46.
295 2725 355 2763 De
378 2725 547 2763 Hercule
573 2737 677 2770 vero,
699 2725 761 2762 alii
788 2725 945 2776 quidem
980 2725 1242 2763 fortitudinem
1262 2727 1346 2776 ejus
1366 2726 1505 2766 divinis
1526 2729 1611 2767 lau-

146 2786 258 2824 dibus
295 2787 492 2825 celebrare
524 2793 563 2824 et
601 2788 812 2825 certamina
840 2801 1066 2824 enumerare
1101 2800 1177 2824 non
1210 2788 1416 2834 desistunt,
1450 2789 1610 2829 aliorum

147 2859 236 2885 vero
252 2861 341 2897 quae
361 2849 488 2886 animo
506 2848 638 2886 insunt
654 2849 842 2886 bonorum
859 2861 972 2886 nemo
991 2848 1050 2885 vel
1070 2855 1272 2898 poetarum
1294 2850 1354 2888 vel
1377 2851 1609 2902 scriptorum

145 2908 377 2946 mentionem
403 2909 541 2948 secisse
570 2909 795 2961 reperietur.
854 2910 939 2960 Ego
967 2922 1054 2947 vero
1083 2910 1211 2948 locum
1239 2912 1471 2963 peculiarem
1499 2914 1613 2952 video

148 2977 187 3008 et
216 2969 512 3017 inelaboratum,
541 2983 616 3009 non
640 2984 798 3022 parvum
827 2983 954 3021 neque
969 2971 1160 3018 sterilem,
1182 2973 1251 3011 sed
1278 2974 1409 3013 multis
1431 2975 1612 3014 laudibus
