1870 3277
247 179 321 215 150
837 180 1124 219 ISOCRATIS

242 280 330 318 dico
357 279 458 318 enim
487 280 709 333 disciplinas
738 282 836 329 illas,
862 290 903 321 ut
930 283 1022 321 nihil
1048 283 1151 321 aliud
1183 282 1362 321 afferrent
1386 284 1492 330 boni,
1520 282 1716 322 dehortari

240 348 371 380 tamen
393 341 661 382 adolescentes
678 352 718 382 et
733 352 903 383 avertere
920 358 942 382 a
958 346 1085 383 multis
1107 345 1190 383 aliis
1211 345 1376 384 delictis.
1437 347 1573 397 Itaque
1589 346 1716 384 nullas

241 404 418 442 existimo
444 404 535 443 huic
556 407 662 444 aetati
681 406 840 444 inveniri
863 420 972 457 posse
993 408 1165 446 utiliores
1188 407 1484 445 exercitationes
1506 416 1571 445 aut
1593 407 1717 458 magis

240 466 545 505 convenientes:
577 468 646 506 sed
674 476 767 506 natu
791 469 1000 519 majoribus
1021 479 1058 508 et
1079 470 1123 507 iis
1145 470 1209 520 qui
1225 470 1304 521 jam
1327 469 1376 507 ad
1394 470 1539 507 virilem
1559 478 1714 508 aetatem

239 536 499 578 pervenerunt
519 529 647 567 studia
669 530 742 568 ista
764 539 855 581 apta
876 544 959 569 esse
979 545 1094 583 nego.
1154 532 1376 569 Nonnullos
1393 531 1492 569 enim
1510 532 1621 569 video
1636 532 1716 582 qui,

241 604 361 642 quum
392 591 618 642 disciplinas
653 593 746 631 istas
779 594 831 631 ita
863 594 1035 644 perfecte
1067 594 1243 645 cognitas
1272 594 1454 637 habeant,
1484 600 1527 631 ut
1554 600 1592 631 et
1620 593 1715 630 alios

241 653 381 691 docere
410 661 571 704 queant,
593 667 664 692 sua
691 655 755 692 illa
781 655 945 693 scientia
971 669 1042 693 nec
1072 656 1298 706 tempestive
1323 663 1493 703 utantur,
1515 655 1608 693 etin
1632 655 1716 693 aliis

240 715 330 752 vitae
350 716 517 766 negotiis
539 716 740 768 discipulis
762 717 840 755 sint
859 717 1206 768 imprudentiores:
1237 731 1308 755 nec
1329 718 1429 755 enim
1447 717 1572 755 audeo
1589 717 1716 754 dicere

240 776 410 815 famulis.
470 778 579 816 Idem
607 780 722 817 etiam
751 780 876 817 sentio
905 780 954 817 de
982 780 1026 817 iis
1053 780 1118 830 qui
1146 780 1353 818 conciones
1378 780 1518 818 habere
1540 785 1715 830 possunt,

241 847 280 877 et
301 839 349 877 de
376 839 434 878 his
460 840 525 891 qui
551 842 838 893 conscriptione
865 843 1079 880 orationum
1105 842 1262 880 laudem
1288 842 1529 887 invenerunt,
1551 842 1717 891 denique

241 904 290 942 de
311 905 489 942 omnibus
510 907 575 956 qui
597 906 726 957 aliqua
745 907 806 945 vel
827 914 908 945 arte
929 908 988 945 vel
1011 908 1175 946 scientia
1191 907 1251 945 vel
1268 907 1454 946 facultate
1474 906 1716 958 praecellunt.

243 965 343 1003 Novi
360 966 461 1003 enim
480 968 595 1005 etiam
612 981 657 1005 ex
677 968 750 1006 isto
772 982 913 1019 genere
933 969 1072 1007 multos
1093 970 1158 1020 qui
1180 982 1307 1019 neque
1324 982 1413 1007 suas
1429 982 1488 1007 res
1506 969 1622 1020 probe
1636 981 1720 1018 ges-

241 1035 375 1065 serunt
393 1041 518 1079 neque
540 1029 575 1066 in
597 1029 758 1079 privatis
774 1031 1049 1081 congressibus
1068 1031 1222 1068 tolerari
1238 1038 1416 1081 possunt,
1431 1037 1470 1067 et
1483 1030 1717 1080 reliquorum

239 1088 378 1126 civium
393 1090 544 1141 judicia
563 1091 784 1142 negligunt,
801 1099 840 1130 et
860 1093 943 1130 aliis
962 1093 1090 1130 multis
1109 1100 1147 1131 et
1162 1092 1312 1143 magnis
1329 1092 1501 1142 peccatis
1520 1091 1719 1130 constricti

238 1158 444 1190 tenentur:
476 1166 595 1203 quare
621 1167 670 1191 ne
694 1153 765 1192 hos
789 1154 948 1205 quidem
979 1155 1156 1193 existimo
1187 1167 1234 1193 eo
1263 1154 1395 1192 habitu
1424 1166 1508 1192 esse
1537 1153 1719 1205 praeditos

240 1213 290 1252 de
311 1226 390 1264 quo
410 1227 483 1265 ego
504 1215 666 1253 dissero,

299 1277 359 1313 11.
391 1277 500 1318 Quos
525 1277 643 1327 igitur
662 1277 700 1314 in
721 1277 959 1316 eruditorum
979 1278 1106 1316 habeo
1127 1290 1301 1323 numero,
1322 1277 1482 1328 quando
1501 1283 1541 1315 et
1559 1283 1660 1315 artes
1679 1284 1718 1315 et

239 1337 421 1377 scientias
455 1345 495 1376 et
525 1339 730 1377 facultates
765 1339 969 1390 improbo?
1027 1340 1199 1377 Primum
1230 1353 1296 1377 eos
1329 1340 1395 1390 qui
1424 1347 1528 1378 recte
1555 1346 1719 1377 utuntur

239 1400 407 1451 negotiis
428 1400 600 1450 quotidie
620 1401 895 1446 incidentibus,
915 1408 955 1438 et
974 1401 1201 1439 occasiones
1223 1401 1462 1452 modumque
1481 1415 1607 1439 rerum
1630 1415 1719 1452 pru-

240 1460 378 1500 denter
397 1462 728 1507 animadvertunt‚
745 1468 786 1500 et
800 1463 1017 1514 plerunque
1038 1463 1074 1500 id
1097 1462 1266 1514 deligere
1286 1470 1454 1514 possunt
1473 1463 1577 1514 quod
1600 1463 1722 1501 utilis-

240 1524 380 1562 simum
412 1531 497 1563 est:
530 1524 672 1562 deinde
700 1525 765 1575 qui
791 1525 847 1563 ita
872 1532 916 1563 ut
943 1525 1057 1563 decet
1083 1531 1122 1563 et
1147 1532 1191 1563 ut
1216 1539 1370 1576 aequum
1400 1532 1462 1563 est
1487 1538 1623 1563 omnes
1652 1538 1719 1563 eos

238 1586 377 1637 quovis
407 1594 581 1638 tempore
612 1594 783 1625 tractant
815 1600 902 1625 cum
936 1587 1076 1637 quibus
1106 1587 1253 1638 aliquid
1286 1588 1339 1626 rei
1373 1588 1532 1634 habent,
1560 1587 1720 1638 quique,

240 1661 362 1698 quum
383 1648 545 1686 aliorum
569 1648 820 1687 acerbitatem
842 1656 882 1686 et
900 1649 1231 1700 importunitatem
1250 1650 1373 1700 aequis
1394 1649 1532 1688 animis
1550 1656 1589 1687 et
1604 1649 1718 1687 facile

242 1709 382 1755 ferant,
403 1710 475 1760 ipsi
502 1709 672 1748 moribus
702 1710 896 1748 facillimis
918 1717 1011 1748 sunt
1031 1717 1071 1748 et
1097 1723 1215 1761 quam
1235 1710 1553 1749 moderatissimis
1574 1711 1611 1748 in
1632 1711 1721 1748 vitae

240 1771 550 1810 consuetudine:
579 1779 770 1823 praeterea
789 1772 854 1823 qui
875 1785 1028 1823 semper
1044 1773 1310 1824 voluptatibus
1330 1774 1533 1824 imperant,
1550 1780 1588 1810 et
1604 1774 1720 1811 rebus

241 1833 414 1872 adversis
446 1846 523 1871 non
555 1834 715 1871 nimium
746 1835 995 1885 franguntur,
1027 1834 1096 1872 sed
1130 1835 1168 1871 in
1201 1834 1245 1872 iis
1279 1841 1318 1872 et
1348 1834 1464 1873 officii
1493 1835 1651 1872 humani
1682 1842 1721 1873 et

240 1903 391 1933 naturae
411 1895 527 1933 virilis
552 1896 835 1934 meminerunt:
867 1904 1007 1946 quarto
1034 1897 1100 1946 qui
1122 1897 1304 1935 secundis
1325 1898 1451 1942 rebus,
1473 1896 1576 1947 quod
1597 1896 1720 1934 maxi-

240 1970 347 1995 mum
367 1964 439 2003 est,
462 1971 539 1995 non
559 1966 857 2009 corrumpuntur
877 1971 948 1996 nec
971 1971 993 1996 a
1013 1959 1233 2010 semetipsis
1254 1959 1462 1997 discedunt
1482 1971 1554 1996 nec
1581 1958 1718 1996 animis

239 2018 466 2066 efferuntur,
495 2019 567 2057 sed
597 2020 901 2058 moderationem
930 2020 1181 2071 prudentium
1209 2020 1375 2058 virorum
1407 2020 1600 2071 propriam
1630 2020 1720 2057 reti-

241 2087 348 2125 nent,
369 2094 441 2118 nec
462 2081 584 2131 magis
610 2081 776 2119 fortunae
804 2082 1028 2120 muneribus
1054 2095 1169 2132 quam
1197 2089 1338 2119 natura
1361 2081 1485 2119 insitis
1513 2080 1655 2131 ingenii
1683 2088 1722 2119 et

239 2141 458 2193 prudentiae
479 2142 692 2192 insignibus
710 2143 968 2181 delectantur.
1018 2136 1094 2186 Qui
1111 2151 1238 2181 autern
1256 2157 1332 2181 non
1349 2144 1398 2181 ad
1413 2144 1550 2181 horum
1569 2143 1721 2194 singula

241 2204 311 2242 sed
330 2204 380 2241 ad
402 2203 487 2241 haec
507 2204 687 2242 universa
706 2205 818 2242 simul
840 2204 974 2242 animis
994 2206 1094 2242 bene
1115 2205 1341 2255 compositis
1362 2213 1465 2251 sunt,
1485 2218 1551 2243 eos
1571 2206 1720 2259 affirmo

239 2273 281 2306 et
308 2266 517 2317 prudentes
542 2280 628 2303 esse
654 2273 692 2303 et
722 2266 912 2317 perfectos
934 2267 1034 2304 viros
1060 2273 1098 2304 et
1122 2267 1302 2305 omnibus
1323 2267 1526 2305 virtutibus
1548 2275 1719 2305 ornatos.

242 2330 302 2367 Ac
323 2329 371 2367 de
390 2328 549 2366 eruditis
568 2341 656 2379 quae
679 2334 847 2366 statuam
869 2328 955 2366 haec
978 2335 1082 2366 sunt.

299 2392 361 2429 12.
393 2390 510 2434 Quod
540 2397 670 2428 autern
701 2390 750 2429 ad
780 2390 940 2428 Homeri
971 2398 1010 2428 et
1040 2390 1204 2428 Hesiodi
1232 2395 1542 2440 caeterorumque
1572 2390 1719 2440 poesim

242 2455 380 2493 attinet
395 2453 575 2504 equidem
593 2453 737 2503 aliquid
763 2453 893 2491 dicere
915 2453 1029 2504 cupio
1046 2476 1097 2481 --
1113 2453 1274 2491 arbitror
1294 2453 1394 2490 enim
1416 2465 1475 2491 me
1494 2452 1721 2491 effecturum

243 2523 285 2555 ut
305 2517 367 2555 isti
387 2516 425 2554 in
447 2515 574 2567 Lyceo
594 2528 725 2552 versus
746 2514 898 2553 illorum
919 2528 1061 2553 canere
1083 2522 1121 2552 et
1141 2514 1190 2552 de
1216 2513 1271 2552 eis
1297 2515 1435 2565 nugari
1461 2514 1642 2552 desinant
1655 2538 1721 2563 -‚

243 2580 312 2618 sed
343 2579 609 2618 animadverto
639 2591 700 2616 me
729 2591 817 2616 eum
846 2579 1004 2616 modum
1032 2579 1175 2630 impetu
1202 2578 1371 2628 quodam
1400 2579 1629 2630 praetervehi
1655 2579 1721 2629 qui

240 2641 411 2680 exordiis
431 2648 492 2679 est
510 2640 740 2691 praefinitus.
800 2641 873 2678 Est
891 2647 1020 2678 autem
1038 2641 1104 2678 viri
1125 2640 1326 2690 prudentis
1346 2653 1423 2677 non
1443 2639 1646 2690 indulgere
1666 2640 1722 2678 di-

240 2703 354 2742 cendi
374 2704 498 2754 copiae
515 2703 546 2741 si
566 2703 759 2753 quispiam
779 2702 900 2740 satius
914 2709 1031 2753 atque
1048 2702 1177 2740 caeteri
1194 2715 1252 2739 res
1269 2701 1419 2752 aliquas
1437 2700 1567 2751 eloqui
1583 2702 1720 2752 possit,

240 2765 310 2804 sed
331 2778 557 2803 conservare
579 2765 737 2802 modum
759 2777 891 2802 earum
912 2778 1037 2802 rerum
1059 2763 1107 2802 de
1129 2763 1268 2815 quibus
1289 2764 1426 2814 quovis
1446 2769 1618 2814 tempore
1641 2764 1718 2802 dis-

242 2826 428 2865 seruerit:
459 2826 574 2876 idque
595 2827 686 2864 mihi
705 2827 926 2864 faciendum
946 2833 1019 2865 est.
1076 2826 1137 2864 De
1153 2824 1279 2877 poetis
1294 2826 1412 2875 igitur
1425 2825 1519 2863 alias
1533 2825 1719 2872 dicemus,

242 2889 313 2926 nisi
333 2902 395 2926 me
414 2889 563 2926 senium
583 2889 689 2940 prius
709 2889 924 2936 abstulerit,
945 2896 1012 2927 aut
1033 2888 1080 2926 de
1099 2889 1213 2926 rebus
1237 2887 1475 2939 gravioribus
1496 2900 1614 2937 quam
1633 2887 1717 2926 istae

241 2958 333 2990 sunt
351 2951 497 3002 aliquid
519 2951 647 2989 dicere
667 2951 824 3002 possim.
