1870 3277
229 160 305 197 502
757 159 1122 197 ANTISTHENIS

228 260 505 311 indulgendum
523 260 771 312 conjecturae,
791 261 966 300 existimo
992 268 1032 299 te
1058 262 1096 299 in
1121 262 1283 312 teipsum
1304 275 1384 313 prae
1404 265 1504 302 rabie
1524 264 1665 315 aliquid

224 321 322 360 male
339 321 614 360 consulturum.

278 385 316 419 2.
346 383 433 421 Jam
462 395 551 422 cum
572 383 762 434 ignaviam
792 383 895 428 mibi,
921 391 1122 434 postquam
1149 384 1279 422 hostes
1308 385 1403 430 laesi,
1431 386 1589 430 tribuis:
1628 396 1664 426 te

225 451 353 495 putas,
371 444 552 495 quoniam
581 444 708 495 palam
737 444 941 483 luctabaris
971 453 1010 483 et
1035 459 1121 484 cum
1143 446 1298 496 reliquis
1318 447 1457 485 frustra
1476 454 1512 485 te
1531 449 1668 500 fatiga—

224 508 309 557 bas,
326 507 518 545 fortiorem
539 519 636 544 esse.
669 505 819 544 Deinde
835 519 985 544 mecum
1006 507 1052 544 de
1068 507 1207 546 virtute
1225 508 1410 558 disputas,
1425 509 1488 559 qui
1503 509 1665 559 primum

224 580 273 606 ne
292 562 365 606 hoc
384 567 537 618 quidem
556 566 712 617 quando
738 567 988 617 pugnandum
1007 568 1057 606 sit
1075 568 1188 614 scias,
1210 581 1342 606 verum
1362 569 1481 607 instar
1501 570 1666 608 efferatae

224 629 303 667 suis
331 629 385 667 ira
414 636 545 679 raptus
564 628 681 667 etiam
701 628 866 679 teipsum
888 628 1091 679 aliquando
1119 643 1184 680 per
1207 630 1356 668 cladem
1382 631 1545 681 aliquam
1566 627 1667 670 occi·

225 689 339 728 deris.
368 691 428 727 An
444 691 597 741 ignoras
612 690 730 727 virum
754 690 888 727 fortem
908 703 980 728 nec
1001 703 1023 728 a
1041 703 1080 729 se
1101 704 1171 729 nec
1192 692 1240 729 ab
1257 691 1332 729 alio
1352 704 1422 729 nec
1442 693 1490 729 ab
1506 692 1665 731 inimicis

223 752 312 791 laedi
342 753 508 791 debere?
562 753 620 790 Tu
639 765 728 791 vero
755 753 864 802 quasi
891 766 997 803 puer,
1019 755 1199 804 quoniam
1227 755 1265 792 hi
1295 755 1430 793 fortem
1457 762 1494 792 te
1519 755 1665 801 dicunt,

224 815 389 864 gaudes:
410 822 448 852 at
460 827 533 865 ego
547 822 584 852 te
599 814 887 864 ignavissimum
900 821 941 853 et
954 816 1084 852 mortis
1098 822 1335 853 metuentem
1348 816 1510 854 maxime
1521 816 1666 863 dixero,

224 877 288 926 qui
302 876 464 927 primum
479 888 584 914 arma
601 875 742 913 habeas
762 889 848 925 quae
867 889 938 913 nec
954 876 1076 926 frangi
1097 889 1169 914 nec
1184 877 1371 915 vulnerari
1390 878 1552 928 possint,
1569 892 1662 928 quo-

221 950 304 974 rum
321 944 357 975 te
378 950 449 987 ope
470 936 626 974 tradunt
643 936 926 974 invulneratum
945 949 1095 988 semper
1114 950 1212 975 esse.
1248 937 1354 980 Quid
1375 945 1502 976 autem
1515 939 1664 985 feceris,

226 997 256 1035 si
273 998 356 1048 quis
372 997 537 1035 hostium
551 1010 636 1035 cum
654 996 839 1034 similibus
859 997 973 1035 armis
992 1004 1030 1035 te
1051 997 1327 1049 aggrediatur?
1355 999 1415 1035 An
1431 999 1506 1036 hoc
1520 999 1666 1050 insigne

224 1065 263 1096 et
281 1058 493 1097 mirandum
520 1058 631 1103 foret,
652 1057 682 1095 si
708 1064 885 1096 neutrum
905 1064 1070 1096 vestrum
1097 1059 1303 1110 quicquam
1330 1066 1464 1110 posset
1489 1059 1667 1099 efficere?

226 1119 276 1158 Et
293 1120 435 1170 aliquid
455 1119 639 1157 interesse
657 1125 784 1170 putas,
802 1132 906 1157 arma
925 1119 1008 1157 haec
1025 1119 1182 1166 habeas,
1202 1133 1249 1158 an
1271 1120 1369 1158 intra
1388 1121 1526 1158 moenia
1544 1122 1667 1160 consi-

226 1180 332 1219 stas?
387 1180 489 1218 Nam
516 1180 640 1217 solum
664 1186 700 1217 te
727 1181 917 1218 moenibus
938 1193 1064 1219 carere
1090 1180 1301 1231 praedicas;
1333 1182 1437 1232 atqui
1458 1182 1560 1219 solus
1579 1195 1665 1220 cum

224 1241 460 1293 septemplici
482 1254 589 1278 muro
615 1241 864 1280 obambulas:
895 1249 933 1279 at
958 1241 1111 1279 inermis
1137 1254 1209 1292 ego
1236 1241 1397 1279 hostium
1425 1242 1562 1280 moenia
1588 1256 1663 1280 non

223 1303 423 1355 aggredior
451 1302 519 1340 sed
552 1302 755 1353 ingredior,
785 1310 825 1339 et
849 1302 1009 1340 hostiles
1038 1302 1216 1339 custodes
1245 1301 1447 1352 vigilantes
1474 1316 1551 1340 una
1575 1316 1662 1341 cum

223 1367 335 1405 armis
371 1365 493 1416 capio,
521 1377 567 1402 ac
595 1364 674 1401 dux
701 1370 739 1401 et
764 1369 897 1401 custos
928 1363 984 1400 tui
1011 1375 1093 1400 sum
1123 1363 1457 1415 relioquorumque
1483 1365 1662 1411 omnium,

222 1441 295 1466 nec
320 1426 445 1464 minus
473 1425 640 1463 hostium
670 1437 729 1462 res
760 1436 876 1473 quam
903 1429 1052 1462 nostras
1083 1430 1299 1473 compertas
1324 1424 1460 1470 habeo,
1489 1437 1565 1462 non
1595 1438 1662 1476 per

222 1488 494 1541 speculatores,
509 1485 576 1524 sed
598 1497 662 1536 per
683 1485 890 1535 meipsum;
911 1483 1235 1534 quemadmodum
1249 1491 1374 1523 autem
1390 1486 1663 1536 gubernatores

220 1559 414 1591 vectorum
435 1549 548 1588 saluti
567 1554 700 1586 noctes
719 1547 878 1597 diesque
899 1546 993 1583 dant
1015 1558 1185 1597 operam,
1212 1546 1383 1584 similiter
1401 1559 1473 1596 ego
1493 1555 1530 1584 te
1550 1556 1663 1598 atque

221 1614 315 1653 alios
330 1624 460 1650 omnes
478 1621 677 1648 conservo.
708 1608 844 1658 Neque
864 1607 1067 1645 discrimen
1086 1606 1203 1644 ullum
1220 1614 1373 1658 propter
1389 1607 1662 1658 turpitudinem

219 1676 340 1726 fugio,
363 1673 453 1711 dum
472 1671 648 1709 hostibus
667 1681 803 1707 nocere
823 1668 990 1719 possim;
1021 1680 1091 1706 nec
1113 1668 1143 1705 si
1164 1680 1224 1705 me
1245 1668 1400 1718 quidam
1423 1670 1663 1720 conspecturi

221 1738 309 1782 sint,
345 1734 477 1786 gloriae
507 1745 628 1771 causa
658 1731 863 1782 quicquam
894 1729 1113 1780 aggrediar:
1147 1742 1276 1767 verum
1307 1730 1454 1768 etiamsi
1489 1731 1585 1769 servi
1615 1743 1661 1769 ac

219 1796 409 1847 mastigiae
423 1800 560 1833 natura
571 1793 703 1832 hostes
718 1804 874 1844 possem
891 1791 1046 1837 laedere,
1066 1791 1105 1833 id
1122 1791 1181 1829 vel
1202 1791 1352 1830 nemine
1373 1793 1527 1831 vidente
1547 1806 1660 1832 cona*

219 1873 293 1899 rer.
328 1858 428 1896 Nam
443 1869 519 1894 non
534 1855 652 1893 videri
668 1854 855 1906 praelium,
874 1853 942 1891 sed
963 1853 1088 1891 facere
1103 1853 1195 1903 quid
1214 1860 1347 1891 noctes
1360 1853 1519 1905 diesque
1532 1856 1661 1904 gestit.

220 1923 355 1973 Neque
372 1926 477 1958 certa
502 1917 592 1955 mihi
619 1922 709 1954 sunt
734 1928 852 1961 arma,
880 1915 1017 1965 quibus
1042 1914 1175 1952 hostes
1203 1914 1253 1952 ad
1282 1928 1448 1966 pugnam
1476 1928 1658 1967 provoco,

219 1996 349 2023 verum
368 1993 598 2032 quocunque
615 1979 698 2030 quis
719 1979 808 2016 velit
826 1977 955 2024 modo,
977 1977 1054 2016 sive
1076 1991 1162 2015 oum
1184 1991 1261 2016 uno
1279 1978 1359 2016 sive
1376 1991 1465 2016 cum
1488 1980 1660 2030 pluribus

220 2058 372 2097 semper
394 2050 550 2096 paratus
577 2056 663 2080 sum
691 2041 928 2093 depugnare.
985 2040 1122 2090 Neque
1151 2040 1263 2078 etiam
1291 2053 1378 2078 cum
1404 2041 1576 2091 praelium
1599 2055 1660 2080 me

219 2108 368 2159 fatigat,
405 2106 487 2144 aliis
532 2116 650 2150 arma,
687 2101 1011 2154 quemadmodum
1056 2106 1113 2146 tu,
1150 2101 1284 2144 trad03
1331 2114 1462 2139 verum
1505 2103 1660 2152 quando

219 2171 424 2223 quiescunt
449 2168 592 2212 hostes,
619 2174 701 2204 tum
733 2165 770 2203 in
802 2177 871 2202 eos
900 2170 1015 2202 nocte
1043 2175 1130 2200 cum
1161 2162 1300 2200 talibus
1331 2163 1446 2200 armis
1476 2160 1659 2214 impetum

217 2231 328 2276 facio,
350 2244 437 2282 quae
456 2236 494 2267 et
512 2229 599 2266 illos
616 2227 763 2265 laedant
780 2226 1000 2278 plurimum.
1037 2224 1119 2262 Nec
1138 2223 1227 2261 mihi
1249 2236 1418 2274 unquam
1438 2224 1564 2275 potuit
1581 2238 1659 2263 nox

219 2296 385 2338 demere,
420 2292 520 2329 sicut
552 2302 631 2327 non
659 2300 743 2326 raro
779 2287 845 2324 tibi
878 2286 1048 2337 quietem
1078 2285 1176 2322 inter
1208 2285 1459 2336 pugnandum
1488 2292 1659 2336 optatam

219 2355 368 2395 attulit:
402 2352 470 2390 sed
497 2363 584 2389 cum
614 2356 655 2387 tu
682 2347 822 2393 stertis,
842 2354 923 2384 tum
945 2359 1018 2396 ego
1045 2352 1085 2384 te
1112 2353 1233 2390 tueor,
1254 2351 1292 2382 et
1316 2345 1483 2395 aliquam
1511 2359 1661 2397 semper

217 2417 391 2456 hostibus
410 2413 559 2452 cladem
579 2410 754 2455 concilio,
770 2421 856 2446 cum
874 2408 1074 2445 servilibus
1091 2406 1148 2445 bis
1168 2407 1281 2444 armis
1299 2406 1515 2457 pannisque
1534 2414 1572 2445 et
1589 2408 1658 2446 fla-

219 2480 307 2532 gris,
325 2486 485 2528 quoru'm
505 2481 547 2511 tu
568 2471 709 2511 auxilio
724 2481 858 2512 secure
875 2469 1030 2506 dormis.

273 2541 311 2577 3.
340 2538 401 2575 An
420 2548 524 2582 vero,
542 2532 722 2584 quoniam
747 2530 910 2569 cadaver
936 2529 1140 2574 sustulisti,
1163 2529 1300 2567 fortem
1325 2535 1363 2566 te
1389 2528 1529 2567 ducis?
1555 2530 1658 2579 quod

219 2602 249 2640 si
275 2613 353 2638 non
380 2605 421 2636 tu
441 2596 559 2641 solus,
579 2595 657 2632 duo
679 2599 782 2631 certe
800 2591 868 2629 viri
888 2589 1035 2628 deferre
1055 2590 1285 2641 potuissent.
1340 2590 1438 2627 Tum
1454 2597 1584 2627 autem
1603 2590 1656 2628 illi

218 2673 368 2715 quoque
389 2659 437 2697 de
454 2658 594 2695 virtute
613 2654 812 2693 nobiseum
834 2651 1136 2695 contendissent,
1156 2664 1201 2689 ac
1225 2650 1315 2688 mihi
1340 2650 1492 2699 quidem
1516 2650 1654 2689 fuisset

217 2724 318 2762 idem
338 2722 386 2760 ad
406 2720 492 2758 illos
515 2716 747 2756 dicendum:
777 2723 818 2752 tu
838 2727 926 2751 vero
950 2713 1042 2764 quid
1064 2712 1106 2750 in
1131 2711 1376 2749 contentione
1402 2712 1655 2763 protulisses?

217 2787 278 2823 An
294 2783 449 2821 duobus
469 2780 703 2833 ignaviorem
723 2783 760 2814 te
778 2776 888 2814 fateri
907 2775 1044 2826 possis,
1060 2786 1142 2811 ›uno
1160 2786 1237 2811 non
1256 2772 1389 2811 ausis?
1418 2773 1483 2810 An
1502 2773 1657 2824 ignoras

219 2844 408 2895 Trojanos
428 2854 503 2880 non
523 2839 690 2878 cadaver
706 2837 773 2876 sed
789 2849 893 2875 arma
907 2848 1043 2886 capere
1058 2835 1271 2878 studuisse;
1301 2846 1388 2871 nam
1404 2833 1552 2871 utillud
1569 2835 1657 2873 redss

218 2905 344 2951 dit-uri,
365 2905 417 2942 ita
442 2903 527 2940 baec
552 2901 627 2939 diis
647 2905 755 2938 erant
778 2900 817 2936 in
847 2897 989 2948 templo
1018 2896 1240 2934 dedicaturi.
1297 2894 1448 2933 Etenim
1468 2895 1657 2934 cada—vera
