1870 3277
656 193 1141 232 PANATHENAICUS.
1550 192 1626 228 175

170 293 405 333 duntaxat
437 295 661 343 recitaro‚
693 297 819 347 quod
857 302 902 334 et
940 302 1096 333 amant
1127 302 1173 333 et
1203 294 1363 333 studio
1392 294 1437 333 in
1467 294 1629 346 primis

169 354 354 401 habent,
391 370 526 395 omne
559 358 807 409 ingenium
846 364 891 395 et
927 370 1080 395 mores
1113 370 1271 395 eorum
1307 369 1376 394 me
1415 356 1631 395 declara-

168 422 321 453 turum
369 418 587 457 arbitror.
664 418 744 456 Illi
792 418 913 455 enim
966 417 1185 467 quotidie
1239 430 1412 467 pueros
1460 431 1562 456 mox
1609 430 1632 455 a

167 476 309 523 lecto,
335 492 433 516 cum
461 480 635 530 quibus
666 479 873 530 singulis
901 478 1090 516 libitum
1119 485 1203 522 est,
1236 478 1466 528 ablegant
1492 480 1634 517 verbo

168 538 224 576 ad
258 540 579 587 venationem,
618 554 663 578 re
702 541 758 578 ad
793 553 871 578 eos
904 553 985 591 per
1024 540 1201 577 furtum
1239 540 1518 591 spoliandos
1553 539 1634 591 qui

169 601 265 637 ruri
297 601 544 640 habitant:
586 603 628 640 in
666 615 756 652 quo
795 602 977 640 accidit
1015 608 1064 639 ut
1100 601 1387 652 deprehensi
1425 608 1470 639 et
1509 615 1637 639 num-

169 673 268 698 mos
310 663 506 701 solvant
545 671 590 701 et
627 664 801 714 plagas
840 663 1123 714 accipiant;
1173 665 1252 713 qui
1292 676 1404 701 vero
1443 663 1636 703 scelera

168 721 379 772 plurima
411 725 719 763 admiserunt
756 738 908 776 eaque
942 726 1104 763 celare
1138 732 1422 776 potuerunt,
1457 726 1635 764 bitum

169 783 297 821 inter
333 798 509 835 pueros
548 786 663 824 aliis
701 787 1052 838 praeferuntur,
1087 794 1182 824 tum
1217 787 1307 824 viri
1343 787 1478 833 facti,
1515 788 1554 826 si
1588 790 1636 826 in

170 843 276 883 illis
308 847 490 885 studiis
528 848 888 898 permanserint
919 862 1022 899 quae
1058 848 1194 899 pueri
1228 848 1452 886 meditati
1485 857 1637 896 erant,

170 906 353 944 aditum
385 908 479 946 sibi
510 909 565 946 ad
597 923 804 948 summos
834 910 1042 948 honores
1073 911 1431 960 patefecerunt.
1498 911 1639 955 Quod

171 968 209 1004 si
240 969 346 1018 quis
378 971 659 1009 ostenderit
689 972 1008 1023 disciplinam
1040 972 1187 1009 ullam
1219 972 1342 1023 apud
1369 985 1449 1010 eos
1477 972 1522 1010 in
1552 987 1641 1012 ma-

165 1029 271 1080 jore
304 1032 463 1081 pretio
504 1039 586 1070 aut
621 1033 992 1071 honoratiorem
1034 1047 1155 1078 esse,
1189 1034 1384 1071 fatebor
1415 1047 1483 1072 nie
1516 1035 1640 1077 nihil

172 1104 336 1128 verum
375 1106 586 1140 unquam
624 1094 728 1132 ulla
764 1094 820 1132 de
859 1108 906 1132 re
947 1095 1147 1133 dixisse.
1207 1095 1470 1133 Enimvero
1506 1097 1641 1146 quid-

174 1166 279 1190 nam
325 1154 608 1194 istiusmodi
655 1156 931 1194 facinorum
980 1156 1055 1193 vel
1110 1156 1331 1206 pulcrum
1378 1157 1455 1194 vel
1498 1157 1641 1196 hone÷

172 1222 294 1252 stum
318 1224 404 1264 est,
426 1231 477 1256 ac
505 1231 595 1256 non
623 1219 791 1268 potius
822 1217 1230 1256 erubescendum?
1286 1219 1459 1256 Annon
1488 1219 1642 1270 igitur

176 1285 394 1315 amentes
434 1279 648 1317 habendi
687 1286 801 1316 sunt
839 1279 921 1329 qui
961 1292 1042 1317 eos
1084 1278 1303 1324 laudant,
1340 1279 1419 1328 qui
1460 1293 1482 1317 a
1519 1293 1641 1319 eom-

174 1338 400 1377 munibus
421 1339 614 1390 legibus
639 1346 732 1377 tam
761 1339 907 1389 longe
934 1346 1253 1377 recesserunt
1282 1352 1440 1390 neque
1466 1340 1511 1377 in
1539 1341 1642 1380 ulia

174 1412 221 1436 re
258 1400 333 1437 vel
371 1413 476 1438 cum
514 1400 700 1438 Graecis
738 1400 815 1437 vel
862 1413 965 1438 cum
1012 1400 1237 1438 barbaris
1285 1401 1641 1440 consentiunt?

177 1460 276 1497 Alii
309 1461 434 1498 enim
472 1460 744 1499 maleficiis
783 1467 831 1498 et
868 1460 1016 1498 furtis
1049 1460 1248 1498 deditos
1282 1474 1534 1499 servorum
1567 1476 1643 1501 ne-

177 1522 443 1573 quissimos
491 1521 738 1573 judicant,
784 1521 863 1559 illi
913 1528 1071 1559 autem
1118 1521 1322 1559 istorum
1369 1522 1642 1562 facinorum

177 1585 430 1637 principes
456 1585 584 1623 inter
613 1597 794 1636 pueros
821 1584 1069 1622 excellere
1095 1591 1141 1622 et
1168 1584 1372 1623 maxime
1403 1584 1642 1623 honoran-

179 1647 264 1686 dos
303 1660 412 1685 esse
447 1653 638 1699 putant.
697 1645 818 1689 Quis
857 1659 969 1685 vero
1009 1659 1138 1683 sanae
1170 1647 1345 1684 mentis
1378 1646 1517 1685 homo
1550 1660 1643 1685 non

180 1714 252 1747 ter
288 1709 435 1747 emori
473 1709 612 1747 malit
648 1721 789 1758 quarn
833 1708 890 1745 de
928 1721 976 1745 se
1021 1708 1193 1745 famam
1234 1708 1473 1760 dissipari
1512 1709 1643 1759 quod

180 1784 260 1822 per
294 1770 575 1822 hujusmodi
607 1769 777 1808 studia
809 1769 1011 1808 virtutis
1050 1770 1466 1808 exercitationem
1498 1771 1644 1809 medi-

182 1833 344 1871 tetur?

233 1896 298 1932 85.
331 1895 401 1933 His
421 1895 483 1933 ille
504 1895 644 1933 auditis
664 1893 756 1931 nihil
777 1894 934 1932 omnino
957 1894 1063 1945 quod
1085 1895 1256 1933 dixeram
1276 1893 1516 1932 confidenter
1541 1895 1643 1932 refu-

180 1958 289 2003 tavit,
312 1971 382 1996 nec
402 1965 532 1995 tamen
559 1957 722 1995 obticuit
745 1970 915 2009 prorsus,
938 1957 1009 1994 sed
1039 1965 1121 1995 tua
1149 1956 1343 2007 quidem
1373 1959 1450 2004 (me
1479 1957 1644 1996 innuens

180 2021 319 2070 inquit)
360 2021 517 2058 oratio
561 2034 616 2058 eo
660 2020 890 2071 pertinet,
929 2021 1070 2070 quasi
1115 2034 1204 2072 ego
1253 2020 1412 2059 omnia
1451 2021 1645 2060 illorum

181 2083 377 2132 probem
406 2090 452 2120 et
485 2082 724 2133 praeclara
754 2096 862 2121 esse
893 2090 1083 2134 putem:
1133 2096 1221 2132 ego
1252 2096 1366 2120 vero
1401 2090 1446 2121 et
1477 2098 1646 2135 puero-

182 2155 280 2180 rum
312 2143 562 2182 licentiam
596 2157 700 2195 quae
736 2145 861 2195 apud
896 2143 1011 2181 illos
1046 2153 1122 2182 est
1156 2151 1202 2181 et
1236 2143 1333 2182 alia
1362 2145 1646 2197 multajure

183 2205 265 2241 abs
305 2211 350 2242 te
389 2205 581 2257 culpari
629 2219 823 2251 censeo,
863 2218 930 2243 me
972 2213 1130 2243 autem
1179 2206 1405 2243 accusari
1452 2206 1646 2257 injuria.

185 2266 300 2303 Nam
338 2280 478 2316 quum
518 2268 792 2306 orationem
832 2268 1064 2318 legerem,
1103 2281 1207 2305 cum
1246 2281 1299 2306 ea
1335 2281 1437 2318 quae
1475 2269 1529 2308 de
1567 2270 1646 2309 La-

183 2328 499 2366 cedaemoniis
547 2329 684 2367 dicta
725 2337 893 2367 essent
941 2342 1067 2379 aegre
1115 2329 1342 2375 ferebam,
1380 2336 1474 2367 turn
1522 2331 1644 2370 illud

185 2389 335 2427 multo
373 2390 524 2440 magis
563 2391 691 2441 quod
729 2391 910 2428 nullam
953 2404 1036 2442 pro
1074 2391 1143 2428 eis
1183 2391 1362 2429 afferre
1400 2391 1646 2431 defensio-

187 2464 288 2488 nem
329 2464 537 2501 possem,
576 2465 694 2502 quos
733 2453 973 2490 haetenus
1013 2453 1217 2490 laudare
1261 2453 1647 2492 consuevissem.

190 2512 290 2550 Hoc
329 2521 449 2551 aestu
490 2514 633 2551 animi
679 2528 818 2564 quum
857 2515 1093 2565 jactarer,
1132 2514 1177 2551 id
1216 2514 1482 2551 afferebam
1520 2517 1647 2565 quod

187 2575 427 2625 reliquum
455 2584 570 2620 erat,
597 2576 809 2620 scilicet,
838 2577 875 2614 si
910 2589 1000 2613 non
1033 2576 1088 2613 ob
1118 2575 1266 2620 alind,
1296 2582 1494 2625 propter
1523 2576 1648 2617 illud

187 2636 360 2674 saltem
395 2637 663 2675 habendam
699 2638 766 2675 eis
799 2650 908 2674 esse
942 2638 1149 2689 gratiam
1184 2649 1205 2673 a
1238 2636 1377 2672 nobis
1409 2638 1648 2687 omnibus,

189 2698 315 2747 quod
355 2699 702 2749 pulcherrimis
750 2699 993 2737 institutis
1043 2704 1335 2735 constanter
1374 2706 1648 2740 uterentur.

193 2758 355 2808 anue
389 2762 524 2798 verba
557 2774 712 2810 neque
747 2761 803 2798 ad
838 2761 1076 2811 pietatem
1116 2771 1272 2808 neque
1311 2759 1365 2795 ad
1398 2759 1646 2810 justitiam

192 2826 274 2857 aut
302 2822 626 2871 prudentiam,
658 2835 758 2872 quoe
790 2829 836 2859 tu
870 2820 1218 2872 percensuisti,
1250 2820 1534 2869 referebam,
1565 2826 1649 2862 sed

193 2879 251 2917 ad
285 2883 540 2931 gymnasia
571 2883 633 2920 ibi
663 2891 876 2933 recepta,
909 2882 965 2919 ad
1005 2881 1415 2920 exercitationem
1452 2884 1649 2922 fortitu-

192 2941 335 2991 dini—s,
373 2943 428 2980 ad
464 2943 788 2986 concordiam,
827 2944 882 2980 ad
921 2943 1134 2980 studium
1174 2943 1385 2993 (lenique
1425 2945 1491 2981 rei
1531 2946 1650 2984 mili-
