1870 3277
198 153 241 188 10
776 143 1062 183 ISOCRATls

190 250 399 289 absurdum
427 260 511 285 esse
532 247 687 284 duxeris
717 246 922 284 deteriores
944 244 1274 297 praestantioribus
1295 243 1480 281 dominari
1510 250 1548 280 et
1569 250 1648 279 sto-

190 312 343 349 lidiores
361 308 667 360 prudentioribus
688 308 872 358 imperare
891 321 898 344 :
932 320 1017 344 nam
1037 319 1114 356 quo
1134 303 1396 342 vehementius
1418 303 1577 340 aliorum
1593 303 1650 338 in-

190 373 335 410 scitiam
356 370 588 421 despexeris,
611 381 657 406 eo
678 369 897 418 diligentius
914 369 1111 418 ingenium
1134 374 1241 404 tuum
1263 365 1473 402 exercebis.

244 436 282 470 5.
317 431 417 470 Hinc
438 431 552 481 igitur
568 443 634 468 eos
655 430 844 480 auspicari
866 430 980 467 decet
999 430 1064 479 qui
1085 429 1193 478 fungi
1216 427 1344 465 officio
1364 426 1506 463 volent.
1545 426 1648 463 Prae-

191 502 297 531 terea
316 501 354 530 et
373 492 571 530 hominurn
592 497 632 527 et
652 490 814 527 civitatis
832 503 915 528 esse
939 498 1128 527 amantem
1151 495 1324 539 oportet:
1358 499 1428 524 nec
1450 487 1550 523 enim
1571 488 1651 524 fieri

191 562 318 604 potest
346 562 387 591 ut
413 552 473 590 vel
499 552 607 602 equis
631 550 686 587 vel
715 551 875 588 canibus
903 551 961 588 vel
988 550 1200 587 hominibus
1228 549 1286 585 vel
1313 547 1377 584 ulli
1402 546 1569 596 denique
1597 547 1649 584 rei

191 614 395 664 quisquam
417 620 518 650 recte
539 611 681 662 praesit,
701 611 771 648 nisi
787 611 1003 648 delectetur
1023 611 1067 648 iis
1083 623 1244 660 quorum
1263 610 1294 646 ei
1315 608 1498 659 mandata
1511 615 1571 645 est
1585 620 1653 644 cu-

191 674 301 711 ratio.
350 672 523 723 Populus
544 683 647 708 curae
667 671 732 708 tibi
753 671 814 715 sit,
835 679 872 708 et
892 672 1020 708 onmia
1040 671 1076 707 in
1096 683 1143 708 eo
1163 671 1288 721 posita
1303 683 1390 707 esse
1411 676 1546 719 putato
1564 676 1604 705 ut
1619 669 1651 705 is

191 735 346 785 imperio
366 742 433 772 tuo
453 733 690 776 delectetur;
721 741 853 770 notum
875 733 974 770 enim
995 740 1051 770 est
1067 741 1106 770 et
1120 732 1350 782 oligarchias
1366 739 1404 769 et
1424 739 1562 768 caetera
1582 731 1652 767 im-

191 796 296 846 peria
315 807 361 833 eo
387 794 625 832 diuturniora
647 806 731 831 esse
761 806 837 844 quo
862 793 1085 844 diligentius
1112 793 1296 844 populum
1326 793 1529 831 coluerint.
1587 791 1652 829 Sic

191 863 318 894 autem
343 843 443 893 bene
476 854 696 904 imperabis,
730 854 760 890 si
790 867 914 904 neque
947 854 1053 904 vulgi
1088 853 1310 904 petulantiae
1342 854 1467 891 locum
1500 851 1651 890 dederis

191 929 315 968 neque
333 917 427 955 alios
450 915 592 967 populo
612 915 793 952 insultare
815 927 954 965 passus
982 915 1113 960 fueris,
1134 914 1201 952 sed
1221 914 1432 965 provideris
1455 921 1497 951 ut
1518 921 1557 950 et
1582 913 1652 950 ho-

191 991 304 1016 nores
324 978 469 1028 optimo
489 976 628 1026 cuique
649 975 880 1013 mandentur
900 983 938 1013 et
959 977 1087 1013 caeteri
1108 975 1221 1013 nullis
1242 975 1388 1026 injuriis
1411 975 1652 1012 afficiantur:

191 1040 274 1079 haec
288 1041 388 1079 enim
403 1040 592 1078 elementa
606 1039 727 1089 prima
742 1048 780 1076 et
797 1039 960 1076 maxima
973 1046 1063 1075 sunt
1075 1038 1294 1089 reipublicae
1307 1039 1406 1075 bene
1420 1037 1652 1075 constitutae.

247 1103 285 1139 6.
316 1101 455 1139 Edicta
474 1108 512 1137 et
537 1100 712 1138 instituta
732 1100 867 1136 vitiosa
893 1099 979 1136 loco
1001 1111 1109 1136 move
1137 1106 1176 1136 et
1196 1107 1328 1141 muta;
1359 1109 1592 1149 operamque
1612 1097 1650 1134 in

191 1162 321 1212 primis
342 1162 433 1200 dato
453 1168 495 1198 ut
513 1161 741 1211 optimorum
758 1160 808 1197 sis
830 1160 1020 1203 inventor,
1041 1159 1123 1205 sed,
1146 1159 1175 1196 si
1195 1159 1232 1196 id
1249 1159 1327 1196 fieri
1348 1158 1493 1208 nequit,
1507 1157 1654 1195 imitare

192 1236 280 1272 quae
300 1223 402 1273 apud
425 1222 518 1260 alios
539 1230 641 1260 recte
663 1235 703 1259 se
723 1221 877 1259 habent.
935 1221 1055 1270 Leges
1076 1234 1204 1270 quaere
1226 1221 1262 1257 in
1285 1222 1503 1259 universum
1522 1233 1654 1270 aequas

193 1290 233 1320 et
253 1283 363 1320 utiles
384 1290 423 1320 et
440 1282 538 1319 inter
558 1295 598 1319 se
619 1281 918 1326 consentientes,
948 1288 1063 1331 atque
1085 1281 1199 1318 etiam
1220 1281 1315 1319 tales
1337 1294 1422 1332 quae
1443 1289 1481 1319 et
1498 1288 1653 1319 contro-

193 1343 334 1380 versias
354 1343 491 1380 civium
509 1355 623 1391 quam
639 1341 896 1391 paucissimas
914 1349 953 1378 et
969 1341 1268 1392 compositiones
1289 1355 1405 1392 quam
1424 1341 1505 1379 fieri
1526 1348 1656 1392 potest

192 1404 413 1441 celerrimas
443 1403 632 1440 efficiant:
664 1401 748 1439 haec
771 1402 871 1439 enim
899 1402 1026 1439 inesse
1053 1409 1205 1452 oportet
1223 1403 1350 1440 omnia
1378 1402 1525 1452 legibus
1552 1403 1654 1440 bene

191 1465 426 1502 constitutis.
486 1464 605 1501 Effice
631 1463 909 1513 negotiationes
934 1463 988 1500 eis
1009 1463 1196 1508 lucrosas,
1222 1463 1307 1501 lites
1334 1463 1650 1502 detrimentosas:

193 1534 236 1563 ut
254 1526 322 1563 has
349 1524 512 1575 fugiant,
532 1524 617 1561 illas
646 1531 843 1574 appetant.
901 1523 964 1560 De
990 1524 1258 1561 controversiis
1283 1537 1413 1561 eorum
1444 1525 1652 1562 sententias

193 1599 320 1636 neque
340 1585 388 1622 ad
410 1585 574 1635 gratiam
592 1583 691 1622 ferto
712 1576 836 1634 neque
855 1583 953 1621 inter
967 1597 1005 1621 se
1021 1584 1244 1630 contrarias,
1263 1585 1332 1622 sed
1351 1584 1398 1622 de
1417 1584 1551 1622 iisdem
1569 1586 1652 1637 qui·

193 1647 280 1684 dem
311 1647 424 1683 rebus
452 1658 602 1695 semper
628 1645 763 1682 eadem
791 1644 1015 1682 decernito:
1047 1644 1185 1682 etenim
1215 1652 1254 1682 et
1283 1645 1394 1683 decet
1426 1652 1464 1683 et
1497 1645 1653 1696 expedit

192 1720 327 1758 regum
347 1705 496 1757 dejure
518 1706 675 1743 decreta
695 1719 781 1743 esse
797 1705 1059 1750 immutabilia,
1083 1712 1123 1742 ut
1142 1707 1324 1756 probatas
1346 1706 1465 1756 leges.
1511 1706 1654 1744 Urbem

192 1767 328 1806 eodem
349 1767 462 1805 modo
483 1779 559 1817 quo
579 1773 777 1816 paternam
798 1765 954 1804 domum
977 1765 1215 1811 administra,
1238 1774 1425 1817 apparatu
1447 1766 1654 1817 splendido

193 1836 232 1867 et
251 1828 384 1879 regali,
397 1827 542 1865 ratione
557 1827 798 1877 vectigalium
813 1833 1005 1870 accurata,
1025 1834 1068 1863 ut
1085 1826 1198 1863 simul
1217 1834 1256 1864 et
1270 1826 1407 1865 illustri
1425 1827 1539 1865 laude
1552 1828 1653 1865 cele-

192 1889 311 1928 breris
337 1894 376 1926 et
401 1894 577 1938 sumptus
611 1887 774 1925 tolerare
804 1888 944 1938 possiS.
1003 1888 1169 1925 Ostenta
1197 1888 1522 1938 magnificentiam
1547 1902 1596 1926 ne
1616 1889 1654 1926 in

192 1963 270 1989 una
281 1949 434 2000 quidem
455 1962 493 1986 re
507 1949 636 2000 magni
656 1956 848 1999 sumptus,
863 1949 1071 1998 statimque
1092 1949 1273 1999 peritura,
1291 1949 1360 1986 sed
1380 1956 1460 1987 tum
1476 1949 1520 1986 iis
1541 1951 1654 1987 rebus

191 2023 290 2063 quas
312 2010 480 2047 diximus
502 2015 583 2048 tum
604 2009 848 2047 instrumenti
873 2016 986 2059 atque
1007 2009 1258 2060 supellectilis
1278 2017 1415 2047 ornatu
1435 2017 1516 2048 tum
1537 2012 1657 2049 bene-

191 2071 346 2109 ficentia
364 2070 401 2107 in
421 2070 591 2108 amicos:
621 2082 709 2107 nam
736 2083 824 2119 quae
844 2070 917 2107 hoc
937 2070 1053 2108 modo
1079 2070 1343 2121 insumpseris,
1368 2083 1415 2109 ea
1433 2079 1472 2109 et
1497 2072 1563 2109 tibi
1585 2073 1656 2123 ipsi

191 2133 302 2171 firma
313 2131 543 2181 stabiliaque
563 2131 859 2181 permanebunt,
880 2137 918 2167 et
936 2131 1097 2182 posteris
1117 2132 1192 2169 tuis
1213 2131 1340 2182 plures
1360 2133 1654 2172 commoditates

193 2191 353 2230 afferent
365 2204 480 2241 quam
501 2191 674 2241 pecuniae
695 2191 950 2241 profusiones.
1008 2191 1253 2242 Religionem
1268 2205 1353 2230 eam
1374 2205 1484 2231 serva
1495 2207 1610 2244 quam
1633 2208 1656 2233 a

193 2253 402 2304 majoribus
428 2252 623 2302 accepisti,
644 2251 713 2289 sed
734 2251 774 2289 id
791 2251 1088 2302 pulcherrimum
1105 2252 1331 2291 sacrificium
1352 2260 1391 2291 et
1404 2254 1550 2292 cultum
1570 2268 1656 2294 esse

192 2313 401 2350 maximum
418 2311 606 2356 existima,
621 2311 651 2348 si
667 2312 750 2362 ipse
766 2318 803 2349 te
819 2324 935 2362 quam
949 2312 1136 2363 optimum
1150 2313 1448 2364 etjustissimum
1462 2317 1658 2365 praebeas:

194 2377 317 2426 major
335 2374 436 2412 enim
463 2387 552 2424 spes
570 2380 630 2411 est
657 2373 752 2410 deos
771 2373 1007 2411 immortales
1038 2374 1173 2414 talium
1193 2383 1283 2415 vota
1312 2374 1512 2414 audituros
1539 2390 1654 2428 quam

193 2449 324 2475 eorum
345 2435 410 2485 qui
428 2433 569 2471 multas
588 2433 759 2472 victimas
779 2441 1042 2485 prosternunt.

246 2498 284 2534 7.
315 2495 463 2533 Primos
481 2495 646 2532 honores
672 2495 1010 2546 conjunctissimis,
1038 2496 1257 2535 verissimos
1284 2498 1656 2537 benevolentissimis

193 2556 316 2594 defer.
372 2555 554 2605 Corporis
584 2555 797 2593 custodiam
832 2556 1064 2594 tutissimam
1097 2570 1184 2595 esse
1214 2564 1308 2608 puta
1333 2566 1415 2596 tum
1449 2559 1485 2596 in
1516 2559 1665 2597 virtute.

195 2617 402 2655 amicorum
419 2622 498 2652 tum
514 2616 552 2652 in
573 2616 843 2654 benevolentia
861 2618 1002 2655 civium
1023 2625 1102 2656 tum
1121 2619 1158 2656 in
1175 2625 1241 2656 tua
1258 2619 1460 2669 prudentia
1477 2633 1562 2658 esse
1574 2620 1655 2658 col-

194 2678 389 2716 locatam:
417 2675 501 2713 haec
523 2677 622 2714 enim
652 2683 743 2715 sunt
761 2691 828 2729 per
848 2691 935 2728 quae
961 2678 1164 2729 imperium
1184 2679 1363 2718 facillime
1384 2690 1421 2718 et
1440 2687 1592 2731 paretur
1618 2688 1657 2718 et

197 2743 456 2776 conservetur.
514 2737 610 2774 Rern
625 2738 856 2788 privatorum
871 2739 1095 2777 familiarem
1117 2748 1263 2786 curato,
1278 2748 1318 2778 et
1330 2740 1513 2791 prodigos
1529 2740 1576 2778 de
1588 2748 1655 2779 tuo

195 2799 322 2836 facere
348 2804 543 2847 sumptum
565 2804 604 2834 et
635 2798 682 2835 ad
712 2811 791 2836 rem
819 2806 985 2837 attentos
1012 2807 1099 2838 tuas
1127 2813 1218 2851 opes
1249 2813 1388 2851 augere
1415 2800 1653 2842 existimato:

197 2861 300 2896 bona
320 2857 418 2895 enim
439 2857 567 2894 omnia
592 2857 629 2894 in
649 2859 740 2896 urbe
768 2859 1020 2898 habitantium
1042 2860 1091 2898 ad
1112 2861 1290 2899 familiam
1308 2861 1502 2911 pertinent
1521 2875 1654 2912 regum

198 2922 295 2959 bene
316 2919 593 2969 imperantium.
651 2919 725 2958 Per
739 2934 799 2958 om
807 2935 893 2960 nem
907 2929 1062 2962 aetatem
1076 2929 1221 2961 tantam
1239 2924 1406 2962 veritatis
1420 2938 1497 2975 prae
1511 2932 1546 2963 te
1561 2925 1654 2963 serto
