<?xml version="1.0" encoding="UTF-8"?>
<!DOCTYPE html PUBLIC "-//W3C//DTD XHTML 1.0 Transitional//EN"
    "http://www.w3.org/TR/xhtml1/DTD/xhtml1-transitional.dtd">
<html xmlns="http://www.w3.org/1999/xhtml" xml:lang="en" lang="en">
 <head>
  <title>
</title>
<meta http-equiv="Content-Type" content="text/html;charset=utf-8" />
  <meta name='ocr-system' content='tesseract 3.04.00' />
  <meta name='ocr-capabilities' content='ocr_page ocr_carea ocr_par ocr_line ocrx_word'/>
</head>
<body>
  <div class='ocr_page' id='page_1' title='image "./oratoresatticie14dobs_0089.png"; bbox 0 0 1870 3277; ppageno 0'>
   <div class='ocr_carea' id='block_1_1' title="bbox 672 206 1591 244">
    <p class='ocr_par' dir='ltr' id='par_1_1' title="bbox 672 206 1591 244">
     <span class='ocr_line' id='line_1_1' title="bbox 672 206 1591 244; baseline -0.001 0"><span class='ocrx_word' id='word_1_1' title='bbox 672 206 1052 244; x_wconf 77' lang='lat' dir='ltr'><strong>ARCHIDAMUS.</strong></span> <span class='ocrx_word' id='word_1_2' title='bbox 1542 207 1591 243; x_wconf 90' lang='lat'>77</span> 
     </span>
    </p>
   </div>
   <div class='ocr_carea' id='block_1_2' title="bbox 129 308 1612 3016">
    <p class='ocr_par' dir='ltr' id='par_1_2' title="bbox 129 308 1602 793">
     <span class='ocr_line' id='line_1_2' title="bbox 132 308 1598 360; baseline -0.001 -11"><span class='ocrx_word' id='word_1_3' title='bbox 132 309 270 349; x_wconf 80' lang='lat' dir='ltr'>salutis</span> <span class='ocrx_word' id='word_1_4' title='bbox 284 315 391 348; x_wconf 83' lang='lat' dir='ltr'>esset</span> <span class='ocrx_word' id='word_1_5' title='bbox 403 308 442 346; x_wconf 91' lang='lat' dir='ltr'>in</span> <span class='ocrx_word' id='word_1_6' title='bbox 459 308 665 360; x_wconf 89' lang='lat' dir='ltr'>propatulo</span> <span class='ocrx_word' id='word_1_7' title='bbox 680 311 784 356; x_wconf 87' lang='lat' dir='ltr'>(nam</span> <span class='ocrx_word' id='word_1_8' title='bbox 801 314 839 347; x_wconf 86' lang='lat' dir='ltr'>et</span> <span class='ocrx_word' id='word_1_9' title='bbox 858 309 907 347; x_wconf 89' lang='lat' dir='ltr'>ab</span> <span class='ocrx_word' id='word_1_10' title='bbox 923 308 1098 346; x_wconf 89' lang='lat' dir='ltr'><strong>hostibus</strong></span> <span class='ocrx_word' id='word_1_11' title='bbox 1115 309 1375 358; x_wconf 84' lang='lat' dir='ltr'><strong>premebatur,</strong></span> <span class='ocrx_word' id='word_1_12' title='bbox 1393 316 1432 348; x_wconf 92' lang='lat' dir='ltr'>et</span> <span class='ocrx_word' id='word_1_13' title='bbox 1451 308 1598 348; x_wconf 91' lang='lat' dir='ltr'>civibus</span> 
     </span>
     <span class='ocr_line' id='line_1_3' title="bbox 132 369 1597 421; baseline 0.001 -14"><span class='ocrx_word' id='word_1_14' title='bbox 132 371 275 408; x_wconf 87' lang='lat' dir='ltr'>invisus</span> <span class='ocrx_word' id='word_1_15' title='bbox 289 370 515 421; x_wconf 86' lang='lat' dir='ltr'>erat),fuga</span> <span class='ocrx_word' id='word_1_16' title='bbox 530 369 690 408; x_wconf 87' lang='lat' dir='ltr'>salutem</span> <span class='ocrx_word' id='word_1_17' title='bbox 707 383 878 420; x_wconf 81' lang='lat' dir='ltr'>quaerere</span> <span class='ocrx_word' id='word_1_18' title='bbox 894 370 1136 412; x_wconf 86' lang='lat' dir='ltr'>decreverat;</span> <span class='ocrx_word' id='word_1_19' title='bbox 1160 383 1279 419; x_wconf 90' lang='lat' dir='ltr'>quum</span> <span class='ocrx_word' id='word_1_20' title='bbox 1297 377 1423 408; x_wconf 88' lang='lat' dir='ltr'>autem</span> <span class='ocrx_word' id='word_1_21' title='bbox 1440 371 1597 421; x_wconf 88' lang='lat' dir='ltr'>quidam</span> 
     </span>
     <span class='ocr_line' id='line_1_4' title="bbox 130 431 1599 482; baseline 0.001 -13"><span class='ocrx_word' id='word_1_22' title='bbox 130 444 151 469; x_wconf 88' lang='lat' dir='ltr'>e</span> <span class='ocrx_word' id='word_1_23' title='bbox 180 431 428 469; x_wconf 79' lang='lat' dir='ltr'>familiaribus</span> <span class='ocrx_word' id='word_1_24' title='bbox 449 445 567 469; x_wconf 88' lang='lat' dir='ltr'>ausus</span> <span class='ocrx_word' id='word_1_25' title='bbox 600 431 738 468; x_wconf 89' lang='lat' dir='ltr'>fuisset</span> <span class='ocrx_word' id='word_1_26' title='bbox 767 431 897 469; x_wconf 86' lang='lat' dir='ltr'>dicere</span> <span class='ocrx_word' id='word_1_27' title='bbox 917 431 1231 468; x_wconf 79' lang='lat' dir='ltr'>honestissimam</span> <span class='ocrx_word' id='word_1_28' title='bbox 1253 431 1490 482; x_wconf 84' lang='lat' dir='ltr'>sepulturam</span> <span class='ocrx_word' id='word_1_29' title='bbox 1512 445 1599 470; x_wconf 91' lang='lat' dir='ltr'>esse</span> 
     </span>
     <span class='ocr_line' id='line_1_5' title="bbox 131 493 1596 545; baseline 0 -14"><span class='ocrx_word' id='word_1_30' title='bbox 131 494 346 544; x_wconf 89' lang='lat' dir='ltr'>imperium,</span> <span class='ocrx_word' id='word_1_31' title='bbox 382 494 598 545; x_wconf 86' lang='lat' dir='ltr'>improbato</span> <span class='ocrx_word' id='word_1_32' title='bbox 633 494 733 544; x_wconf 83' lang='lat' dir='ltr'>turpi</span> <span class='ocrx_word' id='word_1_33' title='bbox 763 493 867 544; x_wconf 84' lang='lat' dir='ltr'>fugae</span> <span class='ocrx_word' id='word_1_34' title='bbox 901 493 1063 531; x_wconf 87' lang='lat' dir='ltr'>consilio</span> <span class='ocrx_word' id='word_1_35' title='bbox 1097 493 1277 544; x_wconf 91' lang='lat' dir='ltr'>belloque</span> <span class='ocrx_word' id='word_1_36' title='bbox 1307 494 1484 544; x_wconf 87' lang='lat' dir='ltr'>repetito,</span> <span class='ocrx_word' id='word_1_37' title='bbox 1521 508 1596 532; x_wconf 89' lang='lat' dir='ltr'>non</span> 
     </span>
     <span class='ocr_line' id='line_1_6' title="bbox 130 554 1599 607; baseline -0.001 -14"><span class='ocrx_word' id='word_1_38' title='bbox 130 556 246 594; x_wconf 90' lang='lat' dir='ltr'>modo</span> <span class='ocrx_word' id='word_1_39' title='bbox 266 557 463 607; x_wconf 86' lang='lat' dir='ltr'>ingentem</span> <span class='ocrx_word' id='word_1_40' title='bbox 489 555 656 593; x_wconf 90' lang='lat' dir='ltr'>hostium</span> <span class='ocrx_word' id='word_1_41' title='bbox 686 568 886 592; x_wconf 88' lang='lat' dir='ltr'>numerum</span> <span class='ocrx_word' id='word_1_42' title='bbox 910 554 1061 598; x_wconf 89' lang='lat' dir='ltr'>cecidit,</span> <span class='ocrx_word' id='word_1_43' title='bbox 1089 554 1157 592; x_wconf 89' lang='lat' dir='ltr'>sed</span> <span class='ocrx_word' id='word_1_44' title='bbox 1178 562 1217 592; x_wconf 85' lang='lat' dir='ltr'>et</span> <span class='ocrx_word' id='word_1_45' title='bbox 1237 554 1539 592; x_wconf 78' lang='lat' dir='ltr'>dominationem</span> <span class='ocrx_word' id='word_1_46' title='bbox 1560 555 1599 592; x_wconf 90' lang='lat' dir='ltr'>in</span> 
     </span>
     <span class='ocr_line' id='line_1_7' title="bbox 130 616 1602 667; baseline -0.001 -12"><span class='ocrx_word' id='word_1_47' title='bbox 130 617 233 656; x_wconf 90' lang='lat' dir='ltr'>cives</span> <span class='ocrx_word' id='word_1_48' title='bbox 252 631 361 655; x_wconf 89' lang='lat' dir='ltr'>suam</span> <span class='ocrx_word' id='word_1_49' title='bbox 383 617 636 661; x_wconf 87' lang='lat' dir='ltr'>confirmavit,</span> <span class='ocrx_word' id='word_1_50' title='bbox 665 624 704 654; x_wconf 91' lang='lat' dir='ltr'>et</span> <span class='ocrx_word' id='word_1_51' title='bbox 731 616 943 667; x_wconf 89' lang='lat' dir='ltr'>potentiam</span> <span class='ocrx_word' id='word_1_52' title='bbox 965 616 1164 667; x_wconf 81' lang='lat' dir='ltr'>pristinam</span> <span class='ocrx_word' id='word_1_53' title='bbox 1189 616 1394 666; x_wconf 88' lang='lat' dir='ltr'>plurimum</span> <span class='ocrx_word' id='word_1_54' title='bbox 1423 616 1543 661; x_wconf 86' lang='lat' dir='ltr'>auxit,</span> <span class='ocrx_word' id='word_1_55' title='bbox 1562 623 1602 654; x_wconf 87' lang='lat' dir='ltr'>et</span> 
     </span>
     <span class='ocr_line' id='line_1_8' title="bbox 129 678 1602 730; baseline -0.002 -12"><span class='ocrx_word' id='word_1_56' title='bbox 129 679 246 718; x_wconf 87' lang='lat' dir='ltr'>vitam</span> <span class='ocrx_word' id='word_1_57' title='bbox 268 680 305 717; x_wconf 91' lang='lat' dir='ltr'>in</span> <span class='ocrx_word' id='word_1_58' title='bbox 327 679 483 730; x_wconf 91' lang='lat' dir='ltr'>imperio</span> <span class='ocrx_word' id='word_1_59' title='bbox 504 678 649 728; x_wconf 84' lang='lat' dir='ltr'>exegit,</span> <span class='ocrx_word' id='word_1_60' title='bbox 669 685 707 716; x_wconf 89' lang='lat' dir='ltr'>et</span> <span class='ocrx_word' id='word_1_61' title='bbox 727 678 885 716; x_wconf 90' lang='lat' dir='ltr'>eosdem</span> <span class='ocrx_word' id='word_1_62' title='bbox 908 678 1074 716; x_wconf 88' lang='lat' dir='ltr'>honores</span> <span class='ocrx_word' id='word_1_63' title='bbox 1095 678 1339 728; x_wconf 84' lang='lat' dir='ltr'>eandemque</span> <span class='ocrx_word' id='word_1_64' title='bbox 1356 683 1602 729; x_wconf 85' lang='lat' dir='ltr'>potestatem,</span> 
     </span>
     <span class='ocr_line' id='line_1_9' title="bbox 131 741 927 793; baseline -0.003 -13"><span class='ocrx_word' id='word_1_65' title='bbox 131 743 270 793; x_wconf 93' lang='lat' dir='ltr'>quibus</span> <span class='ocrx_word' id='word_1_66' title='bbox 292 743 372 793; x_wconf 92' lang='lat' dir='ltr'>ipse</span> <span class='ocrx_word' id='word_1_67' title='bbox 388 743 515 779; x_wconf 90' lang='lat' dir='ltr'>fuerat</span> <span class='ocrx_word' id='word_1_68' title='bbox 534 755 644 786; x_wconf 87' lang='lat' dir='ltr'>usus,</span> <span class='ocrx_word' id='word_1_69' title='bbox 665 741 742 778; x_wconf 84' lang='lat' dir='ltr'>filio</span> <span class='ocrx_word' id='word_1_70' title='bbox 764 741 927 791; x_wconf 84' lang='lat' dir='ltr'>reliquit.</span> 
     </span>
    </p>

    <p class='ocr_par' dir='ltr' id='par_1_3' title="bbox 130 803 1604 1226">
     <span class='ocr_line' id='line_1_10' title="bbox 188 803 1598 855; baseline 0 -14"><span class='ocrx_word' id='word_1_71' title='bbox 188 805 249 841; x_wconf 90' lang='lat'>18.</span> <span class='ocrx_word' id='word_1_72' title='bbox 280 804 427 841; x_wconf 86' lang='lat' dir='ltr'>Similia</span> <span class='ocrx_word' id='word_1_73' title='bbox 447 803 505 841; x_wconf 90' lang='lat' dir='ltr'>his</span> <span class='ocrx_word' id='word_1_74' title='bbox 526 810 565 841; x_wconf 90' lang='lat' dir='ltr'>et</span> <span class='ocrx_word' id='word_1_75' title='bbox 587 804 780 855; x_wconf 85' lang='lat' dir='ltr'>Amyntas</span> <span class='ocrx_word' id='word_1_76' title='bbox 805 803 1068 841; x_wconf 87' lang='lat' dir='ltr'>Macedonum</span> <span class='ocrx_word' id='word_1_77' title='bbox 1090 816 1156 840; x_wconf 86' lang='lat' dir='ltr'>rex</span> <span class='ocrx_word' id='word_1_78' title='bbox 1176 803 1280 841; x_wconf 88' lang='lat' dir='ltr'>fecit.</span> <span class='ocrx_word' id='word_1_79' title='bbox 1341 803 1476 841; x_wconf 83' lang='lat' dir='ltr'>Victus</span> <span class='ocrx_word' id='word_1_80' title='bbox 1498 805 1598 841; x_wconf 89' lang='lat' dir='ltr'>enim</span> 
     </span>
     <span class='ocr_line' id='line_1_11' title="bbox 131 864 1602 916; baseline 0.002 -15"><span class='ocrx_word' id='word_1_81' title='bbox 131 864 265 916; x_wconf 87' lang='lat' dir='ltr'>praelio</span> <span class='ocrx_word' id='word_1_82' title='bbox 292 878 313 903; x_wconf 87' lang='lat' dir='ltr'>a</span> <span class='ocrx_word' id='word_1_83' title='bbox 345 865 479 903; x_wconf 89' lang='lat' dir='ltr'>vicinis</span> <span class='ocrx_word' id='word_1_84' title='bbox 510 865 682 902; x_wconf 89' lang='lat' dir='ltr'>barbaris</span> <span class='ocrx_word' id='word_1_85' title='bbox 715 865 936 915; x_wconf 88' lang='lat' dir='ltr'>amissaque</span> <span class='ocrx_word' id='word_1_86' title='bbox 964 871 1045 902; x_wconf 89' lang='lat' dir='ltr'>tota</span> <span class='ocrx_word' id='word_1_87' title='bbox 1076 864 1326 909; x_wconf 83' lang='lat' dir='ltr'>Macedonia,</span> <span class='ocrx_word' id='word_1_88' title='bbox 1360 865 1524 914; x_wconf 90' lang='lat' dir='ltr'>primum</span> <span class='ocrx_word' id='word_1_89' title='bbox 1555 866 1602 904; x_wconf 88' lang='lat' dir='ltr'>de</span> 
     </span>
     <span class='ocr_line' id='line_1_12' title="bbox 134 927 1603 980; baseline 0.001 -15"><span class='ocrx_word' id='word_1_90' title='bbox 134 941 255 980; x_wconf 84' lang='lat' dir='ltr'>regno</span> <span class='ocrx_word' id='word_1_91' title='bbox 277 929 491 967; x_wconf 90' lang='lat' dir='ltr'>deserendo</span> <span class='ocrx_word' id='word_1_92' title='bbox 512 928 697 978; x_wconf 86' lang='lat' dir='ltr'>cogitavit</span> <span class='ocrx_word' id='word_1_93' title='bbox 717 934 760 966; x_wconf 87' lang='lat' dir='ltr'>ut</span> <span class='ocrx_word' id='word_1_94' title='bbox 774 928 890 965; x_wconf 88' lang='lat' dir='ltr'>vitam</span> <span class='ocrx_word' id='word_1_95' title='bbox 911 934 1172 973; x_wconf 88' lang='lat' dir='ltr'>conservaret,</span> <span class='ocrx_word' id='word_1_96' title='bbox 1189 927 1328 965; x_wconf 90' lang='lat' dir='ltr'>deinde</span> <span class='ocrx_word' id='word_1_97' title='bbox 1343 941 1460 978; x_wconf 91' lang='lat' dir='ltr'>quum</span> <span class='ocrx_word' id='word_1_98' title='bbox 1475 929 1603 966; x_wconf 78' lang='lat' dir='ltr'>audis-</span> 
     </span>
     <span class='ocr_line' id='line_1_13' title="bbox 135 989 1604 1041; baseline 0 -13"><span class='ocrx_word' id='word_1_99' title='bbox 135 996 196 1028; x_wconf 91' lang='lat' dir='ltr'>set</span> <span class='ocrx_word' id='word_1_100' title='bbox 214 1003 237 1028; x_wconf 86' lang='lat' dir='ltr'>a</span> <span class='ocrx_word' id='word_1_101' title='bbox 256 991 424 1041; x_wconf 85' lang='lat' dir='ltr'>quodam</span> <span class='ocrx_word' id='word_1_102' title='bbox 446 990 540 1028; x_wconf 91' lang='lat' dir='ltr'>illud</span> <span class='ocrx_word' id='word_1_103' title='bbox 563 990 712 1028; x_wconf 89' lang='lat' dir='ltr'>laudari</span> <span class='ocrx_word' id='word_1_104' title='bbox 735 990 839 1041; x_wconf 93' lang='lat' dir='ltr'>quod</span> <span class='ocrx_word' id='word_1_105' title='bbox 858 990 1047 1041; x_wconf 89' lang='lat' dir='ltr'>Dionysio</span> <span class='ocrx_word' id='word_1_106' title='bbox 1069 989 1214 1027; x_wconf 90' lang='lat' dir='ltr'>dictum</span> <span class='ocrx_word' id='word_1_107' title='bbox 1235 989 1374 1033; x_wconf 86' lang='lat' dir='ltr'>fuerat,</span> <span class='ocrx_word' id='word_1_108' title='bbox 1395 997 1541 1028; x_wconf 90' lang='lat' dir='ltr'>mutata</span> <span class='ocrx_word' id='word_1_109' title='bbox 1561 998 1604 1028; x_wconf 93' lang='lat' dir='ltr'>ut</span> 
     </span>
     <span class='ocr_line' id='line_1_14' title="bbox 135 1050 1604 1102; baseline 0.001 -14"><span class='ocrx_word' id='word_1_110' title='bbox 135 1050 200 1089; x_wconf 91' lang='lat' dir='ltr'>ille</span> <span class='ocrx_word' id='word_1_111' title='bbox 222 1052 428 1098; x_wconf 88' lang='lat' dir='ltr'>sententia,</span> <span class='ocrx_word' id='word_1_112' title='bbox 457 1065 614 1102; x_wconf 89' lang='lat' dir='ltr'>parvum</span> <span class='ocrx_word' id='word_1_113' title='bbox 635 1051 832 1102; x_wconf 84' lang='lat' dir='ltr'>quoddam</span> <span class='ocrx_word' id='word_1_114' title='bbox 853 1052 1057 1089; x_wconf 86' lang='lat' dir='ltr'>castellum</span> <span class='ocrx_word' id='word_1_115' title='bbox 1078 1051 1286 1102; x_wconf 84' lang='lat' dir='ltr'>occupavit</span> <span class='ocrx_word' id='word_1_116' title='bbox 1305 1058 1344 1089; x_wconf 90' lang='lat' dir='ltr'>et</span> <span class='ocrx_word' id='word_1_117' title='bbox 1364 1051 1453 1089; x_wconf 89' lang='lat' dir='ltr'>hinc</span> <span class='ocrx_word' id='word_1_118' title='bbox 1473 1065 1604 1090; x_wconf 87' lang='lat' dir='ltr'>accer-</span> 
     </span>
     <span class='ocr_line' id='line_1_15' title="bbox 130 1112 1601 1165; baseline 0.001 -15"><span class='ocrx_word' id='word_1_119' title='bbox 130 1112 210 1150; x_wconf 89' lang='lat' dir='ltr'>sitis</span> <span class='ocrx_word' id='word_1_120' title='bbox 239 1113 388 1151; x_wconf 85' lang='lat' dir='ltr'>auxiliis</span> <span class='ocrx_word' id='word_1_121' title='bbox 418 1113 596 1151; x_wconf 85' lang='lat' dir='ltr'>trimestri</span> <span class='ocrx_word' id='word_1_122' title='bbox 620 1113 745 1164; x_wconf 88' lang='lat' dir='ltr'>spatio</span> <span class='ocrx_word' id='word_1_123' title='bbox 768 1113 1045 1152; x_wconf 89' lang='lat' dir='ltr'>Macedoniam</span> <span class='ocrx_word' id='word_1_124' title='bbox 1067 1113 1283 1151; x_wconf 85' lang='lat' dir='ltr'>universam</span> <span class='ocrx_word' id='word_1_125' title='bbox 1313 1114 1473 1165; x_wconf 90' lang='lat' dir='ltr'>recepit,</span> <span class='ocrx_word' id='word_1_126' title='bbox 1502 1121 1541 1153; x_wconf 88' lang='lat' dir='ltr'>et</span> <span class='ocrx_word' id='word_1_127' title='bbox 1564 1115 1601 1152; x_wconf 88' lang='lat' dir='ltr'>in</span> 
     </span>
     <span class='ocr_line' id='line_1_16' title="bbox 134 1175 1003 1226; baseline 0.002 -13"><span class='ocrx_word' id='word_1_128' title='bbox 134 1175 240 1226; x_wconf 86' lang='lat' dir='ltr'>regia</span> <span class='ocrx_word' id='word_1_129' title='bbox 260 1175 448 1225; x_wconf 84' lang='lat' dir='ltr'>dignitate</span> <span class='ocrx_word' id='word_1_130' title='bbox 471 1175 577 1213; x_wconf 91' lang='lat' dir='ltr'>senio</span> <span class='ocrx_word' id='word_1_131' title='bbox 597 1176 800 1214; x_wconf 86' lang='lat' dir='ltr'>confectus</span> <span class='ocrx_word' id='word_1_132' title='bbox 820 1176 1003 1215; x_wconf 85' lang='lat' dir='ltr'>decessit.</span> 
     </span>
    </p>

    <p class='ocr_par' dir='ltr' id='par_1_4' title="bbox 134 1237 1606 1660">
     <span class='ocr_line' id='line_1_17' title="bbox 193 1237 1603 1290; baseline 0.004 -16"><span class='ocrx_word' id='word_1_133' title='bbox 193 1238 254 1274; x_wconf 85' lang='lat'>19.</span> <span class='ocrx_word' id='word_1_134' title='bbox 286 1237 401 1279; x_wconf 80' lang='lat' dir='ltr'>Quod</span> <span class='ocrx_word' id='word_1_135' title='bbox 423 1237 454 1275; x_wconf 91' lang='lat' dir='ltr'>si</span> <span class='ocrx_word' id='word_1_136' title='bbox 473 1238 604 1276; x_wconf 87' lang='lat' dir='ltr'>omnia</span> <span class='ocrx_word' id='word_1_137' title='bbox 625 1238 717 1276; x_wconf 86' lang='lat' dir='ltr'>talia</span> <span class='ocrx_word' id='word_1_138' title='bbox 737 1239 840 1277; x_wconf 87' lang='lat' dir='ltr'>facta</span> <span class='ocrx_word' id='word_1_139' title='bbox 865 1238 1131 1290; x_wconf 84' lang='lat' dir='ltr'>conquirenda</span> <span class='ocrx_word' id='word_1_140' title='bbox 1153 1239 1243 1283; x_wconf 89' lang='lat' dir='ltr'>sint,</span> <span class='ocrx_word' id='word_1_141' title='bbox 1272 1247 1309 1276; x_wconf 88' lang='lat' dir='ltr'>et</span> <span class='ocrx_word' id='word_1_142' title='bbox 1339 1253 1414 1290; x_wconf 82' lang='lat' dir='ltr'>ego</span> <span class='ocrx_word' id='word_1_143' title='bbox 1435 1240 1603 1279; x_wconf 86' lang='lat' dir='ltr'>dicendo</span> 
     </span>
     <span class='ocr_line' id='line_1_18' title="bbox 134 1299 1604 1350; baseline 0.003 -13"><span class='ocrx_word' id='word_1_144' title='bbox 134 1306 173 1337; x_wconf 87' lang='lat' dir='ltr'>et</span> <span class='ocrx_word' id='word_1_145' title='bbox 199 1299 394 1337; x_wconf 87' lang='lat' dir='ltr'>audiendo</span> <span class='ocrx_word' id='word_1_146' title='bbox 420 1312 488 1336; x_wconf 92' lang='lat' dir='ltr'>vos</span> <span class='ocrx_word' id='word_1_147' title='bbox 515 1299 844 1350; x_wconf 81' lang='lat' dir='ltr'>defatigaremini:</span> <span class='ocrx_word' id='word_1_148' title='bbox 874 1314 963 1338; x_wconf 90' lang='lat' dir='ltr'>nam</span> <span class='ocrx_word' id='word_1_149' title='bbox 991 1300 1021 1337; x_wconf 89' lang='lat' dir='ltr'>si</span> <span class='ocrx_word' id='word_1_150' title='bbox 1046 1301 1103 1338; x_wconf 91' lang='lat' dir='ltr'>vel</span> <span class='ocrx_word' id='word_1_151' title='bbox 1124 1313 1169 1338; x_wconf 90' lang='lat' dir='ltr'>ea</span> <span class='ocrx_word' id='word_1_152' title='bbox 1189 1314 1276 1350; x_wconf 79' lang='lat' dir='ltr'>quae</span> <span class='ocrx_word' id='word_1_153' title='bbox 1296 1301 1481 1340; x_wconf 87' lang='lat' dir='ltr'>Thebano</span> <span class='ocrx_word' id='word_1_154' title='bbox 1503 1303 1604 1341; x_wconf 88' lang='lat' dir='ltr'>bello</span> 
     </span>
     <span class='ocr_line' id='line_1_19' title="bbox 134 1360 1604 1413; baseline 0.002 -15"><span class='ocrx_word' id='word_1_155' title='bbox 134 1360 358 1398; x_wconf 87' lang='lat' dir='ltr'>acciderunt</span> <span class='ocrx_word' id='word_1_156' title='bbox 388 1361 649 1407; x_wconf 84' lang='lat' dir='ltr'>recordemur,</span> <span class='ocrx_word' id='word_1_157' title='bbox 684 1362 766 1399; x_wconf 80' lang='lat' dir='ltr'>fieri</span> <span class='ocrx_word' id='word_1_158' title='bbox 795 1362 951 1412; x_wconf 90' lang='lat' dir='ltr'>quidem</span> <span class='ocrx_word' id='word_1_159' title='bbox 986 1374 1063 1398; x_wconf 90' lang='lat' dir='ltr'>non</span> <span class='ocrx_word' id='word_1_160' title='bbox 1097 1362 1238 1413; x_wconf 88' lang='lat' dir='ltr'>poterit</span> <span class='ocrx_word' id='word_1_161' title='bbox 1264 1363 1355 1412; x_wconf 86' lang='lat' dir='ltr'>quin</span> <span class='ocrx_word' id='word_1_162' title='bbox 1384 1363 1604 1402; x_wconf 85' lang='lat' dir='ltr'>calamitate</span> 
     </span>
     <span class='ocr_line' id='line_1_20' title="bbox 134 1422 1605 1476; baseline 0.003 -17"><span class='ocrx_word' id='word_1_163' title='bbox 134 1430 266 1460; x_wconf 87' lang='lat' dir='ltr'>nostra</span> <span class='ocrx_word' id='word_1_164' title='bbox 300 1422 518 1467; x_wconf 89' lang='lat' dir='ltr'>doleamus,</span> <span class='ocrx_word' id='word_1_165' title='bbox 555 1423 624 1460; x_wconf 88' lang='lat' dir='ltr'>sed</span> <span class='ocrx_word' id='word_1_166' title='bbox 656 1423 769 1461; x_wconf 90' lang='lat' dir='ltr'>iidem</span> <span class='ocrx_word' id='word_1_167' title='bbox 800 1423 915 1461; x_wconf 90' lang='lat' dir='ltr'>etiam</span> <span class='ocrx_word' id='word_1_168' title='bbox 947 1423 995 1461; x_wconf 89' lang='lat' dir='ltr'>de</span> <span class='ocrx_word' id='word_1_169' title='bbox 1026 1431 1167 1460; x_wconf 83' lang='lat' dir='ltr'>caetero</span> <span class='ocrx_word' id='word_1_170' title='bbox 1198 1437 1306 1475; x_wconf 84' lang='lat' dir='ltr'>spem</span> <span class='ocrx_word' id='word_1_171' title='bbox 1341 1425 1605 1476; x_wconf 88' lang='lat' dir='ltr'>concipiemus</span> 
     </span>
     <span class='ocr_line' id='line_1_21' title="bbox 135 1484 1605 1536; baseline 0.003 -14"><span class='ocrx_word' id='word_1_172' title='bbox 135 1484 345 1522; x_wconf 81' lang='lat' dir='ltr'>meliorem.</span> <span class='ocrx_word' id='word_1_173' title='bbox 384 1486 511 1527; x_wconf 83' lang='lat' dir='ltr'>Quum</span> <span class='ocrx_word' id='word_1_174' title='bbox 530 1485 631 1522; x_wconf 88' lang='lat' dir='ltr'>enim</span> <span class='ocrx_word' id='word_1_175' title='bbox 649 1486 731 1522; x_wconf 90' lang='lat' dir='ltr'>ausi</span> <span class='ocrx_word' id='word_1_176' title='bbox 749 1493 881 1522; x_wconf 85' lang='lat' dir='ltr'>essent</span> <span class='ocrx_word' id='word_1_177' title='bbox 897 1485 951 1522; x_wconf 92' lang='lat' dir='ltr'>illi</span> <span class='ocrx_word' id='word_1_178' title='bbox 968 1492 1119 1523; x_wconf 86' lang='lat' dir='ltr'>nostras</span> <span class='ocrx_word' id='word_1_179' title='bbox 1137 1487 1408 1536; x_wconf 86' lang='lat' dir='ltr'>impressiones</span> <span class='ocrx_word' id='word_1_180' title='bbox 1424 1497 1462 1525; x_wconf 88' lang='lat' dir='ltr'>et</span> <span class='ocrx_word' id='word_1_181' title='bbox 1480 1489 1605 1527; x_wconf 88' lang='lat' dir='ltr'>minas</span> 
     </span>
     <span class='ocr_line' id='line_1_22' title="bbox 134 1545 1606 1601; baseline 0.003 -18"><span class='ocrx_word' id='word_1_182' title='bbox 134 1545 338 1591; x_wconf 84' lang='lat' dir='ltr'>sustinere,</span> <span class='ocrx_word' id='word_1_183' title='bbox 359 1545 411 1583; x_wconf 90' lang='lat' dir='ltr'>ita</span> <span class='ocrx_word' id='word_1_184' title='bbox 440 1545 596 1582; x_wconf 88' lang='lat' dir='ltr'>fortuna</span> <span class='ocrx_word' id='word_1_185' title='bbox 627 1559 685 1583; x_wconf 90' lang='lat' dir='ltr'>res</span> <span class='ocrx_word' id='word_1_186' title='bbox 714 1559 845 1584; x_wconf 88' lang='lat' dir='ltr'>eorum</span> <span class='ocrx_word' id='word_1_187' title='bbox 875 1547 1051 1592; x_wconf 86' lang='lat' dir='ltr'>mutavit,</span> <span class='ocrx_word' id='word_1_188' title='bbox 1073 1554 1116 1584; x_wconf 89' lang='lat' dir='ltr'>ut</span> <span class='ocrx_word' id='word_1_189' title='bbox 1137 1547 1200 1598; x_wconf 90' lang='lat' dir='ltr'>qui</span> <span class='ocrx_word' id='word_1_190' title='bbox 1222 1555 1311 1586; x_wconf 88' lang='lat' dir='ltr'>ante</span> <span class='ocrx_word' id='word_1_191' title='bbox 1331 1549 1441 1586; x_wconf 86' lang='lat' dir='ltr'>nobis</span> <span class='ocrx_word' id='word_1_192' title='bbox 1461 1551 1606 1601; x_wconf 89' lang='lat' dir='ltr'>paruis-</span> 
     </span>
     <span class='ocr_line' id='line_1_23' title="bbox 135 1607 1245 1660; baseline 0.001 -14"><span class='ocrx_word' id='word_1_193' title='bbox 135 1615 221 1646; x_wconf 84' lang='lat' dir='ltr'>sent</span> <span class='ocrx_word' id='word_1_194' title='bbox 234 1609 315 1660; x_wconf 88' lang='lat' dir='ltr'>jam</span> <span class='ocrx_word' id='word_1_195' title='bbox 335 1607 444 1645; x_wconf 86' lang='lat' dir='ltr'>nobis</span> <span class='ocrx_word' id='word_1_196' title='bbox 465 1607 680 1658; x_wconf 86' lang='lat' dir='ltr'>imperandi</span> <span class='ocrx_word' id='word_1_197' title='bbox 701 1614 935 1658; x_wconf 87' lang='lat' dir='ltr'>potestatem</span> <span class='ocrx_word' id='word_1_198' title='bbox 959 1607 1029 1645; x_wconf 90' lang='lat' dir='ltr'>sibi</span> <span class='ocrx_word' id='word_1_199' title='bbox 1051 1616 1245 1658; x_wconf 88' lang='lat' dir='ltr'>arrogent.</span> 
     </span>
    </p>

    <p class='ocr_par' dir='ltr' id='par_1_5' title="bbox 135 1669 1607 2216">
     <span class='ocr_line' id='line_1_24' title="bbox 189 1669 1606 1720; baseline 0.003 -14"><span class='ocrx_word' id='word_1_200' title='bbox 189 1672 254 1708; x_wconf 83' lang='lat'>20.</span> <span class='ocrx_word' id='word_1_201' title='bbox 285 1670 361 1713; x_wconf 85' lang='lat' dir='ltr'>Qui</span> <span class='ocrx_word' id='word_1_202' title='bbox 381 1669 496 1720; x_wconf 82' lang='lat' dir='ltr'>igitur</span> <span class='ocrx_word' id='word_1_203' title='bbox 516 1675 645 1707; x_wconf 88' lang='lat' dir='ltr'>tantas</span> <span class='ocrx_word' id='word_1_204' title='bbox 664 1670 895 1708; x_wconf 89' lang='lat' dir='ltr'>mutationes</span> <span class='ocrx_word' id='word_1_205' title='bbox 912 1669 1102 1708; x_wconf 89' lang='lat' dir='ltr'>accidisse</span> <span class='ocrx_word' id='word_1_206' title='bbox 1119 1670 1236 1715; x_wconf 90' lang='lat' dir='ltr'>videt,</span> <span class='ocrx_word' id='word_1_207' title='bbox 1253 1671 1291 1707; x_wconf 90' lang='lat' dir='ltr'>in</span> <span class='ocrx_word' id='word_1_208' title='bbox 1314 1671 1456 1709; x_wconf 86' lang='lat' dir='ltr'>nostris</span> <span class='ocrx_word' id='word_1_209' title='bbox 1477 1680 1606 1710; x_wconf 84' lang='lat' dir='ltr'>autem</span> 
     </span>
     <span class='ocr_line' id='line_1_25' title="bbox 136 1732 1604 1785; baseline 0.002 -15"><span class='ocrx_word' id='word_1_210' title='bbox 136 1735 252 1772; x_wconf 90' lang='lat' dir='ltr'>rebus</span> <span class='ocrx_word' id='word_1_211' title='bbox 273 1733 398 1771; x_wconf 87' lang='lat' dir='ltr'>nullas</span> <span class='ocrx_word' id='word_1_212' title='bbox 420 1732 502 1770; x_wconf 87' lang='lat' dir='ltr'>fore</span> <span class='ocrx_word' id='word_1_213' title='bbox 522 1738 648 1783; x_wconf 78' lang='lat' dir='ltr'>putat,</span> <span class='ocrx_word' id='word_1_214' title='bbox 668 1746 746 1771; x_wconf 91' lang='lat' dir='ltr'>non</span> <span class='ocrx_word' id='word_1_215' title='bbox 769 1732 862 1770; x_wconf 85' lang='lat' dir='ltr'>satis</span> <span class='ocrx_word' id='word_1_216' title='bbox 883 1739 944 1770; x_wconf 91' lang='lat' dir='ltr'>est</span> <span class='ocrx_word' id='word_1_217' title='bbox 963 1733 1252 1771; x_wconf 86' lang='lat' dir='ltr'>consideratus:</span> <span class='ocrx_word' id='word_1_218' title='bbox 1286 1734 1355 1771; x_wconf 91' lang='lat' dir='ltr'>sed</span> <span class='ocrx_word' id='word_1_219' title='bbox 1376 1741 1415 1771; x_wconf 90' lang='lat' dir='ltr'>et</span> <span class='ocrx_word' id='word_1_220' title='bbox 1434 1748 1604 1785; x_wconf 79' lang='lat' dir='ltr'>praesen-</span> 
     </span>
     <span class='ocr_line' id='line_1_26' title="bbox 135 1794 1607 1846; baseline 0 -12"><span class='ocrx_word' id='word_1_221' title='bbox 135 1797 188 1834; x_wconf 87' lang='lat' dir='ltr'>tia</span> <span class='ocrx_word' id='word_1_222' title='bbox 206 1796 325 1846; x_wconf 79' lang='lat' dir='ltr'>aequis</span> <span class='ocrx_word' id='word_1_223' title='bbox 344 1795 479 1832; x_wconf 87' lang='lat' dir='ltr'>animis</span> <span class='ocrx_word' id='word_1_224' title='bbox 498 1794 658 1832; x_wconf 82' lang='lat' dir='ltr'>ferenda</span> <span class='ocrx_word' id='word_1_225' title='bbox 675 1800 766 1831; x_wconf 90' lang='lat' dir='ltr'>sunt</span> <span class='ocrx_word' id='word_1_226' title='bbox 781 1801 820 1832; x_wconf 90' lang='lat' dir='ltr'>et</span> <span class='ocrx_word' id='word_1_227' title='bbox 835 1794 883 1832; x_wconf 90' lang='lat' dir='ltr'>de</span> <span class='ocrx_word' id='word_1_228' title='bbox 901 1795 1040 1832; x_wconf 86' lang='lat' dir='ltr'>suturis</span> <span class='ocrx_word' id='word_1_229' title='bbox 1057 1794 1155 1832; x_wconf 91' lang='lat' dir='ltr'>bene</span> <span class='ocrx_word' id='word_1_230' title='bbox 1173 1794 1428 1845; x_wconf 75' lang='lat' dir='ltr'>sperandum:</span> <span class='ocrx_word' id='word_1_231' title='bbox 1455 1804 1607 1835; x_wconf 85' lang='lat' dir='ltr'>constat</span> 
     </span>
     <span class='ocr_line' id='line_1_27' title="bbox 136 1856 1607 1908; baseline 0.001 -12"><span class='ocrx_word' id='word_1_232' title='bbox 136 1858 238 1896; x_wconf 89' lang='lat' dir='ltr'>enim</span> <span class='ocrx_word' id='word_1_233' title='bbox 259 1871 281 1895; x_wconf 92' lang='lat' dir='ltr'>a</span> <span class='ocrx_word' id='word_1_234' title='bbox 300 1856 520 1895; x_wconf 89' lang='lat' dir='ltr'>civitatibus</span> <span class='ocrx_word' id='word_1_235' title='bbox 542 1856 636 1893; x_wconf 86' lang='lat' dir='ltr'>tales</span> <span class='ocrx_word' id='word_1_236' title='bbox 656 1869 785 1902; x_wconf 78' lang='lat' dir='ltr'>casus,</span> <span class='ocrx_word' id='word_1_237' title='bbox 812 1856 842 1894; x_wconf 92' lang='lat' dir='ltr'>si</span> <span class='ocrx_word' id='word_1_238' title='bbox 863 1856 966 1893; x_wconf 87' lang='lat' dir='ltr'>domi</span> <span class='ocrx_word' id='word_1_239' title='bbox 987 1856 1190 1894; x_wconf 88' lang='lat' dir='ltr'>consilium</span> <span class='ocrx_word' id='word_1_240' title='bbox 1216 1862 1253 1894; x_wconf 91' lang='lat' dir='ltr'>et</span> <span class='ocrx_word' id='word_1_241' title='bbox 1274 1857 1488 1908; x_wconf 81' lang='lat' dir='ltr'>disciplina,</span> <span class='ocrx_word' id='word_1_242' title='bbox 1518 1859 1607 1897; x_wconf 83' lang='lat' dir='ltr'>foris</span> 
     </span>
     <span class='ocr_line' id='line_1_28' title="bbox 138 1917 1606 1970; baseline 0 -12"><span class='ocrx_word' id='word_1_243' title='bbox 138 1932 245 1958; x_wconf 83' lang='lat' dir='ltr'>arma</span> <span class='ocrx_word' id='word_1_244' title='bbox 264 1925 303 1957; x_wconf 88' lang='lat' dir='ltr'>et</span> <span class='ocrx_word' id='word_1_245' title='bbox 321 1918 456 1970; x_wconf 82' lang='lat' dir='ltr'>peritia</span> <span class='ocrx_word' id='word_1_246' title='bbox 482 1918 533 1956; x_wconf 91' lang='lat' dir='ltr'>rei</span> <span class='ocrx_word' id='word_1_247' title='bbox 561 1918 734 1956; x_wconf 84' lang='lat' dir='ltr'>militaris</span> <span class='ocrx_word' id='word_1_248' title='bbox 756 1917 927 1968; x_wconf 84' lang='lat' dir='ltr'>vigeant,</span> <span class='ocrx_word' id='word_1_249' title='bbox 952 1918 1162 1955; x_wconf 84' lang='lat' dir='ltr'>emendari.</span> <span class='ocrx_word' id='word_1_250' title='bbox 1232 1918 1370 1968; x_wconf 89' lang='lat' dir='ltr'>Neque</span> <span class='ocrx_word' id='word_1_251' title='bbox 1390 1932 1479 1957; x_wconf 92' lang='lat' dir='ltr'>vero</span> <span class='ocrx_word' id='word_1_252' title='bbox 1499 1921 1606 1970; x_wconf 89' lang='lat' dir='ltr'>quis-</span> 
     </span>
     <span class='ocr_line' id='line_1_29' title="bbox 136 1978 1606 2033; baseline 0 -14"><span class='ocrx_word' id='word_1_253' title='bbox 136 1994 251 2033; x_wconf 83' lang='lat' dir='ltr'>quam</span> <span class='ocrx_word' id='word_1_254' title='bbox 272 1979 542 2030; x_wconf 85' lang='lat' dir='ltr'>refragabitur,</span> <span class='ocrx_word' id='word_1_255' title='bbox 564 1979 653 2030; x_wconf 88' lang='lat' dir='ltr'>quin</span> <span class='ocrx_word' id='word_1_256' title='bbox 680 1985 719 2016; x_wconf 88' lang='lat' dir='ltr'>et</span> <span class='ocrx_word' id='word_1_257' title='bbox 748 1979 912 2016; x_wconf 89' lang='lat' dir='ltr'>scientia</span> <span class='ocrx_word' id='word_1_258' title='bbox 937 1978 1087 2016; x_wconf 72' lang='lat' dir='ltr'>bellicae</span> <span class='ocrx_word' id='word_1_259' title='bbox 1109 1979 1161 2016; x_wconf 85' lang='lat' dir='ltr'>rei</span> <span class='ocrx_word' id='word_1_260' title='bbox 1183 1986 1424 2029; x_wconf 84' lang='lat' dir='ltr'>praestemus,</span> <span class='ocrx_word' id='word_1_261' title='bbox 1443 1989 1481 2018; x_wconf 89' lang='lat' dir='ltr'>et</span> <span class='ocrx_word' id='word_1_262' title='bbox 1502 1982 1606 2032; x_wconf 89' lang='lat' dir='ltr'>apud</span> 
     </span>
     <span class='ocr_line' id='line_1_30' title="bbox 136 2040 1605 2092; baseline 0 -11"><span class='ocrx_word' id='word_1_263' title='bbox 136 2057 205 2081; x_wconf 89' lang='lat' dir='ltr'>nos</span> <span class='ocrx_word' id='word_1_264' title='bbox 233 2042 336 2080; x_wconf 90' lang='lat' dir='ltr'>solos</span> <span class='ocrx_word' id='word_1_265' title='bbox 363 2042 450 2079; x_wconf 88' lang='lat' dir='ltr'>talis</span> <span class='ocrx_word' id='word_1_266' title='bbox 479 2040 698 2092; x_wconf 81' lang='lat' dir='ltr'>respublica</span> <span class='ocrx_word' id='word_1_267' title='bbox 725 2041 775 2078; x_wconf 91' lang='lat' dir='ltr'>sit</span> <span class='ocrx_word' id='word_1_268' title='bbox 799 2040 952 2090; x_wconf 86' lang='lat' dir='ltr'>qualem</span> <span class='ocrx_word' id='word_1_269' title='bbox 980 2053 1064 2077; x_wconf 90' lang='lat' dir='ltr'>esse</span> <span class='ocrx_word' id='word_1_270' title='bbox 1093 2041 1216 2078; x_wconf 85' lang='lat' dir='ltr'>decet.</span> <span class='ocrx_word' id='word_1_271' title='bbox 1278 2042 1377 2083; x_wconf 78' lang='lat' dir='ltr'>Quae</span> <span class='ocrx_word' id='word_1_272' title='bbox 1407 2056 1525 2092; x_wconf 90' lang='lat' dir='ltr'>quum</span> <span class='ocrx_word' id='word_1_273' title='bbox 1553 2044 1605 2082; x_wconf 90' lang='lat' dir='ltr'>ita</span> 
     </span>
     <span class='ocr_line' id='line_1_31' title="bbox 138 2102 1605 2155; baseline 0 -11"><span class='ocrx_word' id='word_1_274' title='bbox 138 2107 226 2152; x_wconf 89' lang='lat' dir='ltr'>sint,</span> <span class='ocrx_word' id='word_1_275' title='bbox 248 2104 328 2143; x_wconf 89' lang='lat' dir='ltr'>fieri</span> <span class='ocrx_word' id='word_1_276' title='bbox 348 2103 503 2141; x_wconf 91' lang='lat' dir='ltr'>omnino</span> <span class='ocrx_word' id='word_1_277' title='bbox 525 2104 658 2154; x_wconf 89' lang='lat' dir='ltr'>nequit</span> <span class='ocrx_word' id='word_1_278' title='bbox 678 2103 771 2154; x_wconf 90' lang='lat' dir='ltr'>quin</span> <span class='ocrx_word' id='word_1_279' title='bbox 793 2103 980 2141; x_wconf 87' lang='lat' dir='ltr'>feliciores</span> <span class='ocrx_word' id='word_1_280' title='bbox 1009 2103 1126 2141; x_wconf 88' lang='lat' dir='ltr'>futuri</span> <span class='ocrx_word' id='word_1_281' title='bbox 1148 2102 1264 2140; x_wconf 89' lang='lat' dir='ltr'>simus</span> <span class='ocrx_word' id='word_1_282' title='bbox 1285 2104 1328 2141; x_wconf 86' lang='lat' dir='ltr'>iis</span> <span class='ocrx_word' id='word_1_283' title='bbox 1349 2105 1489 2155; x_wconf 88' lang='lat' dir='ltr'>quibus</span> <span class='ocrx_word' id='word_1_284' title='bbox 1510 2119 1605 2145; x_wconf 89' lang='lat' dir='ltr'>neu-</span> 
     </span>
     <span class='ocr_line' id='line_1_32' title="bbox 137 2165 801 2216; baseline -0.006 -10"><span class='ocrx_word' id='word_1_285' title='bbox 137 2174 236 2206; x_wconf 90' lang='lat' dir='ltr'>trum</span> <span class='ocrx_word' id='word_1_286' title='bbox 258 2167 394 2204; x_wconf 91' lang='lat' dir='ltr'>horum</span> <span class='ocrx_word' id='word_1_287' title='bbox 416 2179 569 2216; x_wconf 82' lang='lat' dir='ltr'>magnae</span> <span class='ocrx_word' id='word_1_288' title='bbox 590 2179 692 2204; x_wconf 80' lang='lat' dir='ltr'>curae</span> <span class='ocrx_word' id='word_1_289' title='bbox 714 2165 801 2203; x_wconf 87' lang='lat' dir='ltr'>fuit.</span> 
     </span>
    </p>

    <p class='ocr_par' dir='ltr' id='par_1_6' title="bbox 141 2226 1612 2454">
     <span class='ocr_line' id='line_1_33' title="bbox 191 2226 1609 2279; baseline 0.002 -13"><span class='ocrx_word' id='word_1_290' title='bbox 191 2230 257 2266; x_wconf 81' lang='lat'>21.</span> <span class='ocrx_word' id='word_1_291' title='bbox 290 2229 346 2265; x_wconf 90' lang='lat' dir='ltr'>At</span> <span class='ocrx_word' id='word_1_292' title='bbox 365 2227 521 2278; x_wconf 89' lang='lat' dir='ltr'>quidam</span> <span class='ocrx_word' id='word_1_293' title='bbox 553 2227 590 2264; x_wconf 91' lang='lat' dir='ltr'>in</span> <span class='ocrx_word' id='word_1_294' title='bbox 618 2227 763 2264; x_wconf 90' lang='lat' dir='ltr'>bellum</span> <span class='ocrx_word' id='word_1_295' title='bbox 796 2226 1044 2273; x_wconf 87' lang='lat' dir='ltr'>invehuntur,</span> <span class='ocrx_word' id='word_1_296' title='bbox 1079 2232 1236 2278; x_wconf 86' lang='lat' dir='ltr'>ejusque</span> <span class='ocrx_word' id='word_1_297' title='bbox 1264 2229 1465 2279; x_wconf 86' lang='lat' dir='ltr'>perfidiam</span> <span class='ocrx_word' id='word_1_298' title='bbox 1494 2243 1609 2269; x_wconf 88' lang='lat' dir='ltr'>accu-</span> 
     </span>
     <span class='ocr_line' id='line_1_34' title="bbox 141 2289 1609 2340; baseline 0.001 -10"><span class='ocrx_word' id='word_1_299' title='bbox 141 2297 241 2337; x_wconf 88' lang='lat' dir='ltr'>sant,</span> <span class='ocrx_word' id='word_1_300' title='bbox 264 2290 503 2340; x_wconf 88' lang='lat' dir='ltr'>argumentis</span> <span class='ocrx_word' id='word_1_301' title='bbox 523 2296 678 2327; x_wconf 86' lang='lat' dir='ltr'>utentes</span> <span class='ocrx_word' id='word_1_302' title='bbox 706 2302 793 2327; x_wconf 88' lang='lat' dir='ltr'>cum</span> <span class='ocrx_word' id='word_1_303' title='bbox 824 2289 908 2326; x_wconf 87' lang='lat' dir='ltr'>aliis</span> <span class='ocrx_word' id='word_1_304' title='bbox 938 2295 1019 2327; x_wconf 91' lang='lat' dir='ltr'>tum</span> <span class='ocrx_word' id='word_1_305' title='bbox 1041 2289 1087 2327; x_wconf 91' lang='lat' dir='ltr'>iis</span> <span class='ocrx_word' id='word_1_306' title='bbox 1109 2289 1199 2340; x_wconf 89' lang='lat' dir='ltr'>ipsis</span> <span class='ocrx_word' id='word_1_307' title='bbox 1218 2303 1305 2340; x_wconf 85' lang='lat' dir='ltr'>quae</span> <span class='ocrx_word' id='word_1_308' title='bbox 1328 2292 1437 2329; x_wconf 89' lang='lat' dir='ltr'>nobis</span> <span class='ocrx_word' id='word_1_309' title='bbox 1458 2293 1609 2331; x_wconf 79' lang='lat' dir='ltr'>accide-</span> 
     </span>
     <span class='ocr_line' id='line_1_35' title="bbox 141 2351 1612 2403; baseline 0.001 -12"><span class='ocrx_word' id='word_1_310' title='bbox 141 2360 241 2399; x_wconf 89' lang='lat' dir='ltr'>runt,</span> <span class='ocrx_word' id='word_1_311' title='bbox 263 2365 381 2403; x_wconf 88' lang='lat' dir='ltr'>seque</span> <span class='ocrx_word' id='word_1_312' title='bbox 409 2351 535 2389; x_wconf 78' lang='lat' dir='ltr'>mirari</span> <span class='ocrx_word' id='word_1_313' title='bbox 565 2351 747 2389; x_wconf 85' lang='lat' dir='ltr'>dictitant</span> <span class='ocrx_word' id='word_1_314' title='bbox 776 2364 999 2401; x_wconf 88' lang='lat' dir='ltr'>quenquam</span> <span class='ocrx_word' id='word_1_315' title='bbox 1030 2365 1115 2390; x_wconf 87' lang='lat' dir='ltr'>esse</span> <span class='ocrx_word' id='word_1_316' title='bbox 1145 2352 1210 2402; x_wconf 86' lang='lat' dir='ltr'>qui</span> <span class='ocrx_word' id='word_1_317' title='bbox 1240 2352 1291 2390; x_wconf 84' lang='lat' dir='ltr'>rei</span> <span class='ocrx_word' id='word_1_318' title='bbox 1324 2359 1398 2390; x_wconf 81' lang='lat' dir='ltr'>tam</span> <span class='ocrx_word' id='word_1_319' title='bbox 1430 2367 1543 2391; x_wconf 80' lang='lat' dir='ltr'>saevae</span> <span class='ocrx_word' id='word_1_320' title='bbox 1566 2368 1612 2393; x_wconf 91' lang='lat' dir='ltr'>ac</span> 
     </span>
     <span class='ocr_line' id='line_1_36' title="bbox 141 2413 923 2454; baseline -0.004 0"><span class='ocrx_word' id='word_1_321' title='bbox 141 2414 352 2454; x_wconf 81' lang='lat' dir='ltr'>temerariae</span> <span class='ocrx_word' id='word_1_322' title='bbox 374 2413 491 2451; x_wconf 88' lang='lat' dir='ltr'>fidem</span> <span class='ocrx_word' id='word_1_323' title='bbox 511 2413 730 2451; x_wconf 84' lang='lat' dir='ltr'>habendam</span> <span class='ocrx_word' id='word_1_324' title='bbox 752 2421 923 2451; x_wconf 85' lang='lat' dir='ltr'>censeat.</span> 
     </span>
    </p>

    <p class='ocr_par' dir='ltr' id='par_1_7' title="bbox 142 2474 1611 3016">
     <span class='ocr_line' id='line_1_37' title="bbox 193 2474 1607 2527; baseline 0.002 -14"><span class='ocrx_word' id='word_1_325' title='bbox 193 2478 260 2513; x_wconf 77' lang='lat'>22.</span> <span class='ocrx_word' id='word_1_326' title='bbox 292 2476 376 2527; x_wconf 87' lang='lat' dir='ltr'>Ego</span> <span class='ocrx_word' id='word_1_327' title='bbox 410 2488 499 2512; x_wconf 89' lang='lat' dir='ltr'>vero</span> <span class='ocrx_word' id='word_1_328' title='bbox 535 2475 621 2513; x_wconf 91' lang='lat' dir='ltr'>novi</span> <span class='ocrx_word' id='word_1_329' title='bbox 657 2474 797 2512; x_wconf 89' lang='lat' dir='ltr'>multos</span> <span class='ocrx_word' id='word_1_330' title='bbox 833 2475 898 2525; x_wconf 89' lang='lat' dir='ltr'>qui</span> <span class='ocrx_word' id='word_1_331' title='bbox 937 2475 1008 2513; x_wconf 91' lang='lat' dir='ltr'>sibi</span> <span class='ocrx_word' id='word_1_332' title='bbox 1043 2488 1223 2526; x_wconf 82' lang='lat' dir='ltr'>magnam</span> <span class='ocrx_word' id='word_1_333' title='bbox 1256 2475 1358 2513; x_wconf 87' lang='lat' dir='ltr'>bello</span> <span class='ocrx_word' id='word_1_334' title='bbox 1387 2476 1607 2516; x_wconf 81' lang='lat' dir='ltr'>felicitatem</span> 
     </span>
     <span class='ocr_line' id='line_1_38' title="bbox 142 2535 1609 2589; baseline 0.001 -13"><span class='ocrx_word' id='word_1_335' title='bbox 142 2543 387 2589; x_wconf 86' lang='lat' dir='ltr'>pepererunt,</span> <span class='ocrx_word' id='word_1_336' title='bbox 418 2535 561 2573; x_wconf 90' lang='lat' dir='ltr'>multos</span> <span class='ocrx_word' id='word_1_337' title='bbox 597 2535 685 2572; x_wconf 89' lang='lat' dir='ltr'>item</span> <span class='ocrx_word' id='word_1_338' title='bbox 720 2535 785 2585; x_wconf 90' lang='lat' dir='ltr'>qui</span> <span class='ocrx_word' id='word_1_339' title='bbox 817 2535 954 2573; x_wconf 87' lang='lat' dir='ltr'>eadem</span> <span class='ocrx_word' id='word_1_340' title='bbox 987 2549 1084 2587; x_wconf 87' lang='lat' dir='ltr'>pace</span> <span class='ocrx_word' id='word_1_341' title='bbox 1115 2536 1344 2574; x_wconf 86' lang='lat' dir='ltr'>amiserunt:</span> <span class='ocrx_word' id='word_1_342' title='bbox 1387 2537 1477 2574; x_wconf 87' lang='lat' dir='ltr'>nihil</span> <span class='ocrx_word' id='word_1_343' title='bbox 1507 2540 1609 2577; x_wconf 89' lang='lat' dir='ltr'>enim</span> 
     </span>
     <span class='ocr_line' id='line_1_39' title="bbox 143 2597 1610 2650; baseline 0.001 -13"><span class='ocrx_word' id='word_1_344' title='bbox 143 2612 268 2637; x_wconf 88' lang='lat' dir='ltr'>rerum</span> <span class='ocrx_word' id='word_1_345' title='bbox 290 2598 423 2635; x_wconf 84' lang='lat' dir='ltr'>talium</span> <span class='ocrx_word' id='word_1_346' title='bbox 444 2610 513 2648; x_wconf 90' lang='lat' dir='ltr'>per</span> <span class='ocrx_word' id='word_1_347' title='bbox 534 2610 574 2634; x_wconf 89' lang='lat' dir='ltr'>se</span> <span class='ocrx_word' id='word_1_348' title='bbox 595 2597 749 2634; x_wconf 87' lang='lat' dir='ltr'>omnino</span> <span class='ocrx_word' id='word_1_349' title='bbox 766 2597 824 2635; x_wconf 91' lang='lat' dir='ltr'>vel</span> <span class='ocrx_word' id='word_1_350' title='bbox 846 2598 987 2635; x_wconf 85' lang='lat' dir='ltr'>malum</span> <span class='ocrx_word' id='word_1_351' title='bbox 1011 2605 1071 2636; x_wconf 91' lang='lat' dir='ltr'>est</span> <span class='ocrx_word' id='word_1_352' title='bbox 1087 2598 1146 2635; x_wconf 89' lang='lat' dir='ltr'>vel</span> <span class='ocrx_word' id='word_1_353' title='bbox 1168 2598 1328 2642; x_wconf 89' lang='lat' dir='ltr'>bonum,</span> <span class='ocrx_word' id='word_1_354' title='bbox 1352 2598 1418 2636; x_wconf 85' lang='lat' dir='ltr'>sed</span> <span class='ocrx_word' id='word_1_355' title='bbox 1442 2606 1484 2637; x_wconf 89' lang='lat' dir='ltr'>ut</span> <span class='ocrx_word' id='word_1_356' title='bbox 1504 2602 1610 2650; x_wconf 88' lang='lat' dir='ltr'>quis-</span> 
     </span>
     <span class='ocr_line' id='line_1_40' title="bbox 142 2658 1610 2711; baseline 0.003 -14"><span class='ocrx_word' id='word_1_357' title='bbox 142 2673 213 2711; x_wconf 91' lang='lat' dir='ltr'>que</span> <span class='ocrx_word' id='word_1_358' title='bbox 234 2660 346 2696; x_wconf 88' lang='lat' dir='ltr'>rebus</span> <span class='ocrx_word' id='word_1_359' title='bbox 375 2665 488 2709; x_wconf 85' lang='lat' dir='ltr'>atque</span> <span class='ocrx_word' id='word_1_360' title='bbox 519 2658 787 2696; x_wconf 88' lang='lat' dir='ltr'>occasionibus</span> <span class='ocrx_word' id='word_1_361' title='bbox 820 2658 951 2703; x_wconf 88' lang='lat' dir='ltr'>utitur,</span> <span class='ocrx_word' id='word_1_362' title='bbox 987 2659 1038 2696; x_wconf 87' lang='lat' dir='ltr'>ita</span> <span class='ocrx_word' id='word_1_363' title='bbox 1067 2671 1226 2696; x_wconf 83' lang='lat' dir='ltr'>necesse</span> <span class='ocrx_word' id='word_1_364' title='bbox 1257 2665 1316 2696; x_wconf 85' lang='lat' dir='ltr'>est</span> <span class='ocrx_word' id='word_1_365' title='bbox 1337 2667 1497 2698; x_wconf 87' lang='lat' dir='ltr'>eventus</span> <span class='ocrx_word' id='word_1_366' title='bbox 1518 2675 1610 2700; x_wconf 90' lang='lat' dir='ltr'>con-</span> 
     </span>
     <span class='ocr_line' id='line_1_41' title="bbox 145 2719 1610 2771; baseline 0.003 -13"><span class='ocrx_word' id='word_1_367' title='bbox 145 2720 287 2759; x_wconf 88' lang='lat' dir='ltr'>similes</span> <span class='ocrx_word' id='word_1_368' title='bbox 309 2720 396 2757; x_wconf 89' lang='lat' dir='ltr'>inde</span> <span class='ocrx_word' id='word_1_369' title='bbox 418 2719 614 2769; x_wconf 84' lang='lat' dir='ltr'>consequi.</span> <span class='ocrx_word' id='word_1_370' title='bbox 660 2720 728 2756; x_wconf 91' lang='lat' dir='ltr'>Est</span> <span class='ocrx_word' id='word_1_371' title='bbox 748 2726 876 2757; x_wconf 82' lang='lat' dir='ltr'>antem</span> <span class='ocrx_word' id='word_1_372' title='bbox 899 2720 1074 2757; x_wconf 83' lang='lat' dir='ltr'>felicibus</span> <span class='ocrx_word' id='word_1_373' title='bbox 1096 2719 1313 2770; x_wconf 81' lang='lat' dir='ltr'>expetenda</span> <span class='ocrx_word' id='word_1_374' title='bbox 1335 2734 1426 2771; x_wconf 83' lang='lat' dir='ltr'>pax;</span> <span class='ocrx_word' id='word_1_375' title='bbox 1456 2736 1542 2760; x_wconf 81' lang='lat' dir='ltr'>nam</span> <span class='ocrx_word' id='word_1_376' title='bbox 1565 2738 1610 2763; x_wconf 87' lang='lat' dir='ltr'>eo</span> 
     </span>
     <span class='ocr_line' id='line_1_42' title="bbox 145 2782 1611 2837; baseline 0.003 -17"><span class='ocrx_word' id='word_1_377' title='bbox 145 2788 244 2820; x_wconf 88' lang='lat' dir='ltr'>statu</span> <span class='ocrx_word' id='word_1_378' title='bbox 274 2788 384 2832; x_wconf 83' lang='lat' dir='ltr'>parta</span> <span class='ocrx_word' id='word_1_379' title='bbox 414 2782 514 2819; x_wconf 88' lang='lat' dir='ltr'>bona</span> <span class='ocrx_word' id='word_1_380' title='bbox 534 2782 747 2820; x_wconf 85' lang='lat' dir='ltr'>diutissime</span> <span class='ocrx_word' id='word_1_381' title='bbox 768 2790 1067 2820; x_wconf 81' lang='lat' dir='ltr'>conservantur:</span> <span class='ocrx_word' id='word_1_382' title='bbox 1100 2783 1336 2821; x_wconf 82' lang='lat' dir='ltr'>calamitosis</span> <span class='ocrx_word' id='word_1_383' title='bbox 1358 2798 1447 2822; x_wconf 91' lang='lat' dir='ltr'>vcro</span> <span class='ocrx_word' id='word_1_384' title='bbox 1469 2787 1516 2823; x_wconf 80' lang='lat' dir='ltr'>ad</span> <span class='ocrx_word' id='word_1_385' title='bbox 1543 2800 1611 2837; x_wconf 87' lang='lat' dir='ltr'>ge-</span> 
     </span>
     <span class='ocr_line' id='line_1_43' title="bbox 147 2842 1610 2894; baseline 0.003 -13"><span class='ocrx_word' id='word_1_386' title='bbox 147 2842 309 2881; x_wconf 87' lang='lat' dir='ltr'>rendum</span> <span class='ocrx_word' id='word_1_387' title='bbox 330 2843 472 2880; x_wconf 88' lang='lat' dir='ltr'>bellum</span> <span class='ocrx_word' id='word_1_388' title='bbox 504 2842 652 2880; x_wconf 90' lang='lat' dir='ltr'>animus</span> <span class='ocrx_word' id='word_1_389' title='bbox 675 2843 936 2894; x_wconf 78' lang='lat' dir='ltr'>adjiciendus3</span> <span class='ocrx_word' id='word_1_390' title='bbox 969 2857 1057 2881; x_wconf 78' lang='lat' dir='ltr'>nain</span> <span class='ocrx_word' id='word_1_391' title='bbox 1079 2843 1248 2881; x_wconf 79' lang='lat' dir='ltr'>tumultu</span> <span class='ocrx_word' id='word_1_392' title='bbox 1270 2844 1408 2883; x_wconf 87' lang='lat' dir='ltr'>bellico</span> <span class='ocrx_word' id='word_1_393' title='bbox 1436 2854 1474 2883; x_wconf 87' lang='lat' dir='ltr'>et</span> <span class='ocrx_word' id='word_1_394' title='bbox 1500 2848 1610 2886; x_wconf 91' lang='lat' dir='ltr'>inno-</span> 
     </span>
     <span class='ocr_line' id='line_1_44' title="bbox 148 2903 1609 2957; baseline 0.005 -17"><span class='ocrx_word' id='word_1_395' title='bbox 148 2903 301 2941; x_wconf 83' lang='lat' dir='ltr'>vatione</span> <span class='ocrx_word' id='word_1_396' title='bbox 332 2904 483 2942; x_wconf 78' lang='lat' dir='ltr'>afflictoe</span> <span class='ocrx_word' id='word_1_397' title='bbox 514 2918 574 2942; x_wconf 87' lang='lat' dir='ltr'>res</span> <span class='ocrx_word' id='word_1_398' title='bbox 605 2905 770 2942; x_wconf 87' lang='lat' dir='ltr'>celerius</span> <span class='ocrx_word' id='word_1_399' title='bbox 804 2906 1017 2955; x_wconf 76' lang='lat' dir='ltr'>eriguntur.</span> <span class='ocrx_word' id='word_1_400' title='bbox 1091 2906 1264 2948; x_wconf 87' lang='lat' dir='ltr'>Quorum</span> <span class='ocrx_word' id='word_1_401' title='bbox 1297 2921 1371 2957; x_wconf 80' lang='lat' dir='ltr'>ego</span> <span class='ocrx_word' id='word_1_402' title='bbox 1402 2921 1533 2947; x_wconf 83' lang='lat' dir='ltr'>vercor</span> <span class='ocrx_word' id='word_1_403' title='bbox 1564 2925 1609 2949; x_wconf 89' lang='lat' dir='ltr'>nc</span> 
     </span>
     <span class='ocr_line' id='line_1_45' title="bbox 150 2965 1607 3016; baseline 0.004 -13"><span class='ocrx_word' id='word_1_404' title='bbox 150 2965 380 3004; x_wconf 79' lang='lat' dir='ltr'>contrarium</span> <span class='ocrx_word' id='word_1_405' title='bbox 403 2966 525 3004; x_wconf 81' lang='lat' dir='ltr'>facere</span> <span class='ocrx_word' id='word_1_406' title='bbox 545 2967 759 3005; x_wconf 76' lang='lat' dir='ltr'>videamur:</span> <span class='ocrx_word' id='word_1_407' title='bbox 797 2980 883 3004; x_wconf 83' lang='lat' dir='ltr'>nam</span> <span class='ocrx_word' id='word_1_408' title='bbox 907 2981 1024 3016; x_wconf 76' lang='lat' dir='ltr'>qutun</span> <span class='ocrx_word' id='word_1_409' title='bbox 1048 2965 1210 3006; x_wconf 80' lang='lat' dir='ltr'>delicate</span> <span class='ocrx_word' id='word_1_410' title='bbox 1239 2969 1348 3006; x_wconf 88' lang='lat' dir='ltr'>nobis</span> <span class='ocrx_word' id='word_1_411' title='bbox 1369 2969 1491 3008; x_wconf 87' lang='lat' dir='ltr'>vivere</span> <span class='ocrx_word' id='word_1_412' title='bbox 1520 2971 1607 3010; x_wconf 85' lang='lat' dir='ltr'>licc-</span> 
     </span>
    </p>
   </div>
  </div>
 </body>
</html>
