<?xml version="1.0" encoding="UTF-8"?>
<!DOCTYPE html PUBLIC "-//W3C//DTD XHTML 1.0 Transitional//EN"
    "http://www.w3.org/TR/xhtml1/DTD/xhtml1-transitional.dtd">
<html xmlns="http://www.w3.org/1999/xhtml" xml:lang="en" lang="en">
 <head>
  <title>
</title>
<meta http-equiv="Content-Type" content="text/html;charset=utf-8" />
  <meta name='ocr-system' content='tesseract 3.04.00' />
  <meta name='ocr-capabilities' content='ocr_page ocr_carea ocr_par ocr_line ocrx_word'/>
</head>
<body>
  <div class='ocr_page' id='page_1' title='image "./oratoresatticie14dobs_0062.png"; bbox 0 0 1870 3277; ppageno 0'>
   <div class='ocr_carea' id='block_1_1' title="bbox 206 190 1096 233">
    <p class='ocr_par' dir='ltr' id='par_1_1' title="bbox 206 190 1096 233">
     <span class='ocr_line' id='line_1_1' title="bbox 206 190 1096 233; baseline -0.007 0"><span class='ocrx_word' id='word_1_1' title='bbox 206 198 257 233; x_wconf 91' lang='lat'>50</span> <span class='ocrx_word' id='word_1_2' title='bbox 808 190 1096 230; x_wconf 86' lang='lat' dir='ltr'>ISOCRATIS</span> 
     </span>
    </p>
   </div>
   <div class='ocr_carea' id='block_1_2' title="bbox 209 292 1731 3017">
    <p class='ocr_par' dir='ltr' id='par_1_2' title="bbox 209 292 1691 462">
     <span class='ocr_line' id='line_1_2' title="bbox 209 292 1691 347; baseline -0.005 -10"><span class='ocrx_word' id='word_1_3' title='bbox 209 308 248 338; x_wconf 92' lang='lat' dir='ltr'>et</span> <span class='ocrx_word' id='word_1_4' title='bbox 268 299 351 337; x_wconf 87' lang='lat' dir='ltr'>aliis</span> <span class='ocrx_word' id='word_1_5' title='bbox 371 297 593 344; x_wconf 83' lang='lat' dir='ltr'>ostendam,</span> <span class='ocrx_word' id='word_1_6' title='bbox 613 310 673 335; x_wconf 89' lang='lat' dir='ltr'>me</span> <span class='ocrx_word' id='word_1_7' title='bbox 694 309 820 347; x_wconf 82' lang='lat' dir='ltr'>neque</span> <span class='ocrx_word' id='word_1_8' title='bbox 840 310 908 347; x_wconf 86' lang='lat' dir='ltr'>per</span> <span class='ocrx_word' id='word_1_9' title='bbox 929 295 1135 333; x_wconf 82' lang='lat' dir='ltr'>amentiam</span> <span class='ocrx_word' id='word_1_10' title='bbox 1158 306 1284 344; x_wconf 90' lang='lat' dir='ltr'>neque</span> <span class='ocrx_word' id='word_1_11' title='bbox 1304 292 1379 331; x_wconf 88' lang='lat' dir='ltr'>hoc</span> <span class='ocrx_word' id='word_1_12' title='bbox 1398 293 1583 344; x_wconf 81' lang='lat' dir='ltr'>languore</span> <span class='ocrx_word' id='word_1_13' title='bbox 1604 306 1691 330; x_wconf 87' lang='lat' dir='ltr'>meo</span> 
     </span>
     <span class='ocr_line' id='line_1_3' title="bbox 210 355 1688 412; baseline -0.006 -12"><span class='ocrx_word' id='word_1_14' title='bbox 210 362 417 412; x_wconf 89' lang='lat' dir='ltr'>deceptum</span> <span class='ocrx_word' id='word_1_15' title='bbox 443 360 527 399; x_wconf 89' lang='lat' dir='ltr'>haec</span> <span class='ocrx_word' id='word_1_16' title='bbox 554 361 719 399; x_wconf 87' lang='lat' dir='ltr'>seribere</span> <span class='ocrx_word' id='word_1_17' title='bbox 740 360 790 397; x_wconf 88' lang='lat' dir='ltr'>ad</span> <span class='ocrx_word' id='word_1_18' title='bbox 817 366 854 397; x_wconf 88' lang='lat' dir='ltr'>te</span> <span class='ocrx_word' id='word_1_19' title='bbox 880 357 1111 403; x_wconf 83' lang='lat' dir='ltr'>instituisse,</span> <span class='ocrx_word' id='word_1_20' title='bbox 1142 357 1211 395; x_wconf 87' lang='lat' dir='ltr'>sed</span> <span class='ocrx_word' id='word_1_21' title='bbox 1235 355 1354 407; x_wconf 87' lang='lat' dir='ltr'>justis</span> <span class='ocrx_word' id='word_1_22' title='bbox 1377 356 1504 394; x_wconf 88' lang='lat' dir='ltr'>causis</span> <span class='ocrx_word' id='word_1_23' title='bbox 1526 363 1564 394; x_wconf 89' lang='lat' dir='ltr'>et</span> <span class='ocrx_word' id='word_1_24' title='bbox 1593 369 1688 407; x_wconf 90' lang='lat' dir='ltr'>pau-</span> 
     </span>
     <span class='ocr_line' id='line_1_4' title="bbox 214 421 720 462; baseline -0.004 0"><span class='ocrx_word' id='word_1_25' title='bbox 214 422 326 462; x_wconf 89' lang='lat' dir='ltr'>latim</span> <span class='ocrx_word' id='word_1_26' title='bbox 346 422 468 460; x_wconf 88' lang='lat' dir='ltr'>fuisse</span> <span class='ocrx_word' id='word_1_27' title='bbox 490 421 720 460; x_wconf 89' lang='lat' dir='ltr'>adductum.</span> 
     </span>
    </p>

    <p class='ocr_par' dir='ltr' id='par_1_3' title="bbox 212 478 1731 2268">
     <span class='ocr_line' id='line_1_5' title="bbox 267 478 1691 535; baseline -0.004 -14"><span class='ocrx_word' id='word_1_28' title='bbox 267 486 305 524; x_wconf 77' lang='lat'>2,</span> <span class='ocrx_word' id='word_1_29' title='bbox 337 484 438 523; x_wconf 87' lang='lat' dir='ltr'>Nam</span> <span class='ocrx_word' id='word_1_30' title='bbox 455 497 573 535; x_wconf 91' lang='lat' dir='ltr'>quum</span> <span class='ocrx_word' id='word_1_31' title='bbox 593 484 734 521; x_wconf 88' lang='lat' dir='ltr'>bellum</span> <span class='ocrx_word' id='word_1_32' title='bbox 756 495 778 520; x_wconf 87' lang='lat' dir='ltr'>a</span> <span class='ocrx_word' id='word_1_33' title='bbox 801 489 836 519; x_wconf 92' lang='lat' dir='ltr'>te</span> <span class='ocrx_word' id='word_1_34' title='bbox 853 488 892 518; x_wconf 84' lang='lat' dir='ltr'>et</span> <span class='ocrx_word' id='word_1_35' title='bbox 910 482 1064 519; x_wconf 87' lang='lat' dir='ltr'>civitate</span> <span class='ocrx_word' id='word_1_36' title='bbox 1086 487 1218 518; x_wconf 80' lang='lat' dir='ltr'>nostra</span> <span class='ocrx_word' id='word_1_37' title='bbox 1236 480 1283 517; x_wconf 91' lang='lat' dir='ltr'>de</span> <span class='ocrx_word' id='word_1_38' title='bbox 1301 478 1521 528; x_wconf 81' lang='lat' dir='ltr'>Amphipoli</span> <span class='ocrx_word' id='word_1_39' title='bbox 1539 487 1691 528; x_wconf 84' lang='lat' dir='ltr'>gestum</span> 
     </span>
     <span class='ocr_line' id='line_1_6' title="bbox 212 540 1694 589; baseline -0.004 -5"><span class='ocrx_word' id='word_1_40' title='bbox 212 546 422 584; x_wconf 91' lang='lat' dir='ltr'>multorum</span> <span class='ocrx_word' id='word_1_41' title='bbox 445 546 632 583; x_wconf 85' lang='lat' dir='ltr'>malorum</span> <span class='ocrx_word' id='word_1_42' title='bbox 654 557 741 582; x_wconf 88' lang='lat' dir='ltr'>esse</span> <span class='ocrx_word' id='word_1_43' title='bbox 764 555 920 580; x_wconf 86' lang='lat' dir='ltr'>causam</span> <span class='ocrx_word' id='word_1_44' title='bbox 941 542 1119 587; x_wconf 85' lang='lat' dir='ltr'>viderem,</span> <span class='ocrx_word' id='word_1_45' title='bbox 1142 548 1181 579; x_wconf 85' lang='lat' dir='ltr'>ct</span> <span class='ocrx_word' id='word_1_46' title='bbox 1201 542 1248 578; x_wconf 90' lang='lat' dir='ltr'>de</span> <span class='ocrx_word' id='word_1_47' title='bbox 1270 542 1363 578; x_wconf 83' lang='lat' dir='ltr'>urbe</span> <span class='ocrx_word' id='word_1_48' title='bbox 1387 540 1598 589; x_wconf 73' lang='lat' dir='ltr'>eti-egione</span> <span class='ocrx_word' id='word_1_49' title='bbox 1621 541 1694 578; x_wconf 85' lang='lat' dir='ltr'>ista</span> 
     </span>
     <span class='ocr_line' id='line_1_7' title="bbox 214 602 1692 657; baseline -0.005 -11"><span class='ocrx_word' id='word_1_50' title='bbox 214 623 291 648; x_wconf 91' lang='lat' dir='ltr'>non</span> <span class='ocrx_word' id='word_1_51' title='bbox 313 608 450 647; x_wconf 90' lang='lat' dir='ltr'>eodem</span> <span class='ocrx_word' id='word_1_52' title='bbox 474 606 590 645; x_wconf 91' lang='lat' dir='ltr'>modo</span> <span class='ocrx_word' id='word_1_53' title='bbox 613 620 690 657; x_wconf 83' lang='lat' dir='ltr'>quo</span> <span class='ocrx_word' id='word_1_54' title='bbox 711 613 778 643; x_wconf 91' lang='lat' dir='ltr'>aut</span> <span class='ocrx_word' id='word_1_55' title='bbox 794 605 905 643; x_wconf 88' lang='lat' dir='ltr'>amici</span> <span class='ocrx_word' id='word_1_56' title='bbox 924 604 979 641; x_wconf 87' lang='lat' dir='ltr'>tui</span> <span class='ocrx_word' id='word_1_57' title='bbox 1001 613 1069 641; x_wconf 86' lang='lat' dir='ltr'>aut</span> <span class='ocrx_word' id='word_1_58' title='bbox 1090 603 1211 640; x_wconf 80' lang='lat' dir='ltr'>nostri</span> <span class='ocrx_word' id='word_1_59' title='bbox 1234 611 1406 640; x_wconf 83' lang='lat' dir='ltr'>oratores</span> <span class='ocrx_word' id='word_1_60' title='bbox 1423 602 1549 638; x_wconf 82' lang='lat' dir='ltr'>solent</span> <span class='ocrx_word' id='word_1_61' title='bbox 1566 602 1692 639; x_wconf 81' lang='lat' dir='ltr'>dicere</span> 
     </span>
     <span class='ocr_line' id='line_1_8' title="bbox 213 665 1694 722; baseline -0.005 -13"><span class='ocrx_word' id='word_1_62' title='bbox 213 684 298 710; x_wconf 90' lang='lat' dir='ltr'>sum</span> <span class='ocrx_word' id='word_1_63' title='bbox 321 683 545 722; x_wconf 77' lang='lat' dir='ltr'>aggressus,</span> <span class='ocrx_word' id='word_1_64' title='bbox 560 670 630 707; x_wconf 87' lang='lat' dir='ltr'>sed</span> <span class='ocrx_word' id='word_1_65' title='bbox 651 669 706 707; x_wconf 90' lang='lat' dir='ltr'>sic</span> <span class='ocrx_word' id='word_1_66' title='bbox 727 675 770 706; x_wconf 90' lang='lat' dir='ltr'>ut</span> <span class='ocrx_word' id='word_1_67' title='bbox 785 680 900 719; x_wconf 90' lang='lat' dir='ltr'>quam</span> <span class='ocrx_word' id='word_1_68' title='bbox 918 666 1138 718; x_wconf 78' lang='lat' dir='ltr'>longissime</span> <span class='ocrx_word' id='word_1_69' title='bbox 1156 667 1203 703; x_wconf 88' lang='lat' dir='ltr'>ab</span> <span class='ocrx_word' id='word_1_70' title='bbox 1225 666 1372 703; x_wconf 89' lang='lat' dir='ltr'>illorum</span> <span class='ocrx_word' id='word_1_71' title='bbox 1390 665 1570 716; x_wconf 84' lang='lat' dir='ltr'>opinione</span> <span class='ocrx_word' id='word_1_72' title='bbox 1591 678 1694 703; x_wconf 90' lang='lat' dir='ltr'>rece-</span> 
     </span>
     <span class='ocr_line' id='line_1_9' title="bbox 214 728 1694 782; baseline -0.003 -11"><span class='ocrx_word' id='word_1_73' title='bbox 214 734 358 772; x_wconf 90' lang='lat' dir='ltr'>derem.</span> <span class='ocrx_word' id='word_1_74' title='bbox 419 733 518 770; x_wconf 87' lang='lat' dir='ltr'>Nam</span> <span class='ocrx_word' id='word_1_75' title='bbox 540 732 593 769; x_wconf 92' lang='lat' dir='ltr'>illi</span> <span class='ocrx_word' id='word_1_76' title='bbox 622 731 793 782; x_wconf 89' lang='lat' dir='ltr'>quidem,</span> <span class='ocrx_word' id='word_1_77' title='bbox 816 731 907 768; x_wconf 91' lang='lat' dir='ltr'>dum</span> <span class='ocrx_word' id='word_1_78' title='bbox 930 731 1066 768; x_wconf 89' lang='lat' dir='ltr'>vestris</span> <span class='ocrx_word' id='word_1_79' title='bbox 1087 728 1365 780; x_wconf 80' lang='lat' dir='ltr'>cupiditatibus</span> <span class='ocrx_word' id='word_1_80' title='bbox 1388 729 1694 773; x_wconf 83' lang='lat' dir='ltr'>subserviebant,</span> 
     </span>
     <span class='ocr_line' id='line_1_10' title="bbox 216 792 1696 843; baseline -0.004 -9"><span class='ocrx_word' id='word_1_81' title='bbox 216 796 390 834; x_wconf 88' lang='lat' dir='ltr'>oratione</span> <span class='ocrx_word' id='word_1_82' title='bbox 412 808 483 833; x_wconf 90' lang='lat' dir='ltr'>sua</span> <span class='ocrx_word' id='word_1_83' title='bbox 498 808 567 832; x_wconf 92' lang='lat' dir='ltr'>vos</span> <span class='ocrx_word' id='word_1_84' title='bbox 585 794 634 832; x_wconf 85' lang='lat' dir='ltr'>ad</span> <span class='ocrx_word' id='word_1_85' title='bbox 650 794 794 832; x_wconf 90' lang='lat' dir='ltr'>bellum</span> <span class='ocrx_word' id='word_1_86' title='bbox 812 793 1055 831; x_wconf 75' lang='lat' dir='ltr'>incitabant:</span> <span class='ocrx_word' id='word_1_87' title='bbox 1087 806 1160 843; x_wconf 86' lang='lat' dir='ltr'>ego</span> <span class='ocrx_word' id='word_1_88' title='bbox 1175 806 1280 836; x_wconf 90' lang='lat' dir='ltr'>vero,</span> <span class='ocrx_word' id='word_1_89' title='bbox 1298 792 1345 830; x_wconf 86' lang='lat' dir='ltr'>dc</span> <span class='ocrx_word' id='word_1_90' title='bbox 1366 792 1460 842; x_wconf 84' lang='lat' dir='ltr'>ipsis</span> <span class='ocrx_word' id='word_1_91' title='bbox 1477 799 1696 829; x_wconf 76' lang='lat' dir='ltr'>controver-</span> 
     </span>
     <span class='ocr_line' id='line_1_11' title="bbox 214 854 1693 909; baseline -0.003 -13"><span class='ocrx_word' id='word_1_92' title='bbox 214 859 280 896; x_wconf 90' lang='lat' dir='ltr'>siis</span> <span class='ocrx_word' id='word_1_93' title='bbox 303 857 397 895; x_wconf 91' lang='lat' dir='ltr'>nihil</span> <span class='ocrx_word' id='word_1_94' title='bbox 424 858 695 909; x_wconf 82' lang='lat' dir='ltr'>pronuntians,</span> <span class='ocrx_word' id='word_1_95' title='bbox 718 856 757 894; x_wconf 90' lang='lat' dir='ltr'>id</span> <span class='ocrx_word' id='word_1_96' title='bbox 778 855 964 894; x_wconf 84' lang='lat' dir='ltr'>orationis</span> <span class='ocrx_word' id='word_1_97' title='bbox 995 868 1118 906; x_wconf 86' lang='lat' dir='ltr'>genus</span> <span class='ocrx_word' id='word_1_98' title='bbox 1140 855 1330 905; x_wconf 84' lang='lat' dir='ltr'>eligebam</span> <span class='ocrx_word' id='word_1_99' title='bbox 1353 854 1459 904; x_wconf 85' lang='lat' dir='ltr'>quod</span> <span class='ocrx_word' id='word_1_100' title='bbox 1487 855 1535 892; x_wconf 86' lang='lat' dir='ltr'>ad</span> <span class='ocrx_word' id='word_1_101' title='bbox 1557 867 1693 905; x_wconf 86' lang='lat' dir='ltr'>pacem</span> 
     </span>
     <span class='ocr_line' id='line_1_12' title="bbox 216 917 1693 970; baseline -0.003 -13"><span class='ocrx_word' id='word_1_102' title='bbox 216 919 504 958; x_wconf 84' lang='lat' dir='ltr'>conciliandam</span> <span class='ocrx_word' id='word_1_103' title='bbox 533 918 775 970; x_wconf 89' lang='lat' dir='ltr'>aptissimum</span> <span class='ocrx_word' id='word_1_104' title='bbox 805 917 885 956; x_wconf 82' lang='lat' dir='ltr'>fore</span> <span class='ocrx_word' id='word_1_105' title='bbox 906 917 998 954; x_wconf 85' lang='lat' dir='ltr'>mihi</span> <span class='ocrx_word' id='word_1_106' title='bbox 1020 917 1237 961; x_wconf 85' lang='lat' dir='ltr'>videbatur,</span> <span class='ocrx_word' id='word_1_107' title='bbox 1261 923 1508 967; x_wconf 84' lang='lat' dir='ltr'>utrorumque</span> <span class='ocrx_word' id='word_1_108' title='bbox 1529 929 1693 953; x_wconf 83' lang='lat' dir='ltr'>errorem</span> 
     </span>
     <span class='ocr_line' id='line_1_13' title="bbox 217 978 1696 1032; baseline -0.003 -13"><span class='ocrx_word' id='word_1_109' title='bbox 217 980 523 1032; x_wconf 82' lang='lat' dir='ltr'>reprehendens,</span> <span class='ocrx_word' id='word_1_110' title='bbox 558 979 666 1031; x_wconf 93' lang='lat' dir='ltr'>quod</span> <span class='ocrx_word' id='word_1_111' title='bbox 702 987 741 1017; x_wconf 93' lang='lat' dir='ltr'>et</span> <span class='ocrx_word' id='word_1_112' title='bbox 767 986 809 1017; x_wconf 89' lang='lat' dir='ltr'>tu</span> <span class='ocrx_word' id='word_1_113' title='bbox 840 978 985 1016; x_wconf 89' lang='lat' dir='ltr'>bellum</span> <span class='ocrx_word' id='word_1_114' title='bbox 1016 991 1082 1029; x_wconf 90' lang='lat' dir='ltr'>pro</span> <span class='ocrx_word' id='word_1_115' title='bbox 1113 978 1254 1015; x_wconf 88' lang='lat' dir='ltr'>nostris</span> <span class='ocrx_word' id='word_1_116' title='bbox 1281 978 1496 1015; x_wconf 83' lang='lat' dir='ltr'>commodis</span> <span class='ocrx_word' id='word_1_117' title='bbox 1530 991 1696 1028; x_wconf 79' lang='lat' dir='ltr'>gereres,</span> 
     </span>
     <span class='ocr_line' id='line_1_14' title="bbox 218 1040 1697 1094; baseline -0.004 -11"><span class='ocrx_word' id='word_1_118' title='bbox 218 1052 257 1083; x_wconf 84' lang='lat' dir='ltr'>et</span> <span class='ocrx_word' id='word_1_119' title='bbox 277 1057 349 1082; x_wconf 90' lang='lat' dir='ltr'>nos</span> <span class='ocrx_word' id='word_1_120' title='bbox 378 1044 590 1094; x_wconf 84' lang='lat' dir='ltr'>potentiam</span> <span class='ocrx_word' id='word_1_121' title='bbox 612 1051 714 1081; x_wconf 87' lang='lat' dir='ltr'>tuam</span> <span class='ocrx_word' id='word_1_122' title='bbox 737 1042 1020 1080; x_wconf 80' lang='lat' dir='ltr'>stabiliremus:</span> <span class='ocrx_word' id='word_1_123' title='bbox 1052 1054 1138 1078; x_wconf 90' lang='lat' dir='ltr'>nam</span> <span class='ocrx_word' id='word_1_124' title='bbox 1170 1054 1305 1090; x_wconf 86' lang='lat' dir='ltr'>agrum</span> <span class='ocrx_word' id='word_1_125' title='bbox 1334 1040 1448 1078; x_wconf 89' lang='lat' dir='ltr'>istum</span> <span class='ocrx_word' id='word_1_126' title='bbox 1472 1054 1542 1078; x_wconf 93' lang='lat' dir='ltr'>nos</span> <span class='ocrx_word' id='word_1_127' title='bbox 1564 1048 1697 1078; x_wconf 90' lang='lat' dir='ltr'>tenere</span> 
     </span>
     <span class='ocr_line' id='line_1_15' title="bbox 220 1102 1698 1156; baseline -0.002 -13"><span class='ocrx_word' id='word_1_128' title='bbox 220 1106 290 1143; x_wconf 89' lang='lat' dir='ltr'>tibi</span> <span class='ocrx_word' id='word_1_129' title='bbox 310 1105 467 1156; x_wconf 88' lang='lat' dir='ltr'>quidem</span> <span class='ocrx_word' id='word_1_130' title='bbox 488 1118 574 1143; x_wconf 90' lang='lat' dir='ltr'>esse</span> <span class='ocrx_word' id='word_1_131' title='bbox 592 1105 739 1150; x_wconf 89' lang='lat' dir='ltr'>utilem,</span> <span class='ocrx_word' id='word_1_132' title='bbox 763 1112 906 1142; x_wconf 84' lang='lat' dir='ltr'>nostrae</span> <span class='ocrx_word' id='word_1_133' title='bbox 921 1110 1050 1141; x_wconf 89' lang='lat' dir='ltr'>autem</span> <span class='ocrx_word' id='word_1_134' title='bbox 1071 1102 1153 1140; x_wconf 90' lang='lat' dir='ltr'>urbi</span> <span class='ocrx_word' id='word_1_135' title='bbox 1173 1102 1346 1152; x_wconf 87' lang='lat' dir='ltr'>ejusdem</span> <span class='ocrx_word' id='word_1_136' title='bbox 1366 1102 1698 1153; x_wconf 82' lang='lat' dir='ltr'>recuperationem</span> 
     </span>
     <span class='ocr_line' id='line_1_16' title="bbox 219 1163 1698 1218; baseline -0.004 -12"><span class='ocrx_word' id='word_1_137' title='bbox 219 1168 327 1205; x_wconf 91' lang='lat' dir='ltr'>nullo</span> <span class='ocrx_word' id='word_1_138' title='bbox 355 1167 473 1206; x_wconf 91' lang='lat' dir='ltr'>modo</span> <span class='ocrx_word' id='word_1_139' title='bbox 501 1167 697 1218; x_wconf 88' lang='lat' dir='ltr'>expedire.</span> <span class='ocrx_word' id='word_1_140' title='bbox 755 1165 808 1203; x_wconf 82' lang='lat' dir='ltr'>Et</span> <span class='ocrx_word' id='word_1_141' title='bbox 835 1165 919 1204; x_wconf 82' lang='lat' dir='ltr'>haec</span> <span class='ocrx_word' id='word_1_142' title='bbox 950 1165 1004 1203; x_wconf 87' lang='lat' dir='ltr'>ita</span> <span class='ocrx_word' id='word_1_143' title='bbox 1031 1164 1224 1216; x_wconf 86' lang='lat' dir='ltr'>explicare</span> <span class='ocrx_word' id='word_1_144' title='bbox 1252 1163 1412 1202; x_wconf 88' lang='lat' dir='ltr'>videbar</span> <span class='ocrx_word' id='word_1_145' title='bbox 1438 1164 1698 1208; x_wconf 87' lang='lat' dir='ltr'>audientibus,</span> 
     </span>
     <span class='ocr_line' id='line_1_17' title="bbox 220 1227 1701 1277; baseline -0.003 -9"><span class='ocrx_word' id='word_1_146' title='bbox 220 1238 265 1268; x_wconf 87' lang='lat' dir='ltr'>ut</span> <span class='ocrx_word' id='word_1_147' title='bbox 290 1243 405 1268; x_wconf 89' lang='lat' dir='ltr'>nemo</span> <span class='ocrx_word' id='word_1_148' title='bbox 439 1242 572 1267; x_wconf 85' lang='lat' dir='ltr'>eorum</span> <span class='ocrx_word' id='word_1_149' title='bbox 601 1229 816 1267; x_wconf 89' lang='lat' dir='ltr'>orationem</span> <span class='ocrx_word' id='word_1_150' title='bbox 847 1236 915 1266; x_wconf 90' lang='lat' dir='ltr'>aut</span> <span class='ocrx_word' id='word_1_151' title='bbox 944 1227 1150 1266; x_wconf 87' lang='lat' dir='ltr'>dictionem</span> <span class='ocrx_word' id='word_1_152' title='bbox 1182 1235 1367 1277; x_wconf 85' lang='lat' dir='ltr'>tanquam</span> <span class='ocrx_word' id='word_1_153' title='bbox 1396 1227 1632 1264; x_wconf 84' lang='lat' dir='ltr'>elaboratam</span> <span class='ocrx_word' id='word_1_154' title='bbox 1661 1233 1701 1264; x_wconf 87' lang='lat' dir='ltr'>et</span> 
     </span>
     <span class='ocr_line' id='line_1_18' title="bbox 220 1289 1699 1344; baseline -0.003 -15"><span class='ocrx_word' id='word_1_155' title='bbox 220 1305 356 1344; x_wconf 89' lang='lat' dir='ltr'>puram</span> <span class='ocrx_word' id='word_1_156' title='bbox 385 1294 446 1340; x_wconf 92' lang='lat' dir='ltr'>(ut</span> <span class='ocrx_word' id='word_1_157' title='bbox 469 1291 597 1329; x_wconf 87' lang='lat' dir='ltr'>solent</span> <span class='ocrx_word' id='word_1_158' title='bbox 626 1291 801 1341; x_wconf 86' lang='lat' dir='ltr'>quidam)</span> <span class='ocrx_word' id='word_1_159' title='bbox 828 1290 1046 1336; x_wconf 82' lang='lat' dir='ltr'>laudarent,</span> <span class='ocrx_word' id='word_1_160' title='bbox 1081 1289 1150 1327; x_wconf 89' lang='lat' dir='ltr'>sed</span> <span class='ocrx_word' id='word_1_161' title='bbox 1185 1301 1308 1326; x_wconf 87' lang='lat' dir='ltr'>rerum</span> <span class='ocrx_word' id='word_1_162' title='bbox 1336 1289 1535 1326; x_wconf 77' lang='lat' dir='ltr'>veritatem</span> <span class='ocrx_word' id='word_1_163' title='bbox 1566 1302 1699 1326; x_wconf 89' lang='lat' dir='ltr'>omnes</span> 
     </span>
     <span class='ocr_line' id='line_1_19' title="bbox 221 1349 1699 1398; baseline -0.002 -8"><span class='ocrx_word' id='word_1_164' title='bbox 221 1353 518 1398; x_wconf 83' lang='lat' dir='ltr'>admirarentur,</span> <span class='ocrx_word' id='word_1_165' title='bbox 539 1359 578 1389; x_wconf 90' lang='lat' dir='ltr'>et</span> <span class='ocrx_word' id='word_1_166' title='bbox 596 1351 699 1389; x_wconf 87' lang='lat' dir='ltr'>hanc</span> <span class='ocrx_word' id='word_1_167' title='bbox 721 1364 836 1389; x_wconf 91' lang='lat' dir='ltr'>unam</span> <span class='ocrx_word' id='word_1_168' title='bbox 857 1364 941 1388; x_wconf 87' lang='lat' dir='ltr'>esse</span> <span class='ocrx_word' id='word_1_169' title='bbox 963 1350 1175 1388; x_wconf 85' lang='lat' dir='ltr'>orationem</span> <span class='ocrx_word' id='word_1_170' title='bbox 1204 1349 1490 1388; x_wconf 83' lang='lat' dir='ltr'>constituendae</span> <span class='ocrx_word' id='word_1_171' title='bbox 1512 1350 1611 1387; x_wconf 87' lang='lat' dir='ltr'>inter</span> <span class='ocrx_word' id='word_1_172' title='bbox 1631 1363 1699 1387; x_wconf 86' lang='lat' dir='ltr'>vos</span> 
     </span>
     <span class='ocr_line' id='line_1_20' title="bbox 222 1412 1705 1465; baseline -0.003 -12"><span class='ocrx_word' id='word_1_173' title='bbox 222 1415 443 1453; x_wconf 85' lang='lat' dir='ltr'>concordiae</span> <span class='ocrx_word' id='word_1_174' title='bbox 471 1420 666 1465; x_wconf 91' lang='lat' dir='ltr'>putarent,</span> <span class='ocrx_word' id='word_1_175' title='bbox 690 1413 719 1451; x_wconf 91' lang='lat' dir='ltr'>si</span> <span class='ocrx_word' id='word_1_176' title='bbox 741 1421 779 1451; x_wconf 91' lang='lat' dir='ltr'>et</span> <span class='ocrx_word' id='word_1_177' title='bbox 800 1413 867 1450; x_wconf 90' lang='lat' dir='ltr'>tibi</span> <span class='ocrx_word' id='word_1_178' title='bbox 899 1412 1196 1464; x_wconf 84' lang='lat' dir='ltr'>persuaderetur</span> <span class='ocrx_word' id='word_1_179' title='bbox 1225 1412 1344 1462; x_wconf 88' lang='lat' dir='ltr'>pluris</span> <span class='ocrx_word' id='word_1_180' title='bbox 1378 1426 1464 1450; x_wconf 87' lang='lat' dir='ltr'>esse</span> <span class='ocrx_word' id='word_1_181' title='bbox 1493 1412 1705 1450; x_wconf 86' lang='lat' dir='ltr'>Athenien-</span> 
     </span>
     <span class='ocr_line' id='line_1_21' title="bbox 223 1473 1704 1525; baseline -0.001 -12"><span class='ocrx_word' id='word_1_182' title='bbox 223 1477 323 1514; x_wconf 89' lang='lat' dir='ltr'>sium</span> <span class='ocrx_word' id='word_1_183' title='bbox 356 1475 563 1513; x_wconf 80' lang='lat' dir='ltr'>amicitiam</span> <span class='ocrx_word' id='word_1_184' title='bbox 598 1487 713 1525; x_wconf 90' lang='lat' dir='ltr'>quam</span> <span class='ocrx_word' id='word_1_185' title='bbox 749 1473 925 1512; x_wconf 89' lang='lat' dir='ltr'>redditus</span> <span class='ocrx_word' id='word_1_186' title='bbox 955 1473 1307 1524; x_wconf 84' lang='lat' dir='ltr'>Amphipolitanos,</span> <span class='ocrx_word' id='word_1_187' title='bbox 1335 1481 1372 1510; x_wconf 90' lang='lat' dir='ltr'>et</span> <span class='ocrx_word' id='word_1_188' title='bbox 1405 1480 1537 1511; x_wconf 85' lang='lat' dir='ltr'>nostra</span> <span class='ocrx_word' id='word_1_189' title='bbox 1569 1473 1704 1511; x_wconf 82' lang='lat' dir='ltr'>civitas</span> 
     </span>
     <span class='ocr_line' id='line_1_22' title="bbox 226 1535 1708 1588; baseline -0.003 -12"><span class='ocrx_word' id='word_1_190' title='bbox 226 1537 462 1588; x_wconf 87' lang='lat' dir='ltr'>intelligeret</span> <span class='ocrx_word' id='word_1_191' title='bbox 482 1550 548 1575; x_wconf 90' lang='lat' dir='ltr'>eas</span> <span class='ocrx_word' id='word_1_192' title='bbox 565 1537 739 1574; x_wconf 87' lang='lat' dir='ltr'>colonias</span> <span class='ocrx_word' id='word_1_193' title='bbox 757 1535 963 1586; x_wconf 87' lang='lat' dir='ltr'>fugiendas</span> <span class='ocrx_word' id='word_1_194' title='bbox 985 1548 1070 1573; x_wconf 88' lang='lat' dir='ltr'>esse</span> <span class='ocrx_word' id='word_1_195' title='bbox 1091 1549 1178 1585; x_wconf 83' lang='lat' dir='ltr'>quae</span> <span class='ocrx_word' id='word_1_196' title='bbox 1200 1535 1358 1572; x_wconf 89' lang='lat' dir='ltr'>colonos</span> <span class='ocrx_word' id='word_1_197' title='bbox 1374 1548 1466 1573; x_wconf 89' lang='lat' dir='ltr'>suos</span> <span class='ocrx_word' id='word_1_198' title='bbox 1487 1544 1626 1586; x_wconf 89' lang='lat' dir='ltr'>quater</span> <span class='ocrx_word' id='word_1_199' title='bbox 1643 1544 1708 1572; x_wconf 88' lang='lat' dir='ltr'>aut</span> 
     </span>
     <span class='ocr_line' id='line_1_23' title="bbox 227 1597 1704 1651; baseline -0.001 -14"><span class='ocrx_word' id='word_1_200' title='bbox 227 1599 432 1651; x_wconf 78' lang='lat' dir='ltr'>quinquIes</span> <span class='ocrx_word' id='word_1_201' title='bbox 470 1598 747 1650; x_wconf 90' lang='lat' dir='ltr'>perdidissent,</span> <span class='ocrx_word' id='word_1_202' title='bbox 783 1597 928 1647; x_wconf 87' lang='lat' dir='ltr'>illaque</span> <span class='ocrx_word' id='word_1_203' title='bbox 962 1597 1090 1648; x_wconf 80' lang='lat' dir='ltr'>potius</span> <span class='ocrx_word' id='word_1_204' title='bbox 1126 1597 1339 1647; x_wconf 79' lang='lat' dir='ltr'>quaerenda</span> <span class='ocrx_word' id='word_1_205' title='bbox 1375 1611 1461 1635; x_wconf 89' lang='lat' dir='ltr'>esse</span> <span class='ocrx_word' id='word_1_206' title='bbox 1493 1599 1579 1636; x_wconf 89' lang='lat' dir='ltr'>loca</span> <span class='ocrx_word' id='word_1_207' title='bbox 1617 1612 1704 1649; x_wconf 76' lang='lat' dir='ltr'>quae</span> 
     </span>
     <span class='ocr_line' id='line_1_24' title="bbox 226 1660 1705 1714; baseline -0.001 -14"><span class='ocrx_word' id='word_1_208' title='bbox 226 1662 362 1714; x_wconf 89' lang='lat' dir='ltr'>procul</span> <span class='ocrx_word' id='word_1_209' title='bbox 389 1664 574 1700; x_wconf 81' lang='lat' dir='ltr'>abessent</span> <span class='ocrx_word' id='word_1_210' title='bbox 604 1663 652 1698; x_wconf 86' lang='lat' dir='ltr'>ab</span> <span class='ocrx_word' id='word_1_211' title='bbox 678 1661 723 1698; x_wconf 89' lang='lat' dir='ltr'>iis</span> <span class='ocrx_word' id='word_1_212' title='bbox 748 1660 814 1710; x_wconf 88' lang='lat' dir='ltr'>qui</span> <span class='ocrx_word' id='word_1_213' title='bbox 844 1660 1032 1710; x_wconf 85' lang='lat' dir='ltr'>imperare</span> <span class='ocrx_word' id='word_1_214' title='bbox 1062 1667 1240 1710; x_wconf 85' lang='lat' dir='ltr'>possent,</span> <span class='ocrx_word' id='word_1_215' title='bbox 1262 1660 1388 1697; x_wconf 92' lang='lat' dir='ltr'>vicina</span> <span class='ocrx_word' id='word_1_216' title='bbox 1414 1667 1544 1698; x_wconf 89' lang='lat' dir='ltr'>autem</span> <span class='ocrx_word' id='word_1_217' title='bbox 1572 1661 1616 1698; x_wconf 89' lang='lat' dir='ltr'>iis</span> <span class='ocrx_word' id='word_1_218' title='bbox 1639 1661 1705 1712; x_wconf 80' lang='lat' dir='ltr'>qui</span> 
     </span>
     <span class='ocr_line' id='line_1_25' title="bbox 228 1722 1708 1774; baseline -0.001 -12"><span class='ocrx_word' id='word_1_219' title='bbox 228 1725 370 1762; x_wconf 87' lang='lat' dir='ltr'>servire</span> <span class='ocrx_word' id='word_1_220' title='bbox 392 1723 702 1768; x_wconf 88' lang='lat' dir='ltr'>consuevissent,</span> <span class='ocrx_word' id='word_1_221' title='bbox 723 1723 942 1773; x_wconf 86' lang='lat' dir='ltr'>cujusmodi</span> <span class='ocrx_word' id='word_1_222' title='bbox 963 1722 1000 1759; x_wconf 90' lang='lat' dir='ltr'>in</span> <span class='ocrx_word' id='word_1_223' title='bbox 1021 1722 1151 1759; x_wconf 90' lang='lat' dir='ltr'>locum</span> <span class='ocrx_word' id='word_1_224' title='bbox 1184 1722 1470 1760; x_wconf 83' lang='lat' dir='ltr'>Lacedaemonii</span> <span class='ocrx_word' id='word_1_225' title='bbox 1497 1723 1708 1774; x_wconf 76' lang='lat' dir='ltr'>Cyrenaeos</span> 
     </span>
     <span class='ocr_line' id='line_1_26' title="bbox 230 1783 1706 1830; baseline -0.001 -6"><span class='ocrx_word' id='word_1_226' title='bbox 230 1786 391 1824; x_wconf 91' lang='lat' dir='ltr'>colonos</span> <span class='ocrx_word' id='word_1_227' title='bbox 413 1785 623 1823; x_wconf 88' lang='lat' dir='ltr'>miserunt:</span> <span class='ocrx_word' id='word_1_228' title='bbox 656 1784 705 1822; x_wconf 86' lang='lat' dir='ltr'>ad</span> <span class='ocrx_word' id='word_1_229' title='bbox 725 1784 826 1828; x_wconf 79' lang='lat' dir='ltr'>haec,</span> <span class='ocrx_word' id='word_1_230' title='bbox 852 1784 882 1821; x_wconf 88' lang='lat' dir='ltr'>si</span> <span class='ocrx_word' id='word_1_231' title='bbox 910 1791 948 1820; x_wconf 92' lang='lat' dir='ltr'>tu</span> <span class='ocrx_word' id='word_1_232' title='bbox 981 1783 1308 1821; x_wconf 86' lang='lat' dir='ltr'>animadverteres</span> <span class='ocrx_word' id='word_1_233' title='bbox 1330 1790 1380 1830; x_wconf 89' lang='lat' dir='ltr'>te,</span> <span class='ocrx_word' id='word_1_234' title='bbox 1402 1784 1433 1821; x_wconf 93' lang='lat' dir='ltr'>si</span> <span class='ocrx_word' id='word_1_235' title='bbox 1455 1785 1564 1822; x_wconf 84' lang='lat' dir='ltr'>nobis</span> <span class='ocrx_word' id='word_1_236' title='bbox 1588 1786 1706 1822; x_wconf 89' lang='lat' dir='ltr'>verbo</span> 
     </span>
     <span class='ocr_line' id='line_1_27' title="bbox 230 1845 1707 1898; baseline 0 -13"><span class='ocrx_word' id='word_1_237' title='bbox 230 1849 343 1886; x_wconf 90' lang='lat' dir='ltr'>istam</span> <span class='ocrx_word' id='word_1_238' title='bbox 373 1847 572 1898; x_wconf 80' lang='lat' dir='ltr'>regionem</span> <span class='ocrx_word' id='word_1_239' title='bbox 598 1845 838 1891; x_wconf 81' lang='lat' dir='ltr'>tradidisses,</span> <span class='ocrx_word' id='word_1_240' title='bbox 869 1846 993 1896; x_wconf 86' lang='lat' dir='ltr'>ipsum</span> <span class='ocrx_word' id='word_1_241' title='bbox 1023 1859 1157 1883; x_wconf 85' lang='lat' dir='ltr'>revera</span> <span class='ocrx_word' id='word_1_242' title='bbox 1186 1858 1272 1883; x_wconf 90' lang='lat' dir='ltr'>esse</span> <span class='ocrx_word' id='word_1_243' title='bbox 1304 1853 1556 1893; x_wconf 87' lang='lat' dir='ltr'>retenturum,</span> <span class='ocrx_word' id='word_1_244' title='bbox 1590 1855 1707 1898; x_wconf 87' lang='lat' dir='ltr'>atque</span> 
     </span>
     <span class='ocr_line' id='line_1_28' title="bbox 228 1907 1706 1948; baseline -0.001 0"><span class='ocrx_word' id='word_1_245' title='bbox 228 1910 345 1948; x_wconf 90' lang='lat' dir='ltr'>etiam</span> <span class='ocrx_word' id='word_1_246' title='bbox 364 1909 679 1947; x_wconf 87' lang='lat' dir='ltr'>benevolentiam</span> <span class='ocrx_word' id='word_1_247' title='bbox 707 1917 879 1945; x_wconf 83' lang='lat' dir='ltr'>nostram</span> <span class='ocrx_word' id='word_1_248' title='bbox 900 1907 968 1946; x_wconf 88' lang='lat' dir='ltr'>tibi</span> <span class='ocrx_word' id='word_1_249' title='bbox 988 1907 1347 1946; x_wconf 89' lang='lat' dir='ltr'>conciliaturum—</span> <span class='ocrx_word' id='word_1_250' title='bbox 1363 1915 1419 1946; x_wconf 84' lang='lat' dir='ltr'>tot</span> <span class='ocrx_word' id='word_1_251' title='bbox 1438 1909 1537 1946; x_wconf 87' lang='lat' dir='ltr'>enim</span> <span class='ocrx_word' id='word_1_252' title='bbox 1561 1917 1706 1947; x_wconf 82' lang='lat' dir='ltr'>nostrae</span> 
     </span>
     <span class='ocr_line' id='line_1_29' title="bbox 228 1969 1708 2020; baseline 0 -10"><span class='ocrx_word' id='word_1_253' title='bbox 228 1972 410 2010; x_wconf 82' lang='lat' dir='ltr'>amicitiae</span> <span class='ocrx_word' id='word_1_254' title='bbox 430 1971 588 2009; x_wconf 88' lang='lat' dir='ltr'>obsides</span> <span class='ocrx_word' id='word_1_255' title='bbox 609 1976 877 2020; x_wconf 89' lang='lat' dir='ltr'>accepturum,</span> <span class='ocrx_word' id='word_1_256' title='bbox 898 1977 996 2020; x_wconf 91' lang='lat' dir='ltr'>quot</span> <span class='ocrx_word' id='word_1_257' title='bbox 1014 1969 1051 2006; x_wconf 90' lang='lat' dir='ltr'>in</span> <span class='ocrx_word' id='word_1_258' title='bbox 1075 1983 1238 2020; x_wconf 86' lang='lat' dir='ltr'>regnum</span> <span class='ocrx_word' id='word_1_259' title='bbox 1260 1978 1368 2007; x_wconf 89' lang='lat' dir='ltr'>tuum</span> <span class='ocrx_word' id='word_1_260' title='bbox 1395 1971 1556 2009; x_wconf 90' lang='lat' dir='ltr'>colonos</span> <span class='ocrx_word' id='word_1_261' title='bbox 1582 1973 1708 2010; x_wconf 77' lang='lat' dir='ltr'>mitte-</span> 
     </span>
     <span class='ocr_line' id='line_1_30' title="bbox 229 2029 1708 2083; baseline -0.001 -11"><span class='ocrx_word' id='word_1_262' title='bbox 229 2046 358 2072; x_wconf 90' lang='lat' dir='ltr'>remus</span> <span class='ocrx_word' id='word_1_263' title='bbox 374 2056 441 2079; x_wconf 89' lang='lat'>--,</span> <span class='ocrx_word' id='word_1_264' title='bbox 470 2039 648 2070; x_wconf 88' lang='lat' dir='ltr'>nostrum</span> <span class='ocrx_word' id='word_1_265' title='bbox 679 2029 809 2069; x_wconf 81' lang='lat' dir='ltr'>autem</span> <span class='ocrx_word' id='word_1_266' title='bbox 843 2031 1032 2083; x_wconf 89' lang='lat' dir='ltr'>populum</span> <span class='ocrx_word' id='word_1_267' title='bbox 1061 2031 1092 2069; x_wconf 90' lang='lat' dir='ltr'>si</span> <span class='ocrx_word' id='word_1_268' title='bbox 1123 2032 1208 2082; x_wconf 80' lang='lat' dir='ltr'>quis</span> <span class='ocrx_word' id='word_1_269' title='bbox 1228 2031 1386 2070; x_wconf 90' lang='lat' dir='ltr'>doceret</span> <span class='ocrx_word' id='word_1_270' title='bbox 1414 2034 1537 2078; x_wconf 80' lang='lat' dir='ltr'>nobis,</span> <span class='ocrx_word' id='word_1_271' title='bbox 1565 2034 1595 2070; x_wconf 88' lang='lat' dir='ltr'>si</span> <span class='ocrx_word' id='word_1_272' title='bbox 1615 2036 1708 2071; x_wconf 84' lang='lat' dir='ltr'>Am-</span> 
     </span>
     <span class='ocr_line' id='line_1_31' title="bbox 229 2094 1710 2147; baseline 0.001 -15"><span class='ocrx_word' id='word_1_273' title='bbox 229 2095 419 2147; x_wconf 88' lang='lat' dir='ltr'>phipolim</span> <span class='ocrx_word' id='word_1_274' title='bbox 439 2102 677 2139; x_wconf 85' lang='lat' dir='ltr'>teneremus,</span> <span class='ocrx_word' id='word_1_275' title='bbox 706 2106 870 2132; x_wconf 89' lang='lat' dir='ltr'>necesse</span> <span class='ocrx_word' id='word_1_276' title='bbox 900 2094 980 2132; x_wconf 88' lang='lat' dir='ltr'>fore</span> <span class='ocrx_word' id='word_1_277' title='bbox 1009 2107 1085 2132; x_wconf 93' lang='lat' dir='ltr'>non</span> <span class='ocrx_word' id='word_1_278' title='bbox 1109 2094 1235 2132; x_wconf 89' lang='lat' dir='ltr'>minus</span> <span class='ocrx_word' id='word_1_279' title='bbox 1257 2094 1333 2132; x_wconf 88' lang='lat' dir='ltr'>tuis</span> <span class='ocrx_word' id='word_1_280' title='bbox 1364 2095 1584 2133; x_wconf 89' lang='lat' dir='ltr'>consultum</span> <span class='ocrx_word' id='word_1_281' title='bbox 1612 2097 1710 2135; x_wconf 90' lang='lat' dir='ltr'>velle</span> 
     </span>
     <span class='ocr_line' id='line_1_32' title="bbox 232 2154 1709 2208; baseline 0 -13"><span class='ocrx_word' id='word_1_282' title='bbox 232 2157 346 2195; x_wconf 88' lang='lat' dir='ltr'>rebus</span> <span class='ocrx_word' id='word_1_283' title='bbox 381 2156 430 2194; x_wconf 92' lang='lat' dir='ltr'>ob</span> <span class='ocrx_word' id='word_1_284' title='bbox 470 2156 574 2193; x_wconf 86' lang='lat' dir='ltr'>cives</span> <span class='ocrx_word' id='word_1_285' title='bbox 608 2161 763 2192; x_wconf 86' lang='lat' dir='ltr'>nostros</span> <span class='ocrx_word' id='word_1_286' title='bbox 798 2155 864 2205; x_wconf 91' lang='lat' dir='ltr'>qui</span> <span class='ocrx_word' id='word_1_287' title='bbox 899 2154 937 2191; x_wconf 90' lang='lat' dir='ltr'>in</span> <span class='ocrx_word' id='word_1_288' title='bbox 971 2161 1039 2192; x_wconf 90' lang='lat' dir='ltr'>tuo</span> <span class='ocrx_word' id='word_1_289' title='bbox 1076 2155 1236 2205; x_wconf 88' lang='lat' dir='ltr'>imperio</span> <span class='ocrx_word' id='word_1_290' title='bbox 1269 2156 1554 2207; x_wconf 77' lang='lat' dir='ltr'>consedissent,</span> <span class='ocrx_word' id='word_1_291' title='bbox 1592 2171 1709 2208; x_wconf 88' lang='lat' dir='ltr'>quam</span> 
     </span>
     <span class='ocr_line' id='line_1_33' title="bbox 231 2216 1731 2268; baseline 0.001 -12"><span class='ocrx_word' id='word_1_292' title='bbox 231 2218 371 2257; x_wconf 88' lang='lat' dir='ltr'>veteris</span> <span class='ocrx_word' id='word_1_293' title='bbox 388 2218 489 2255; x_wconf 88' lang='lat' dir='ltr'>illius</span> <span class='ocrx_word' id='word_1_294' title='bbox 505 2216 664 2254; x_wconf 90' lang='lat' dir='ltr'>Medoci</span> <span class='ocrx_word' id='word_1_295' title='bbox 680 2224 837 2267; x_wconf 86' lang='lat' dir='ltr'>propter</span> <span class='ocrx_word' id='word_1_296' title='bbox 856 2229 920 2254; x_wconf 86' lang='lat' dir='ltr'>eos</span> <span class='ocrx_word' id='word_1_297' title='bbox 939 2217 1004 2267; x_wconf 90' lang='lat' dir='ltr'>qui</span> <span class='ocrx_word' id='word_1_298' title='bbox 1020 2216 1058 2253; x_wconf 90' lang='lat' dir='ltr'>in</span> <span class='ocrx_word' id='word_1_299' title='bbox 1080 2216 1327 2254; x_wconf 89' lang='lat' dir='ltr'>Chersoneso</span> <span class='ocrx_word' id='word_1_300' title='bbox 1342 2218 1488 2268; x_wconf 83' lang='lat' dir='ltr'>praedia</span> <span class='ocrx_word' id='word_1_301' title='bbox 1501 2218 1711 2259; x_wconf 85' lang='lat' dir='ltr'>habebant.</span> <span class='ocrx_word' id='word_1_302' title='bbox 1728 2232 1731 2236; x_wconf 83' lang='grc'><em>·</em></span> 
     </span>
    </p>

    <p class='ocr_par' dir='ltr' id='par_1_4' title="bbox 233 2277 1714 2766">
     <span class='ocr_line' id='line_1_34' title="bbox 289 2277 1712 2333; baseline 0.002 -15"><span class='ocrx_word' id='word_1_303' title='bbox 289 2282 326 2318; x_wconf 82' lang='lat'>3.</span> <span class='ocrx_word' id='word_1_304' title='bbox 359 2280 489 2324; x_wconf 86' lang='lat' dir='ltr'>Quum</span> <span class='ocrx_word' id='word_1_305' title='bbox 510 2278 624 2329; x_wconf 83' lang='lat' dir='ltr'>igitur</span> <span class='ocrx_word' id='word_1_306' title='bbox 643 2277 767 2316; x_wconf 84' lang='lat' dir='ltr'>multa</span> <span class='ocrx_word' id='word_1_307' title='bbox 788 2278 979 2329; x_wconf 90' lang='lat' dir='ltr'>ejusmodi</span> <span class='ocrx_word' id='word_1_308' title='bbox 1006 2278 1240 2324; x_wconf 87' lang='lat' dir='ltr'>dicerentur,</span> <span class='ocrx_word' id='word_1_309' title='bbox 1261 2292 1460 2330; x_wconf 89' lang='lat' dir='ltr'>speravere</span> <span class='ocrx_word' id='word_1_310' title='bbox 1488 2281 1712 2333; x_wconf 88' lang='lat' dir='ltr'>quicunque</span> 
     </span>
     <span class='ocr_line' id='line_1_35' title="bbox 234 2340 1712 2393; baseline 0.002 -13"><span class='ocrx_word' id='word_1_311' title='bbox 234 2342 453 2388; x_wconf 85' lang='lat' dir='ltr'>audierant,</span> <span class='ocrx_word' id='word_1_312' title='bbox 473 2341 577 2379; x_wconf 89' lang='lat' dir='ltr'>edita</span> <span class='ocrx_word' id='word_1_313' title='bbox 593 2340 667 2378; x_wconf 87' lang='lat' dir='ltr'>hac</span> <span class='ocrx_word' id='word_1_314' title='bbox 687 2340 863 2378; x_wconf 88' lang='lat' dir='ltr'>oratione</span> <span class='ocrx_word' id='word_1_315' title='bbox 884 2340 1027 2378; x_wconf 90' lang='lat' dir='ltr'>bellum</span> <span class='ocrx_word' id='word_1_316' title='bbox 1048 2353 1117 2379; x_wconf 86' lang='lat' dir='ltr'>vos</span> <span class='ocrx_word' id='word_1_317' title='bbox 1136 2341 1418 2392; x_wconf 88' lang='lat' dir='ltr'>composituros</span> <span class='ocrx_word' id='word_1_318' title='bbox 1434 2350 1472 2380; x_wconf 91' lang='lat' dir='ltr'>et</span> <span class='ocrx_word' id='word_1_319' title='bbox 1487 2343 1712 2393; x_wconf 88' lang='lat' dir='ltr'>periculosis</span> 
     </span>
     <span class='ocr_line' id='line_1_36' title="bbox 233 2402 1712 2453; baseline 0.001 -11"><span class='ocrx_word' id='word_1_320' title='bbox 233 2404 402 2443; x_wconf 88' lang='lat' dir='ltr'>consiliis</span> <span class='ocrx_word' id='word_1_321' title='bbox 436 2402 598 2453; x_wconf 86' lang='lat' dir='ltr'>abjectis</span> <span class='ocrx_word' id='word_1_322' title='bbox 635 2402 683 2439; x_wconf 87' lang='lat' dir='ltr'>de</span> <span class='ocrx_word' id='word_1_323' title='bbox 720 2402 917 2440; x_wconf 87' lang='lat' dir='ltr'>communi</span> <span class='ocrx_word' id='word_1_324' title='bbox 951 2402 1081 2453; x_wconf 89' lang='lat' dir='ltr'>aliquo</span> <span class='ocrx_word' id='word_1_325' title='bbox 1115 2410 1241 2441; x_wconf 91' lang='lat' dir='ltr'>vestro</span> <span class='ocrx_word' id='word_1_326' title='bbox 1280 2404 1382 2441; x_wconf 91' lang='lat' dir='ltr'>bono</span> <span class='ocrx_word' id='word_1_327' title='bbox 1417 2404 1712 2444; x_wconf 87' lang='lat' dir='ltr'>deliberaturos.</span> 
     </span>
     <span class='ocr_line' id='line_1_37' title="bbox 237 2464 1713 2517; baseline 0.001 -13"><span class='ocrx_word' id='word_1_328' title='bbox 237 2466 326 2504; x_wconf 87' lang='lat' dir='ltr'>Sive</span> <span class='ocrx_word' id='word_1_329' title='bbox 358 2466 475 2516; x_wconf 85' lang='lat' dir='ltr'>igitur</span> <span class='ocrx_word' id='word_1_330' title='bbox 505 2465 719 2516; x_wconf 85' lang='lat' dir='ltr'>prudenter</span> <span class='ocrx_word' id='word_1_331' title='bbox 748 2464 826 2503; x_wconf 90' lang='lat' dir='ltr'>sive</span> <span class='ocrx_word' id='word_1_332' title='bbox 854 2471 999 2505; x_wconf 87' lang='lat' dir='ltr'>temere</span> <span class='ocrx_word' id='word_1_333' title='bbox 1032 2464 1086 2502; x_wconf 83' lang='lat' dir='ltr'>ita</span> <span class='ocrx_word' id='word_1_334' title='bbox 1108 2464 1334 2516; x_wconf 89' lang='lat' dir='ltr'>judicarint,</span> <span class='ocrx_word' id='word_1_335' title='bbox 1370 2465 1408 2503; x_wconf 88' lang='lat' dir='ltr'>id</span> <span class='ocrx_word' id='word_1_336' title='bbox 1443 2466 1534 2517; x_wconf 87' lang='lat' dir='ltr'>ipsis</span> <span class='ocrx_word' id='word_1_337' title='bbox 1562 2469 1713 2507; x_wconf 87' lang='lat' dir='ltr'>scilicet</span> 
     </span>
     <span class='ocr_line' id='line_1_38' title="bbox 236 2526 1714 2580; baseline 0.001 -14"><span class='ocrx_word' id='word_1_338' title='bbox 236 2528 507 2580; x_wconf 88' lang='lat' dir='ltr'>imputandum</span> <span class='ocrx_word' id='word_1_339' title='bbox 525 2534 612 2566; x_wconf 84' lang='lat' dir='ltr'>est:</span> <span class='ocrx_word' id='word_1_340' title='bbox 643 2539 776 2564; x_wconf 89' lang='lat' dir='ltr'>verum</span> <span class='ocrx_word' id='word_1_341' title='bbox 796 2539 917 2578; x_wconf 91' lang='lat' dir='ltr'>quum</span> <span class='ocrx_word' id='word_1_342' title='bbox 936 2539 1009 2578; x_wconf 82' lang='lat' dir='ltr'>ego</span> <span class='ocrx_word' id='word_1_343' title='bbox 1030 2526 1068 2564; x_wconf 90' lang='lat' dir='ltr'>in</span> <span class='ocrx_word' id='word_1_344' title='bbox 1094 2527 1170 2565; x_wconf 91' lang='lat' dir='ltr'>hoc</span> <span class='ocrx_word' id='word_1_345' title='bbox 1191 2534 1420 2577; x_wconf 82' lang='lat' dir='ltr'>argumento</span> <span class='ocrx_word' id='word_1_346' title='bbox 1439 2542 1625 2575; x_wconf 86' lang='lat' dir='ltr'>versarer,</span> <span class='ocrx_word' id='word_1_347' title='bbox 1646 2544 1714 2568; x_wconf 89' lang='lat' dir='ltr'>vos</span> 
     </span>
     <span class='ocr_line' id='line_1_39' title="bbox 238 2588 1713 2642; baseline 0.001 -14"><span class='ocrx_word' id='word_1_348' title='bbox 238 2590 419 2642; x_wconf 87' lang='lat' dir='ltr'>prudenti</span> <span class='ocrx_word' id='word_1_349' title='bbox 447 2589 605 2627; x_wconf 91' lang='lat' dir='ltr'>omnino</span> <span class='ocrx_word' id='word_1_350' title='bbox 634 2588 795 2626; x_wconf 92' lang='lat' dir='ltr'>consilio</span> <span class='ocrx_word' id='word_1_351' title='bbox 825 2602 961 2640; x_wconf 89' lang='lat' dir='ltr'>pacem</span> <span class='ocrx_word' id='word_1_352' title='bbox 991 2588 1151 2634; x_wconf 87' lang='lat' dir='ltr'>fecistis,</span> <span class='ocrx_word' id='word_1_353' title='bbox 1181 2589 1406 2640; x_wconf 86' lang='lat' dir='ltr'>priusquam</span> <span class='ocrx_word' id='word_1_354' title='bbox 1433 2592 1555 2628; x_wconf 89' lang='lat' dir='ltr'>oratio</span> <span class='ocrx_word' id='word_1_355' title='bbox 1587 2593 1713 2630; x_wconf 67' lang='lat' dir='ltr'>absol-</span> 
     </span>
     <span class='ocr_line' id='line_1_40' title="bbox 236 2651 1713 2704; baseline 0 -11"><span class='ocrx_word' id='word_1_356' title='bbox 236 2661 413 2697; x_wconf 61' lang='lat' dir='ltr'>veretum</span> <span class='ocrx_word' id='word_1_357' title='bbox 445 2667 533 2691; x_wconf 88' lang='lat' dir='ltr'>nam</span> <span class='ocrx_word' id='word_1_358' title='bbox 563 2665 801 2703; x_wconf 92' lang='lat' dir='ltr'>quocunque</span> <span class='ocrx_word' id='word_1_359' title='bbox 824 2651 939 2690; x_wconf 90' lang='lat' dir='ltr'>modo</span> <span class='ocrx_word' id='word_1_360' title='bbox 966 2664 1100 2703; x_wconf 89' lang='lat' dir='ltr'>pacem</span> <span class='ocrx_word' id='word_1_361' title='bbox 1124 2664 1210 2689; x_wconf 88' lang='lat' dir='ltr'>esse</span> <span class='ocrx_word' id='word_1_362' title='bbox 1236 2653 1461 2703; x_wconf 80' lang='lat' dir='ltr'>praestabat,</span> <span class='ocrx_word' id='word_1_363' title='bbox 1482 2667 1599 2704; x_wconf 89' lang='lat' dir='ltr'>quam</span> <span class='ocrx_word' id='word_1_364' title='bbox 1619 2668 1713 2693; x_wconf 91' lang='lat' dir='ltr'>con-</span> 
     </span>
     <span class='ocr_line' id='line_1_41' title="bbox 238 2712 1097 2766; baseline -0.007 -10"><span class='ocrx_word' id='word_1_365' title='bbox 238 2715 505 2760; x_wconf 22' lang='lat' dir='ltr'>flictari‘malis</span> <span class='ocrx_word' id='word_1_366' title='bbox 526 2715 600 2753; x_wconf 84' lang='lat' dir='ltr'>illis</span> <span class='ocrx_word' id='word_1_367' title='bbox 622 2728 712 2766; x_wconf 80' lang='lat' dir='ltr'>quae</span> <span class='ocrx_word' id='word_1_368' title='bbox 732 2714 878 2752; x_wconf 88' lang='lat' dir='ltr'>bellum</span> <span class='ocrx_word' id='word_1_369' title='bbox 901 2712 1097 2751; x_wconf 89' lang='lat' dir='ltr'>afferebat.</span> 
     </span>
    </p>

    <p class='ocr_par' dir='ltr' id='par_1_5' title="bbox 238 2775 1719 3017">
     <span class='ocr_line' id='line_1_42' title="bbox 293 2775 1714 2826; baseline 0 -10"><span class='ocrx_word' id='word_1_370' title='bbox 293 2783 332 2817; x_wconf 86' lang='lat'>4.</span> <span class='ocrx_word' id='word_1_371' title='bbox 363 2778 493 2822; x_wconf 86' lang='lat' dir='ltr'>Quum</span> <span class='ocrx_word' id='word_1_372' title='bbox 527 2784 657 2815; x_wconf 87' lang='lat' dir='ltr'>autem</span> <span class='ocrx_word' id='word_1_373' title='bbox 698 2777 856 2815; x_wconf 88' lang='lat' dir='ltr'>decreto</span> <span class='ocrx_word' id='word_1_374' title='bbox 888 2775 996 2826; x_wconf 88' lang='lat' dir='ltr'>pacis</span> <span class='ocrx_word' id='word_1_375' title='bbox 1030 2775 1256 2821; x_wconf 89' lang='lat' dir='ltr'>delectarer,</span> <span class='ocrx_word' id='word_1_376' title='bbox 1293 2788 1456 2826; x_wconf 81' lang='lat' dir='ltr'>eamque</span> <span class='ocrx_word' id='word_1_377' title='bbox 1491 2789 1567 2814; x_wconf 89' lang='lat' dir='ltr'>non</span> <span class='ocrx_word' id='word_1_378' title='bbox 1601 2779 1714 2816; x_wconf 90' lang='lat' dir='ltr'>nobis</span> 
     </span>
     <span class='ocr_line' id='line_1_43' title="bbox 242 2837 1715 2888; baseline -0.001 -8"><span class='ocrx_word' id='word_1_379' title='bbox 242 2841 369 2880; x_wconf 81' lang='lat' dir='ltr'>solun-1</span> <span class='ocrx_word' id='word_1_380' title='bbox 398 2839 468 2878; x_wconf 85' lang='lat' dir='ltr'>sed</span> <span class='ocrx_word' id='word_1_381' title='bbox 496 2846 534 2877; x_wconf 87' lang='lat' dir='ltr'>et</span> <span class='ocrx_word' id='word_1_382' title='bbox 560 2839 629 2877; x_wconf 89' lang='lat' dir='ltr'>tibi</span> <span class='ocrx_word' id='word_1_383' title='bbox 658 2845 697 2877; x_wconf 86' lang='lat' dir='ltr'>et</span> <span class='ocrx_word' id='word_1_384' title='bbox 730 2838 882 2877; x_wconf 82' lang='lat' dir='ltr'>caeteris</span> <span class='ocrx_word' id='word_1_385' title='bbox 916 2837 1067 2875; x_wconf 81' lang='lat' dir='ltr'>Graecis</span> <span class='ocrx_word' id='word_1_386' title='bbox 1101 2838 1278 2875; x_wconf 82' lang='lat' dir='ltr'>omnibus</span> <span class='ocrx_word' id='word_1_387' title='bbox 1312 2837 1552 2888; x_wconf 88' lang='lat' dir='ltr'>profuturam</span> <span class='ocrx_word' id='word_1_388' title='bbox 1583 2840 1715 2878; x_wconf 84' lang='lat' dir='ltr'>existi-</span> 
     </span>
     <span class='ocr_line' id='line_1_44' title="bbox 242 2900 1716 2952; baseline 0 -11"><span class='ocrx_word' id='word_1_389' title='bbox 242 2915 403 2948; x_wconf 88' lang='lat' dir='ltr'>marem,</span> <span class='ocrx_word' id='word_1_390' title='bbox 424 2901 552 2940; x_wconf 85' lang='lat' dir='ltr'>facere</span> <span class='ocrx_word' id='word_1_391' title='bbox 581 2914 658 2938; x_wconf 91' lang='lat' dir='ltr'>non</span> <span class='ocrx_word' id='word_1_392' title='bbox 685 2901 794 2952; x_wconf 86' lang='lat' dir='ltr'>potui</span> <span class='ocrx_word' id='word_1_393' title='bbox 814 2900 905 2952; x_wconf 92' lang='lat' dir='ltr'>quin</span> <span class='ocrx_word' id='word_1_394' title='bbox 938 2913 984 2938; x_wconf 85' lang='lat' dir='ltr'>ea</span> <span class='ocrx_word' id='word_1_395' title='bbox 1012 2913 1099 2951; x_wconf 84' lang='lat' dir='ltr'>quae</span> <span class='ocrx_word' id='word_1_396' title='bbox 1132 2900 1329 2938; x_wconf 88' lang='lat' dir='ltr'>restabant</span> <span class='ocrx_word' id='word_1_397' title='bbox 1358 2908 1613 2951; x_wconf 88' lang='lat' dir='ltr'>pertexerem,</span> <span class='ocrx_word' id='word_1_398' title='bbox 1637 2911 1716 2941; x_wconf 89' lang='lat' dir='ltr'>sta-</span> 
     </span>
     <span class='ocr_line' id='line_1_45' title="bbox 238 2962 1719 3017; baseline -0.001 -13"><span class='ocrx_word' id='word_1_399' title='bbox 238 2965 390 3017; x_wconf 74' lang='lat' dir='ltr'>timque</span> <span class='ocrx_word' id='word_1_400' title='bbox 420 2962 669 3016; x_wconf 85' lang='lat' dir='ltr'>cogitandum</span> <span class='ocrx_word' id='word_1_401' title='bbox 693 2976 780 3002; x_wconf 83' lang='lat' dir='ltr'>esse</span> <span class='ocrx_word' id='word_1_402' title='bbox 802 2963 895 3001; x_wconf 86' lang='lat' dir='ltr'>duxi</span> <span class='ocrx_word' id='word_1_403' title='bbox 916 2975 993 3012; x_wconf 86' lang='lat' dir='ltr'>qua</span> <span class='ocrx_word' id='word_1_404' title='bbox 1024 2962 1170 3000; x_wconf 85' lang='lat' dir='ltr'>ratione</span> <span class='ocrx_word' id='word_1_405' title='bbox 1193 2975 1239 3000; x_wconf 89' lang='lat' dir='ltr'>ea</span> <span class='ocrx_word' id='word_1_406' title='bbox 1259 2975 1346 3012; x_wconf 83' lang='lat' dir='ltr'>quae</span> <span class='ocrx_word' id='word_1_407' title='bbox 1367 2970 1566 3002; x_wconf 87' lang='lat' dir='ltr'>transacta</span> <span class='ocrx_word' id='word_1_408' title='bbox 1585 2973 1719 3003; x_wconf 87' lang='lat' dir='ltr'>essent</span> 
     </span>
    </p>
   </div>
  </div>
 </body>
</html>
