1870 3277
223 146 299 184 404
890 137 1007 177 lSlEl

225 247 299 288 hoc
325 243 542 283 mentietur.
602 240 859 280 Demochares
887 240 986 278 enini
1010 238 1134 276 adhuc
1164 249 1257 287 puer
1284 235 1462 279 decessit,
1488 241 1527 270 et
1556 245 1674 283 puero

228 312 409 357 negatum
429 310 490 343 est
519 302 566 340 de
587 303 695 342 bonis
717 302 796 339 suis
824 314 890 352 per
914 306 1187 338 testamentum
1208 297 1465 335 constituere:
1494 295 1554 334 lex
1573 294 1675 332 enim

229 374 348 411 vetat,
374 365 523 406 disertis
553 365 674 402 verbis
705 364 763 400 his
791 362 970 400 edicens:
1003 362 1127 398 Puero
1152 372 1197 397 ne
1227 359 1341 396 liceto
1372 370 1460 396 cum
1484 368 1677 406 quoquam

233 428 459 471 contrahere
482 439 603 476 neque
625 425 769 462 mulieri
791 424 888 463 ultra
906 423 1078 474 singulos
1099 421 1311 463 medimnos
1332 418 1522 459 frumeuti.
1562 415 1679 467 Atqui

235 498 354 530 testes
377 488 531 528 exhibiti
553 489 658 526 vobis
679 486 952 524 confirmarunt
971 483 1234 523 Aristarchum
1255 479 1478 532 [seniorem]
1498 485 1585 519 ante
1603 479 1681 518 De·

236 553 453 595 mocharem
485 552 597 588 rebus
617 550 792 586 humanis
821 548 1046 592 excessisse,
1075 554 1112 584 et
1141 547 1244 583 hunc
1273 543 1468 594 aliquanto
1498 548 1587 593 post
1616 552 1682 590 pa·

237 624 359 653 trem:
391 619 621 663 quapropter
640 610 696 647 vel
718 609 928 647 secundum
949 609 1072 659 ipsum
1087 620 1218 646 eorum
1234 612 1519 649 testamentum,
1539 601 1686 653 siquod

239 674 500 726 scripsissent,
514 672 601 710 huic
622 671 842 709 Aristarcho
855 671 921 722 jus
935 671 973 707 in
986 670 1145 708 istorum
1164 670 1266 707 bona
1277 667 1422 706 nullum
1438 671 1687 716 competeret.

242 736 380 776 Recita
410 741 452 771 tu
481 733 571 772 mihi
602 733 723 783 leges,
736 732 892 782 ,utrique
922 745 1050 770 eorum
1079 732 1174 780 [tam
1195 731 1291 781 patri
1320 742 1435 780 quam
1461 727 1555 776 filio]
1584 734 1692 777 pote·

244 805 382 846 statem
403 795 450 834 de
470 794 578 832 bonis
596 794 673 831 suis
694 793 949 832 constituendi
967 793 1218 842 denegantes.

882 868 1065 930 LEGES.

249 975 382 1026 Atqui,
404 973 571 1025 judices,
593 985 670 1010 non
701 978 851 1023 poterat
875 970 1086 1022 Cyronides
1113 969 1151 1006 in
1171 969 1379 1008 Aristarchi
1404 967 1599 1020 [senioris]
1625 967 1693 1006 he,

251 1036 450 1074 reditatem
479 1033 745 1071 Aristarchum
769 1032 962 1081 juniorem
989 1032 1191 1069 immittere
1217 1038 1254 1069 et
1273 1031 1376 1069 hunc
1401 1030 1454 1068 illi
1475 1029 1592 1067 filium
1617 1028 1698 1066 suf-

250 1098 386 1139 ficere;
418 1095 558 1133 licebat
578 1094 630 1132 illi
645 1093 865 1145 [Cyronidi]
887 1092 1053 1144 quidem,
1069 1092 1200 1130 relicto
1220 1093 1257 1130 in
1279 1091 1479 1130 Xenoeneti
1492 1090 1606 1128 domo
1620 1089 1698 1131 filio

253 1158 437 1209 genuino,
452 1157 487 1199 in
508 1157 662 1194 domum
677 1161 876 1206 paternam
892 1154 1029 1199 redire,
1045 1154 1209 1205 aliquem
1224 1161 1350 1192 autem
1365 1167 1413 1191 ex
1431 1153 1547 1192 domo
1559 1152 1700 1189 Xenae-

254 1219 330 1257 neti
352 1219 386 1255 in
415 1231 498 1256 earn
525 1217 627 1254 unde
653 1224 868 1254 excesserat
891 1216 1027 1254 inferre
1053 1229 1140 1267 quae
1166 1215 1226 1254 lex
1249 1215 1489 1266 permittebat
1513 1227 1590 1252 non
1615 1220 1700 1251 est:

256 1288 323 1319 aut
342 1280 372 1318 si
394 1279 512 1325 aiant,
535 1285 663 1329 aperte
688 1279 931 1316 mentientur.
989 1278 1037 1315 Et
1057 1278 1170 1316 etiam
1196 1277 1298 1315 hunc
1323 1278 1370 1314 ab
1391 1277 1455 1314 illo
1475 1276 1591 1314 fuisse
1615 1274 1704 1312 ado-

256 1349 405 1394 ptatum
433 1341 464 1378 si
486 1340 630 1386 dicant,
650 1348 774 1377 tamen
802 1340 945 1377 nullam
973 1347 1154 1391 poterunt
1182 1339 1346 1390 proferre
1374 1339 1513 1388 legem,
1538 1338 1621 1389 ejus
1652 1338 1702 1374 rei

256 1404 407 1443 veniam
437 1403 509 1453 ipsi
533 1402 713 1439 dantem:
744 1402 1065 1439 verumenimvero
1094 1414 1170 1440 non
1197 1401 1304 1439 aiunt
1332 1400 1486 1451 quidem
1516 1400 1637 1443 istaec‚
1667 1406 1707 1436 at

259 1479 310 1504 ex
346 1464 440 1516 ipsis
474 1471 599 1501 tamen
633 1476 761 1500 eorum
790 1463 1076 1501 causationibus
1108 1470 1221 1513 atque
1253 1462 1582 1513 praetensionibus‚
1611 1473 1708 1511 quas

261 1539 394 1566 revera
414 1526 576 1577 jactant,
597 1525 722 1563 adhuc
750 1525 954 1563 dilucidius
980 1526 1086 1563 vobis
1110 1525 1300 1563 constabit
1323 1525 1526 1571 e0s2bona,
1548 1537 1636 1574 quae
1661 1523 1710 1560 de

257 1589 345 1640 jure
380 1587 508 1626 matris
537 1600 632 1624 meae
668 1594 770 1631 sunt,
801 1586 926 1624 invitis
957 1587 1107 1636 legibus
1135 1593 1174 1625 et
1200 1598 1390 1624 summum
1427 1599 1494 1636 per
1522 1584 1709 1636 flagitium

265 1661 448 1699 usurpare
469 1654 581 1698 atque
604 1647 779 1684 retinere.

319 1712 357 1746 5.
388 1708 796 1758 Fingamus‚bjudices‚
818 1708 1038 1746 alterutrum
1070 1716 1229 1746 matrem
1257 1721 1376 1747 meam
1406 1709 1443 1746 in
1474 1708 1713 1747 matrimonio

267 1771 463 1816 habuisse,
479 1769 557 1807 sive
577 1770 857 1808 Aristomenem
878 1771 955 1808 sive
969 1771 1086 1808 filium
1105 1770 1186 1821 ejus
1207 1771 1507 1822 Apollodorum:
1536 1783 1623 1808 uam
1639 1769 1714 1806 illis

268 1823 418 1871 duobus
437 1833 680 1883 competebat
697 1832 745 1870 de
759 1832 844 1883 jure
859 1846 880 1869 a
893 1833 1087 1883 judicibus
1103 1833 1248 1870 veniam
1263 1835 1343 1880 ejus
1359 1832 1513 1873 domum
1530 1831 1715 1869 ducendae

269 1903 414 1946 petere,
445 1901 560 1944 atque
592 1907 745 1944 operam
782 1894 871 1932 dare
903 1902 943 1931 ut
972 1907 1016 1932 ea
1045 1894 1115 1933 sibi
1147 1907 1169 1932 a
1191 1895 1388 1945 judicibus
1418 1894 1715 1946 adjudicaretur.

273 1956 377 1999 Quid
407 1954 516 1993 tum?
573 1955 633 1992 Ne
662 1955 720 1993 his
749 1956 839 2006 ipsis
860 1956 1016 2006 quidem
1042 1956 1214 1994 licuisset
1244 1955 1372 1995 matris
1404 1968 1499 1993 meae
1524 1955 1627 1993 bona
1655 1954 1718 1992 alii

272 2019 416 2056 donare
442 2017 490 2054 de
516 2016 607 2054 iisve
635 2030 702 2067 pro
727 2017 912 2055 arbitratu
940 2031 1009 2055 suo
1034 2018 1290 2060 constituere;
1322 2017 1382 2057 lex
1402 2016 1502 2054 enim
1521 2029 1596 2053 non
1617 2016 1720 2061 sinit,

275 2080 506 2118 interdicens
526 2080 713 2118 bonorum
733 2079 912 2124 mulieris,
929 2079 991 2117 cui
1010 2086 1182 2130 potestas
1207 2078 1434 2119 hereditatis
1455 2078 1516 2124 sit,
1537 2077 1720 2116 arbitrum

278 2152 498 2190 quenquam
519 2138 634 2183 alium
650 2151 748 2184 esse,
767 2147 1019 2190 praeterquam
1039 2140 1135 2177 filios
1155 2140 1236 2191 ejus
1258 2140 1471 2179 secundum
1485 2140 1721 2190 apubertate

279 2213 422 2238 annum
443 2212 618 2248 egressos
636 2212 645 2236 :
675 2199 811 2236 mirum
832 2201 960 2251 itaque
981 2201 1044 2245 sit,
1067 2201 1098 2238 si
1119 2202 1179 2239 cui
1201 2201 1336 2239 marito
1355 2201 1486 2239 matris
1514 2213 1624 2246 meae,
1645 2200 1724 2239 sive

280 2262 311 2299 is
332 2261 590 2298 Aristomenes
613 2259 691 2297 sive
716 2259 975 2310 Apollodorus
995 2262 1143 2307 fuisset,
1162 2275 1238 2300 non
1267 2262 1437 2300 licuisset
1454 2261 1501 2300 de
1519 2261 1628 2300 bonis
1646 2274 1745 2301 mae-

283 2322 350 2360 tris
371 2334 438 2372 pro
457 2319 578 2358 lubitu
600 2319 813 2370 disponere,
826 2322 948 2360 eidem
969 2330 1096 2367 tamen
1114 2323 1262 2368 liceret,
1275 2324 1340 2361 ubi
1359 2336 1444 2364 eam
1463 2323 1525 2361 alii
1544 2324 1581 2360 in
1597 2323 1726 2361 matri-

284 2383 452 2436 monium
472 2383 672 2429 elocasset‚
691 2383 727 2420 in
748 2383 829 2434 ejus
848 2385 948 2422 bona
967 2385 1084 2423 filium
1100 2399 1210 2424 suum
1229 2399 1297 2437 pro
1315 2385 1499 2437 adoptato
1515 2385 1726 2424 immittere.

288 2448 365 2485 Res
384 2454 492 2485 atrox
512 2447 643 2497 utique
663 2459 708 2484 ea
726 2446 824 2485 foret
843 2454 957 2497 atque
976 2448 1156 2499 indigna!
1194 2450 1243 2488 Et
1255 2463 1302 2489 ne
1316 2450 1413 2501 patri
1427 2449 1579 2500 quidem
1598 2448 1728 2487 matris

286 2523 382 2549 meae
401 2509 586 2554 licuisset,
603 2509 633 2547 si
652 2509 759 2560 prole
780 2510 946 2548 mascula
957 2511 1155 2558 caruisset,
1173 2513 1211 2550 in
1227 2513 1399 2551 fraudem
1418 2513 1505 2550 filiae
1523 2518 1731 2550 testamen-

287 2578 370 2610 tum
388 2572 535 2617 facere;
566 2571 626 2608 lex
637 2571 736 2608 enim
756 2571 811 2614 sic
830 2571 957 2617 edicit,
973 2573 1080 2612 sicui
1096 2574 1193 2623 patri
1213 2587 1334 2615 mares
1353 2573 1446 2615 nulli
1461 2573 1550 2618 sint,
1570 2572 1603 2610 ei
1616 2572 1729 2612 licere

287 2634 389 2673 bona
408 2645 478 2671 sua
497 2632 558 2675 cui
577 2632 667 2670 velit
686 2632 828 2682 legare,
847 2633 1055 2678 dummodo
1076 2634 1107 2672 is
1127 2637 1189 2678 cui
1211 2635 1315 2685 leget
1338 2635 1454 2673 filiam
1474 2647 1627 2685 quoque
1647 2634 1730 2686 ejus

288 2695 326 2739 in
346 2695 628 2733 matrimonium
649 2694 791 2734 ducat:
823 2695 886 2740 alii
911 2703 1051 2741 autem,
1071 2697 1136 2746 qui
1163 2710 1288 2747 neque
1313 2703 1421 2748 pater
1440 2697 1503 2742 sit,
1529 2710 1654 2748 neque
1675 2697 1732 2735 di·

291 2768 405 2810 gnam
425 2755 599 2800 habuerit
617 2768 731 2806 quam
751 2756 788 2794 in
807 2757 1088 2800 matrimonium
1107 2758 1279 2803 duceret,
1295 2759 1361 2796 sed
1382 2758 1622 2797 solummodo
1641 2772 1734 2797 con-

291 2816 468 2862 sobrinus
488 2818 551 2862 sit,
569 2817 697 2856 licebit
713 2817 832 2861 filium
852 2831 963 2856 suum
985 2827 1119 2862 contra
1137 2823 1326 2868 omncjus
1345 2827 1384 2860 et
1399 2819 1456 2859 fas
1475 2821 1514 2859 in
1533 2821 1615 2872 ejus
1634 2822 1736 2859 bona

291 2877 522 2923 immittere?
552 2886 590 2923 et
609 2878 692 2916 haec
720 2878 753 2924 ei
774 2886 860 2924 acta
879 2887 962 2924 rata
982 2889 1021 2918 et
1041 2881 1208 2932 legitima
1228 2881 1366 2924 erunt?
1425 2882 1542 2921 Eccui
1569 2888 1735 2926 vestrum
