1870 3277
510 183 730 220 CONTRA
759 179 1200 219 DEMOSTHENEM.
1499 177 1577 213 427

143 282 256 334 recipi
275 288 446 321 vetarent
464 290 530 321 aut
555 283 706 329 dimitti,
736 291 864 321 tamen
894 281 1086 332 adjutores
1106 279 1247 330 populo
1272 279 1427 317 fuerunt
1444 278 1492 316 ad
1511 291 1578 329 pa·

142 344 251 382 triam
271 345 568 395 recuperandam
585 352 623 382 et
643 357 747 395 saepe
767 344 966 381 recitatum
984 341 1087 392 apud
1101 354 1169 378 vos
1185 341 1379 377 decretum
1395 341 1579 384 fecerunt,

143 418 220 443 non
252 418 333 443 esse
367 406 647 443 connivendum
682 406 713 442 si
743 405 827 455 quis
861 411 1028 441 armatus
1067 402 1258 452 regionem
1291 402 1578 439 Atheniensium

144 467 339 503 transiret:
368 467 437 503 iste
457 476 584 504 autem
597 468 674 516 qui,
694 473 737 503 ut
756 478 843 502 mox
862 463 1094 515 gloriabitur,
1115 476 1155 500 se
1175 475 1416 500 communem
1437 463 1581 512 praebet

147 527 260 564 sociis
292 526 384 564 nihil
413 527 534 565 simile
562 527 664 572 fecit,
695 539 819 576 neque
853 525 1056 575 quicquam
1082 524 1160 574 ejus
1186 523 1358 574 pecuniae
1385 536 1497 572 quam
1531 523 1579 560 ad

143 587 290 624 illorum
312 588 471 625 salutem
496 587 768 638 procurandam
797 594 999 637 acceperat
1021 587 1190 623 amittere
1218 585 1348 622 voluit.
1406 586 1577 625 Quorum

143 661 225 692 vos,
240 648 404 696 Judices,
424 648 623 692 recordati,
643 647 851 697 praesertim
872 659 959 684 cum
980 660 1066 696 quae
1086 646 1185 683 mala
1205 644 1426 695 proditionis
1447 645 1523 681 sint
1540 644 1578 680 in

147 709 412 761 Olynthiorum
442 717 482 746 et
515 709 784 747 Thebanorum
818 708 1096 746 calamitatibus
1131 706 1406 757 spectaveritis,
1444 712 1581 743 vestrae

145 770 396 808 incolumitati
418 783 526 816 ¹nunc
551 770 623 820 ipsi
655 776 756 807 recte
785 769 985 814 consulite,
1014 782 1058 806 ac
1084 767 1327 818 largitionum
1354 772 1489 804 contra
1511 778 1579 818 pa-

144 831 255 869 triam
270 830 389 869 avidis
408 843 429 868 e
449 830 572 868 medio
591 830 750 868 sublatis
765 831 801 868 in
815 830 921 868 vobis
936 830 1026 880 ipsis
1047 836 1084 867 et
1103 828 1172 865 diis
1186 827 1457 865 immortalibus
1475 839 1581 878 spem

144 892 276 931 salutis
310 892 509 932 collocate.
567 893 658 931 Sola
691 894 789 930 enim
815 892 888 930 hac
918 893 1076 936 ratione,
1108 890 1375 935 Athenienses,
1406 889 1486 927 sola
1511 889 1582 927 hac

144 955 289 993 ratione
310 956 402 993 alios
424 956 533 993 etiam
555 955 763 1006 corrigetis,
783 955 813 992 si
833 954 1021 1005 principes
1041 953 1297 1003 improborum
1316 951 1511 990 convictos
1532 951 1584 989 ita

144 1017 365 1067 puniveritis
390 1025 430 1054 ut
458 1030 586 1054 eorum
607 1024 769 1054 meretur
788 1017 1021 1067 improbitas.
1079 1015 1179 1052 Nam
1199 1015 1230 1052 si
1250 1014 1314 1064 qui
1334 1013 1512 1064 vulgares
1531 1013 1583 1050 rei

144 1078 459 1125 condemnentur,
488 1078 525 1115 id
553 1092 665 1116 nemo
691 1079 864 1116 resciscit
892 1091 1016 1128 neque
1048 1077 1160 1114 etiam
1190 1077 1285 1115 seire
1306 1083 1392 1113 avet
1416 1076 1505 1126 quid
1528 1075 1583 1112 eis

145 1139 348 1180 acciderit:
378 1140 425 1178 de
459 1139 666 1178 illustribus
697 1147 823 1178 autem
853 1153 986 1177 omnes
1016 1138 1259 1177 sciscitantur
1280 1144 1318 1176 et
1345 1137 1504 1175 laudant
1528 1137 1585 1187 ju-

147 1200 263 1246 dices,
283 1201 346 1238 ubi
371 1201 434 1252 jus
453 1208 491 1239 et
514 1215 666 1252 aequum
695 1214 845 1239 reorum
871 1200 1002 1251 gloriae
1024 1213 1098 1238 non
1123 1199 1389 1237 condonarint.
1449 1198 1584 1236 Recita

146 1261 338 1300 decretum
360 1262 637 1300 Thebanorum.
697 1263 768 1300 Dic
789 1262 1018 1300 testimonia.
1074 1261 1182 1312 Lege
1202 1261 1348 1299 literas.

360 1366 674 1404 DECRETUM.
728 1365 1078 1403 TESTIMONIA.
1134 1365 1360 1402 LITERAE.

201 1443 240 1479 5.
270 1441 527 1480 Mercenarius
554 1443 624 1480 iste
656 1449 727 1488 est,
751 1443 1025 1488 Athenienses,
1052 1443 1306 1481 mercenarius
1332 1442 1403 1480 iste
1430 1441 1586 1492 estjam

148 1503 252 1541 olim.
309 1504 383 1542 Iste
413 1514 472 1543 est
501 1506 566 1555 qui
596 1505 825 1555 legationem
852 1519 874 1543 a
900 1504 1076 1556 Philippo
1107 1505 1413 1556 proficiscentem
1433 1503 1482 1541 ad
1516 1516 1587 1541 nos

149 1565 287 1602 Thebis
314 1566 469 1612 vocarit,
497 1573 536 1604 et
562 1566 670 1617 primi
702 1566 789 1604 belli
821 1565 1039 1615 deponendi
1067 1573 1201 1603 auctor
1226 1565 1365 1603 fuerit:
1394 1564 1465 1602 iste
1498 1577 1585 1602 cum

151 1625 367 1664 Philocrate
388 1626 547 1665 consilia
576 1627 739 1665 contulit
759 1627 824 1677 qui
855 1639 990 1677 pacem
1011 1626 1181 1664 decrevit
1208 1639 1295 1663 cum
1321 1624 1502 1676 Philippo
1528 1624 1586 1662 fa-

150 1689 338 1733 ciendam,
360 1690 408 1727 ob
429 1702 542 1740 quam
561 1703 629 1727 vos
650 1689 756 1726 illum
779 1688 961 1740 ejecistis,
981 1695 1019 1725 et
1037 1688 1145 1739 bigas
1163 1687 1300 1738 legatis
1319 1686 1503 1724 conduxit
1522 1685 1587 1735 qui

150 1763 236 1787 cum
257 1750 456 1801 Antipatro
486 1750 562 1788 huc
593 1750 750 1801 profecti
772 1756 892 1796 erant,
920 1757 959 1787 et
983 1749 1132 1800 excepit
1154 1762 1218 1787 eos
1239 1755 1278 1786 et
1305 1747 1587 1786 Macedonibus

152 1813 377 1851 assentandi
403 1813 721 1851 consuetudinem
754 1813 898 1863 primus
925 1812 963 1849 in
990 1813 1122 1849 urbem
1155 1810 1378 1848 introduxit.
1434 1809 1494 1846 Ne
1514 1810 1586 1846 ab·

153 1874 301 1919 solvite,
318 1874 591 1920 Athenienses,
609 1887 657 1912 ne
670 1874 847 1911 dimittite
866 1873 1094 1924 impunitum
1109 1873 1300 1910 hominem
1317 1872 1424 1923 cujus
1439 1871 1589 1908 nomine

153 1935 255 1972 urbis
281 1942 581 1986 caeterorumque
610 1935 834 1973 Graecorum
856 1934 984 1973 clades
1006 1943 1094 1972 sunt
1118 1935 1326 1984 inscriptae,
1346 1932 1474 1984 palam
1497 1944 1590 1970 con-

152 1997 291 2035 victum
321 2007 561 2048 acceptorum
582 2004 714 2036 contra
733 1997 1006 2049 rempublicam
1033 2009 1246 2041 munerum,
1265 2007 1390 2045 neque
1411 2007 1498 2032 cum
1523 2006 1591 2031 vos

152 2061 316 2098 fortunae
329 2061 546 2111 benignitas
568 2061 604 2098 in
622 2060 757 2098 melius
776 2059 976 2111 provehat,
990 2065 1104 2108 atque
1125 2058 1282 2095 alteram
1299 2054 1431 2106 patriae
1445 2060 1592 2106 pestem

153 2124 244 2160 urbe
274 2123 437 2173 ejecerit,
457 2123 570 2159 istum
600 2129 726 2159 autem
754 2121 860 2158 vobis
890 2119 1146 2158 occidendum
1177 2117 1387 2161 tradiderit,
1417 2115 1592 2153 omnibus

153 2183 323 2221 utilitatis
342 2183 549 2221 rationibus
572 2182 841 2226 adversamini,
863 2181 930 2218 sed
952 2193 1063 2219 omen
1083 2179 1277 2217 actionum
1295 2178 1399 2214 urbis
1420 2175 1591 2220 avertite,

154 2253 269 2295 atque
294 2245 331 2281 in
360 2244 454 2281 istos
481 2242 601 2281 duces
620 2250 778 2281 eventus
806 2243 987 2280 adversos
1009 2241 1231 2278 convertite.
1289 2239 1348 2276 Ad
1370 2237 1472 2289 quod
1492 2237 1591 2274 enim

156 2313 303 2357 tempus
331 2305 523 2356 reponetis
551 2305 680 2348 istum,
702 2317 779 2353 quo
806 2316 891 2340 eum
910 2302 1019 2340 vobis
1043 2301 1128 2338 usui
1148 2301 1317 2338 futurum
1347 2295 1592 2337 existimetis?

156 2368 225 2405 Est
244 2380 290 2404 ne
310 2374 476 2404 vestrum
497 2372 562 2403 aut
581 2364 860 2403 circumstantis
884 2375 1035 2401 coronae
1056 2362 1261 2412 quisquam
1277 2361 1340 2410 qui
1360 2359 1485 2398 dicere
1505 2370 1591 2408 pos-

156 2431 217 2474 sit,
237 2441 324 2479 quae
337 2427 409 2465 iste
428 2427 486 2464 vel
506 2428 652 2478 privata
670 2426 727 2464 vel
748 2424 900 2477 publica
918 2423 1088 2474 negotia,
1107 2422 1172 2460 ubi
1193 2420 1394 2459 tractanda
1411 2418 1591 2468 suscepit,

157 2504 234 2529 non
266 2487 467 2528 everterit?
516 2488 667 2533 Nonne,
705 2487 776 2525 iste
814 2485 1021 2524 Aristarchi
1059 2484 1215 2520 domum
1252 2483 1462 2532 ingressus,
1491 2479 1592 2517 initis

156 2550 322 2590 consiliis
349 2563 435 2588 cum
463 2562 508 2587 eo
526 2549 586 2587 cui
608 2547 808 2586 Nicodemi
831 2547 959 2585 caedes
973 2567 1022 2575 —
1035 2551 1079 2581 ut
1098 2543 1216 2580 nostis
1238 2555 1370 2580 omnes
1383 2563 1433 2569 ——
1448 2538 1595 2578 crimini

158 2613 330 2657 dabatur,
361 2610 621 2649 Aristarchum
648 2609 812 2647 maxima
831 2621 919 2646 cum
948 2605 1103 2644 infamia
1122 2605 1213 2641 urbe
1233 2601 1374 2653 ejecit?
1418 2602 1455 2638 Is
1475 2601 1595 2651 igitur

159 2674 223 2712 tali
244 2674 364 2711 amico
390 2686 478 2711 usus
498 2679 558 2710 est
583 2671 855 2715 Demosthene,
877 2675 919 2706 ut
945 2667 1137 2705 existimet
1163 2665 1270 2702 istius
1297 2676 1493 2701 accessum
1518 2673 1595 2699 non

160 2733 262 2772 aliud
283 2734 396 2771 fuisse
413 2746 526 2783 quam
548 2733 687 2771 malum
705 2731 897 2783 quendam
918 2729 1070 2779 genium
1091 2733 1129 2764 et
1149 2734 1314 2764 ortarum
1335 2724 1595 2763 calamitatum

161 2795 295 2833 ducem
317 2801 430 2844 atque
456 2801 662 2833 auctorem.
718 2792 868 2836 Nonne,
888 2802 976 2828 cum
994 2787 1134 2839 populo
1161 2787 1325 2824 suadere
1345 2786 1471 2837 coepit,
1492 2784 1596 2835 quod

161 2858 307 2895 utinam
334 2868 528 2905 nunquam
558 2856 702 2893 factum
723 2860 985 2892 esset-nam
1012 2850 1161 2900 privata
1181 2849 1263 2899 ejus
1291 2853 1376 2885 acta
1401 2847 1595 2884 omittam:

161 2927 310 2970 tempus
330 2918 428 2956 enim
449 2916 702 2968 prolixitatem
729 2913 909 2954 orationis
930 2926 1003 2951 non
1024 2911 1166 2962 patitur
1180 2933 1244 2956 —,
1263 2909 1353 2948 boni
1383 2908 1536 2960 quidem
1556 2912 1599 2943 ut
