1870 3277
577 198 798 242 CONTRA
830 196 1175 237 LEOCRATEM.
1516 196 1592 234 463

157 300 427 341 defensionem.
484 302 558 345 Qui
578 302 678 341 enim
698 315 774 340 non
800 307 861 339 est
878 299 1109 338 horrendum
1134 311 1212 345 eos,
1231 299 1296 349 qni
1316 299 1365 338 ad
1389 305 1596 337 mercatum

157 364 195 400 in
215 363 418 414 peregrino
439 364 654 402 consistunt
668 363 765 408 solo,
781 361 997 402 accelerare
1016 360 1177 398 reditum
1195 360 1242 398 ad
1255 361 1386 411 patriae
1399 359 1598 398 auxilium

156 426 258 463 hunc
282 432 407 464 autem
440 425 563 463 solum
589 425 669 463 istis
694 424 927 476 temporibus
945 435 1014 473 pro
1032 427 1183 472 quaestu
1202 421 1455 459 transmittere
1475 421 1605 467 maria,

157 487 312 538 quando
339 500 389 526 ne
407 499 508 525 unus
526 486 681 537 quidem
708 486 909 537 quicquam
938 482 1073 521 lucrari
1094 482 1282 533 quaesivit,
1301 481 1368 520 sed
1391 488 1500 532 parta
1518 489 1601 520 tan·

160 548 357 587 tummodo
378 548 501 587 tueri?
525 561 528 564 ⁴
546 547 707 586 Lubens
726 559 816 585 vero
837 545 1021 591 audirem,
1037 557 1152 595 quam
1172 543 1467 593 negotiationem
1488 543 1606 581 addu-

164 622 257 647 cens
272 608 373 648 dicat
384 622 468 647 sese
483 609 567 647 urbi
580 607 874 647 commodiorem
888 606 1004 645 fuisse
1016 619 1131 657 quam
1147 604 1179 642 si
1191 617 1329 656 corpus
1343 604 1380 642 in
1393 604 1495 643 urbis
1509 605 1607 643 salu·

166 677 242 708 tern
260 669 550 721 imperatoribus
565 669 818 708 ordinandum
833 668 1062 720 praebuisset
1075 666 1379 717 invadentesque
1395 666 1431 704 in
1445 665 1605 716 patriam

162 731 361 777 arcuisset,
380 731 575 769 vobiscum
597 743 786 781 pugnans.
843 731 926 781 Ego
949 742 1060 780 paene
1078 728 1226 766 nullum
1246 735 1399 766 tantum
1418 726 1604 764 auxilium

162 804 248 831 esse
275 792 400 830 video.
458 792 629 842 Dignum
649 799 776 830 autem
797 798 869 837 est,
890 797 930 829 ut
952 791 1023 842 ipsi
1042 803 1120 828 non
1148 790 1273 828 solum
1293 791 1341 827 ob
1359 789 1433 827 hoc
1451 788 1605 827 facinus

163 853 437 899 succenseatis,
457 854 525 892 sed
545 860 697 905 propter
715 855 829 892 etiam
848 853 952 890 hunc
971 864 1183 890 sermonem
1199 863 1208 889 z
1237 850 1365 902 palam
1381 850 1480 888 enim
1500 862 1605 887 men-

164 913 223 956 tiri
238 926 354 953 ausus
368 914 454 952 fuit.
512 914 648 965 Neque
669 915 768 953 enim
784 915 887 965 prius
906 926 1073 965 unquam
1093 926 1133 951 se
1152 912 1244 950 huic
1262 912 1425 963 quaestui
1446 910 1606 956 dedidit,

166 975 235 1014 sed
259 975 488 1026 possederat
514 977 668 1014 aerarios
678 990 689 1021 ;
729 990 853 1027 neque
885 984 968 1014 tum
996 975 1084 1014 hinc
1110 975 1263 1014 solvens
1300 975 1504 1025 quicquam
1529 973 1608 1012 huc

166 1037 333 1082 advexit,
353 1049 422 1075 sex
436 1050 559 1075 annos
578 1037 746 1087 integros
761 1037 1036 1089 peregrinatus.
1093 1036 1159 1074 Ad
1177 1036 1262 1075 haec
1280 1035 1608 1086 quinquagesimae

168 1098 362 1148 vectigalis
395 1111 554 1136 consors
595 1106 690 1145 erat,
723 1112 800 1150 qua
829 1099 934 1137 haud
968 1099 1102 1137 relicta
1138 1099 1240 1149 apud
1277 1104 1428 1137 exteros
1463 1102 1609 1149 ageret.

168 1159 295 1203 Quare
316 1161 346 1198 si
366 1160 457 1211 quid
478 1160 526 1198 de
545 1161 603 1199 his
619 1161 767 1208 dixerit,
787 1174 913 1212 neque
935 1175 1002 1200 vos
1022 1162 1091 1213 ipsi
1111 1162 1361 1213 permissuros
1381 1173 1477 1200 reor.

224 1222 285 1258 15.
316 1221 395 1259 Sed
417 1223 577 1260 fortasse
598 1222 648 1260 ad
667 1222 768 1261 illam
789 1222 976 1261 rationem
996 1223 1112 1261 citato
1137 1236 1253 1261 cursu
1270 1222 1477 1274 perveniet,
1496 1234 1612 1272 quam

167 1282 238 1333 ipsi
258 1282 413 1333 quidam
440 1291 687 1335 patronorum
714 1292 932 1333 suaserunt,
958 1286 1062 1336 quod
1082 1299 1159 1323 non
1179 1286 1229 1323 sit
1246 1298 1334 1323 reus
1361 1284 1612 1336 proditionis:

169 1357 296 1395 neque
326 1345 425 1383 enim
459 1358 499 1383 se
531 1346 723 1384 navalium
758 1360 844 1385 esse
875 1347 1071 1384 dominum
1103 1359 1226 1397 neque
1258 1353 1454 1398 portarum
1485 1357 1612 1395 neque

169 1406 406 1444 exercituum
427 1418 553 1456 neque
579 1405 692 1442 ullius
712 1406 918 1443 functionis
938 1419 1024 1456 quae
1044 1407 1093 1444 ad
1113 1407 1244 1444 urbem
1265 1406 1440 1456 pertinet.
1496 1406 1615 1456 Atqui

169 1466 305 1504 horum
332 1466 506 1504 dominos
535 1478 674 1504 censeo
694 1473 841 1517 partem
862 1466 1055 1516 quandam
1079 1465 1260 1515 potentiae
1279 1472 1415 1503 vestrae
1440 1466 1614 1516 prodere,

168 1527 271 1565 hunc
286 1533 414 1565 autem
426 1534 545 1565 totam
566 1527 778 1565 dedititiam
793 1527 920 1565 facere
940 1526 1146 1565 civitatem.
1204 1525 1269 1563 Ad
1281 1526 1364 1564 haec
1384 1527 1446 1564 alii
1462 1527 1618 1577 quidem

168 1588 383 1639 proditores
414 1587 587 1625 viventes
622 1587 888 1625 tantummodo
918 1587 1057 1638 injuria
1096 1587 1284 1633 afficiunt,
1316 1587 1380 1625 hic
1413 1595 1542 1626 autem
1579 1595 1618 1626 et

170 1647 248 1686 vita
268 1648 470 1686 defunctos
485 1655 522 1686 et
539 1648 651 1699 hujus
667 1647 829 1698 regionis
850 1660 960 1686 sacra
972 1648 1103 1700 patriis
1122 1648 1272 1699 legibus
1292 1654 1331 1686 et
1343 1648 1429 1699 jure
1449 1649 1618 1700 privans.

173 1710 300 1761 Atque
323 1711 371 1748 ab
390 1709 462 1747 illis
493 1710 684 1761 proditam
710 1709 911 1747 inhabitari
930 1710 1156 1761 contigisset
1182 1723 1328 1748 servam
1352 1710 1494 1748 factam
1515 1710 1618 1749 hanc

172 1773 321 1817 urbem,
343 1784 418 1822 quo
451 1779 576 1809 autem
601 1772 640 1809 in
668 1771 781 1809 modo
807 1770 868 1810 hic
895 1771 943 1809 ab
970 1784 1016 1809 ea
1042 1772 1195 1817 excidit,
1216 1771 1502 1810 inhabitabilem
1530 1785 1618 1810 esse

174 1833 390 1871 accidisset.
446 1833 666 1877 Quinetiam
685 1833 855 1871 civitates
874 1846 922 1871 ex
946 1833 1168 1872 infelicitate
1190 1833 1239 1872 ad
1257 1834 1451 1872 meliorem
1472 1840 1617 1872 statum

174 1894 370 1932 transferri
390 1894 586 1945 probabile
605 1902 676 1942 est,
697 1894 754 1932 sin
774 1895 930 1934 omnino
946 1902 1119 1934 vastetur
1136 1896 1242 1942 urbs,
1262 1896 1424 1934 eandem
1444 1909 1620 1935 commu·

176 1955 290 1994 nibus
309 1956 422 1994 etiam
450 1957 590 2007 spebus
608 1956 745 2008 privari
766 1957 969 1995 verisimile
987 1965 1059 1996 est.
1115 1957 1169 1996 Ut
1195 1958 1294 1996 enirn
1315 1958 1459 1997 homini
1477 1957 1616 1996 viventi

178 2030 266 2068 spes
286 2023 345 2055 est
362 2018 408 2056 ab
428 2017 648 2057 infelicitate
669 2031 711 2056 se
725 2018 881 2057 tandem
897 2018 1096 2057 liberatum
1117 2019 1172 2065 iri,
1192 2020 1375 2059 defuncto
1395 2026 1522 2058 autem
1540 2019 1620 2058 vita

178 2079 289 2132 simul
316 2080 537 2118 auferuntur
565 2082 693 2119 omnia
718 2094 784 2131 per
803 2095 891 2131 quae
919 2082 1122 2132 quisquam
1145 2081 1237 2120 felix
1266 2095 1348 2120 esse
1372 2088 1512 2133 queat';
1541 2094 1619 2120 non

177 2131 397 2180 dissimilem
427 2142 686 2180 ad'rationem
712 2155 801 2180 cum
828 2142 1045 2181 civitatibus
1067 2143 1205 2182 accidit
1232 2150 1274 2182 ut
1293 2144 1407 2182 finem
1432 2143 1620 2182 malorum

180 2208 435 2253 assequantur
453 2216 542 2240 cum
561 2216 705 2242 eversae
724 2203 875 2242 fuerint.
933 2204 974 2240 Si
999 2204 1098 2242 enim
1124 2217 1256 2243 verum
1281 2205 1408 2243 dicere
1429 2212 1619 2257 oporteat,

178 2262 339 2301 civitatis
362 2272 422 2302 est
447 2277 560 2308 mom,
582 2277 664 2302 eam
686 2265 839 2303 sedibus
868 2265 958 2316 pelli
977 2266 1173 2305 vastarive.
1228 2266 1467 2317 Argumento
1493 2276 1623 2305 autem

179 2324 344 2362 maximo
373 2338 456 2363 esse
487 2326 641 2376 poterit,
670 2326 772 2376 quod
798 2326 836 2363 in
865 2327 974 2365 nobis
1006 2329 1154 2378 experti
1181 2341 1337 2366 sumus:
1368 2335 1498 2367 nostra
1526 2329 1626 2366 enim

180 2385 272 2424 urbs
292 2384 383 2423 olim
402 2398 425 2423 a
446 2386 616 2437 tyrannis
638 2387 674 2424 in
693 2386 913 2426 servitutem
930 2396 989 2427 est
1005 2388 1176 2435 redacta,
1191 2389 1330 2427 dehinc
1351 2402 1373 2426 a
1392 2389 1564 2441 Triginta
1582 2397 1621 2429 et

181 2459 203 2485 a
223 2447 523 2485 Lacedaemoniis
554 2448 650 2485 muri
676 2454 766 2486 sunt
785 2448 899 2488 diruti
917 2463 925 2487 :
954 2457 992 2488 et
1010 2451 1058 2488 ab
1081 2450 1138 2488 his
1158 2456 1285 2488 tamen
1307 2451 1490 2489 ambobus
1511 2451 1622 2489 malis

181 2520 314 2546 sumus
334 2507 491 2553 liberati,
514 2508 816 2560 Graecorumque
831 2511 964 2549 salutis
984 2511 1088 2562 digni
1103 2510 1266 2561 judicati
1287 2524 1418 2550 sumus
1438 2513 1623 2562 praesides

182 2569 274 2606 fieri.
333 2569 410 2606 Sed
430 2569 616 2621 ejusmodi
638 2569 790 2608 fortuna
809 2585 886 2609 non
907 2572 1042 2623 obtigit
1069 2584 1236 2622 unquam
1265 2572 1308 2611 iis
1329 2573 1484 2612 urbibus
1511 2581 1622 2624 quot·

184 2637 278 2680 quot
305 2643 447 2669 eversae
476 2632 646 2669 fuerunt.
703 2632 904 2672 Vetustius
929 2633 1104 2685 equidem
1127 2641 1184 2672 est
1202 2635 1306 2684 quod
1333 2633 1505 2674 dicturus
1524 2649 1623 2682 sum,

185 2691 235 2729 ad
253 2704 332 2729 rem
350 2699 475 2731 tamen
495 2701 723 2744 praesentem
741 2695 855 2733 facit:
884 2695 1036 2744 Trojam
1055 2695 1139 2745 quis
1159 2709 1236 2734 non
1258 2696 1401 2734 audivit
1419 2698 1624 2736 maximam

184 2760 265 2790 tum
286 2753 435 2792 urbium
446 2755 563 2793 fuisse
583 2755 727 2806 totique
746 2756 979 2794 dominatam
998 2770 1081 2795 esse
1098 2758 1219 2802 Asiae,
1238 2757 1322 2796 haec
1335 2758 1417 2809 ipsa
1436 2765 1561 2798 tamen
1582 2766 1623 2798 ut

186 2814 301 2852 semel
329 2814 452 2852 diruta
473 2816 556 2863 fuit,
585 2824 770 2868 perpetuo
802 2817 1076 2857 habitatoribus
1095 2818 1233 2858 vacat?
1279 2819 1385 2859 Idem
1411 2820 1625 2866 confirmat,

186 2874 290 2924 quod
311 2875 492 2915 Messene
512 2878 731 2929 quingentis
754 2886 844 2930 post
857 2880 964 2918 annis
982 2893 1029 2918 ex
1045 2879 1265 2932 vulgaribus
1284 2881 1503 2921 hominibus
1515 2881 1626 2920 adeo-

188 2949 260 2985 que
281 2936 443 2976 colluvie
463 2939 512 2976 sit
529 2940 779 2979 constructa?
