1870 3277
773 608 1255 665 ISOCRATIS

584 764 1445 815 AREOPAGITICA.

946 898 1074 905 ——

810 963 1216 1002 ARGUMENTUM

674 1058 701 1087 E
725 1059 942 1089 nroNYsro
969 1059 1346 1089 rrAmcthNAssno.

319 1132 487 1168 Quislecta
498 1131 637 1163 oratione
650 1132 875 1174 Areopagitica
888 1144 949 1165 non
964 1134 1130 1165 modestior
1138 1135 1242 1165 fieret?
1267 1135 1347 1171 Quis
1361 1135 1532 1165 institutum
1544 1136 1670 1165 oratoris
1684 1146 1745 1166 non

275 1185 401 1215 laudet?
425 1185 478 1225 qui
492 1185 574 1223 apud
586 1184 794 1216 Athenienses
811 1185 851 1216 de
863 1185 1044 1226 reipublicae
1056 1185 1153 1216 forma
1167 1186 1326 1227 disputare
1345 1196 1405 1216 non
1423 1186 1585 1222 dubitarit,
1596 1192 1627 1217 ct
1641 1193 1746 1217 auctor

275 1247 340 1267 esse
357 1241 390 1266 ut
405 1236 595 1266 democratia
608 1247 678 1277 quae
698 1241 761 1266 tum
786 1236 898 1267 usitata
919 1242 986 1267 erat
1002 1242 1149 1279 tanquam
1166 1237 1284 1268 civitati
1300 1237 1474 1278 perniciosa
1491 1243 1668 1274 mutaretur,
1684 1248 1747 1278 qua

274 1288 315 1317 de
327 1297 360 1317 re
374 1288 606 1329 magistratuum
621 1298 712 1318 nemo
723 1288 834 1318 referre
846 1288 1037 1324 instituebat,
1049 1288 1178 1319 videbat
1192 1288 1274 1319 enim
1287 1289 1440 1320 Isocrates
1452 1299 1521 1319 eam
1537 1289 1580 1319 ita
1596 1300 1662 1319 esse
1679 1300 1748 1330 pro-

274 1338 392 1379 lapsam
406 1344 436 1369 et
448 1340 656 1379 perturbatam
670 1344 702 1369 ut
713 1339 778 1380 jam
795 1349 853 1370 nec
866 1349 885 1369 a
901 1339 1131 1380 magistratibus
1153 1339 1265 1380 privati
1278 1339 1412 1370 coerceri
1431 1344 1570 1380 possent,
1586 1340 1640 1369 sed
1655 1350 1749 1370 unus-

274 1389 406 1430 quisque
421 1399 490 1419 cum
509 1390 627 1420 diceret
650 1395 714 1420 tum
734 1390 852 1421 faceret
871 1390 1021 1432 quicquid
1042 1390 1214 1420 collibitum
1236 1396 1329 1426 esset,
1347 1401 1384 1421 ac
1407 1400 1514 1420 omues
1538 1391 1744 1431 importunam

272 1440 495 1471 confidentiam
511 1441 685 1471 libertatem
703 1441 883 1482 popula-rem
899 1452 967 1472 esse
983 1441 1148 1472 ducerent:
1174 1441 1285 1472 suadet
1300 1441 1396 1482 igitur
1411 1446 1475 1471 uta
1491 1441 1605 1471 Solone
1627 1447 1658 1471 et
1679 1441 1745 1472 Cli-

274 1493 383 1523 sthene
397 1493 566 1523 constituta
578 1492 712 1533 respubl.
728 1492 822 1522 veluti
840 1492 1031 1533 postliminio
1055 1497 1224 1523 revocetur.
1275 1492 1374 1533 Cujus
1395 1499 1538 1524 naturam
1555 1496 1588 1523 et
1602 1492 1745 1523 instituta

273 1544 504 1580 recensens,ait
518 1545 570 1575 illa
585 1549 676 1575 aetate
697 1545 820 1586 gravius
845 1545 1054 1576 existimatum
1076 1555 1143 1576 esse
1159 1544 1294 1575 dicendo
1312 1546 1468 1576 adversari
1486 1550 1561 1575 natu
1578 1544 1744 1585 majoribus

273 1606 366 1636 quam
381 1596 505 1626 ordines
521 1595 676 1632 deserere,
695 1595 918 1627 democratiam
934 1607 986 1626 eos
998 1595 1159 1637 judicasse
1175 1606 1237 1626 non
1254 1596 1285 1626 in
1300 1596 1473 1636 petulantia
1487 1602 1519 1627 et
1541 1596 1745 1637 protervitate

273 1647 328 1678 sed
345 1647 377 1677 in
393 1647 605 1677 moderatione
621 1653 653 1677 et
670 1647 875 1687 temperantia
889 1647 1070 1682 consistere,
1083 1647 1256 1677 libertatem
1273 1648 1412 1688 posuisse
1434 1659 1498 1678 non
1514 1648 1546 1678 in
1562 1653 1743 1688 contemptu

274 1697 506 1738 magistratuum
529 1698 584 1728 sed
610 1698 767 1739 imperatis
790 1698 953 1734 faciendis,
971 1702 1155 1739 potestatem
1178 1698 1318 1738 improbo
1340 1698 1457 1729 nemini
1483 1699 1668 1740 permisisse,
1689 1699 1744 1729 sed

271 1748 506 1790 spectatissimis
521 1748 594 1778 viris
611 1749 775 1778 mandasse
792 1749 1000 1789 magistratus,
1016 1749 1100 1790 quod
1116 1748 1329 1779 existimarent
1345 1750 1419 1780 tales
1434 1750 1496 1781 fore
1513 1755 1640 1781 caeteros
1664 1750 1747 1781 cives

269 1799 378 1841 quales
391 1805 495 1830 essent
511 1800 733 1841 gubernatores
744 1800 890 1836 civitatis,
902 1805 1021 1830 tantum
1038 1810 1110 1830 vero
1127 1800 1264 1830 abfuisse
1278 1806 1311 1830 ut
1324 1801 1468 1841 peculatu
1487 1811 1547 1831 rem
1564 1801 1745 1832 familiarem

272 1851 500 1892 amplificarent
523 1856 557 1881 ut
581 1861 652 1881 suas
675 1861 750 1891 opes
771 1851 803 1881 in
826 1851 958 1890 reipubl.
986 1851 1150 1881 utilitatem
1175 1851 1383 1882 effunderent.
1429 1852 1583 1882 Praeterea
1606 1853 1746 1893 patribus

271 1902 379 1943 majori
401 1912 482 1932 curae
502 1901 596 1932 fuisse
618 1901 697 1932 filios
717 1901 781 1943 jam
807 1902 928 1932 adultos
947 1912 1040 1942 quam
1067 1912 1191 1942 pueroS,
1210 1902 1294 1942 quod
1319 1902 1542 1933 adolescentiae
1562 1904 1744 1934 modestiam

270 1953 337 1994 plus
354 1954 502 1993 prodesse
516 1953 648 1994 reipubl.
661 1959 806 1994 putarent
821 1964 911 1994 quam
927 1953 1075 1994 puerilem
1092 1952 1330 1989 institutionem,
1341 1958 1373 1984 et
1388 1959 1473 1984 recta
1483 1954 1589 1984 studia
1600 1960 1743 1995 praestare

271 2004 374 2045 legum
389 2010 540 2035 accuratae
553 2004 786 2044 constitutioni3
813 2005 909 2046 inque
923 2004 956 2034 id
971 2014 1023 2034 eos
1037 2004 1297 2039 incubuisse,non
1308 2010 1342 2034 ut
1353 2005 1511 2045 suppliciis
1527 2005 1742 2046 delinquentes

269 2061 460 2092 coercerent,
473 2057 527 2086 sed
545 2062 578 2085 ut
594 2066 632 2087 ne
645 2056 719 2097 quid
732 2067 824 2097 poena
840 2056 968 2096 dignum
985 2056 1024 2085 ab
1036 2055 1099 2085 ullo
1116 2055 1365 2091 committeretur,
1382 2056 1593 2087 existimantes
1609 2057 1741 2097 patriam

269 2107 397 2147 quidem
414 2107 599 2137 auctoritate
616 2117 728 2148 magna
743 2107 862 2142 florere,
878 2106 1007 2147 privatis
1031 2111 1136 2136 autem
1158 2106 1250 2136 licere
1272 2106 1348 2136 nihil
1365 2108 1448 2146 quod
1471 2107 1591 2148 legibus
1613 2107 1741 2138 interdi-

271 2162 353 2188 ctum
365 2163 447 2188 esset
460 2164 616 2198 oportere,
624 2159 677 2188 sed
692 2158 737 2188 eis
750 2163 780 2189 et
797 2158 934 2199 pericula
944 2157 1108 2187 subeunda
1124 2162 1155 2186 et
1171 2167 1219 2187 res
1236 2158 1379 2189 adversas
1395 2158 1534 2189 infractis
1547 2158 1658 2189 animis
1674 2170 1742 2190 esse

272 2209 483 2249 perferendas.

329 2286 363 2321 1.
396 2285 581 2323 Mumos
614 2297 688 2335 ego
709 2291 877 2323 vestrum
908 2283 1032 2322 mirari
1063 2290 1157 2334 puto
1188 2283 1373 2334 quidnam
1396 2284 1433 2321 in
1462 2289 1628 2322 mentem
1651 2284 1741 2322 mihi

270 2347 399 2385 veniat
416 2354 458 2386 ut
477 2347 622 2386 indicto
641 2347 807 2385 concilio
827 2346 1107 2398 providendum
1128 2358 1213 2383 esse
1234 2358 1408 2383 moneam
1425 2358 1471 2383 ne
1492 2345 1584 2395 quid
1606 2358 1743 2397 respu-

269 2411 369 2450 blica
390 2410 610 2449 detrimenti
630 2410 773 2461 capiat,
790 2409 901 2460 quasi
922 2422 967 2447 ea
981 2408 1042 2446 vel
1062 2407 1173 2445 bellis
1194 2415 1376 2458 urgeatur
1395 2408 1455 2446 vel
1477 2408 1591 2445 rebus
1613 2408 1741 2446 dubiis

271 2473 527 2519 conflictetur,
545 2486 662 2523 quum
683 2478 722 2510 et
742 2472 915 2509 triremes
934 2469 1100 2521 amplius
1117 2469 1306 2507 ducentas
1324 2469 1539 2520 possideat,
1555 2475 1593 2507 et
1606 2483 1740 2521 agrurn

270 2541 453 2586 pacatum
474 2534 615 2572 habeat
635 2540 674 2571 et
694 2533 809 2570 maris
829 2532 1029 2583 imperium
1053 2536 1200 2576 teneat,
1220 2537 1259 2567 et
1289 2531 1474 2569 societate
1502 2533 1650 2569 munita
1677 2532 1739 2577 sit,

271 2603 353 2634 tum
373 2596 580 2634 multorum
601 2595 666 2646 qui
687 2594 718 2633 si
741 2607 801 2632 res
822 2593 994 2644 postulet
1013 2592 1190 2630 alacriter
1212 2604 1282 2629 nos
1299 2592 1499 2643 adjuvent,
1520 2600 1600 2630 tum
1622 2592 1739 2643 longe

270 2657 435 2708 plurium
450 2658 515 2708 qui
535 2664 574 2695 et
587 2656 731 2695 tributa
745 2654 919 2707 pendant
934 2661 974 2691 et
993 2654 1180 2704 imperata
1193 2661 1480 2703 exsequantur:
1511 2667 1600 2704 quae
1617 2668 1737 2705 quum

269 2719 324 2756 ita
339 2717 429 2764 sint,
449 2731 519 2756 nos
539 2718 697 2768 quidem
713 2716 850 2755 dixerit
862 2715 1001 2766 aliquis
1023 2727 1101 2752 non
1115 2714 1305 2752 immerito
1320 2715 1468 2765 magnis
1484 2727 1570 2753 esse
1586 2717 1738 2763 animis,

269 2779 389 2831 utqui
409 2779 526 2830 longe
542 2792 563 2817 a
577 2778 759 2830 periculis
771 2777 959 2824 absimus,
974 2776 1107 2814 hostes
1124 2782 1254 2814 autem
1271 2783 1425 2815 nostros
1438 2789 1577 2815 causas
1594 2777 1737 2817 habere

269 2843 413 2881 timoris
434 2855 478 2881 ac
495 2842 608 2880 saluti
629 2855 711 2880 suae
731 2840 936 2880 consulere
955 2844 1146 2891 oportere.

322 2906 360 2941 2.
390 2903 565 2942 Tametsi
585 2909 715 2941 autem
737 2915 816 2942 non
836 2902 972 2952 ignoro
991 2913 1060 2939 vos
1081 2899 1155 2937 ista
1173 2899 1390 2949 cogitantes
1417 2905 1455 2937 et
1474 2897 1737 2939 denuntiatio-

268 2979 356 3004 nem
377 2977 502 3004 meam
525 2971 785 3010 contemnere,
808 2970 846 3002 et
867 2975 1021 3015 sperare
1042 2961 1100 3000 his
1120 2961 1241 3013 copiis
1263 2961 1382 3000 totius
1404 2960 1568 3000 Graeciae
1590 2962 1734 3013 potitu-
