1870 3277
530 174 601 211 DE
630 174 838 211 PYRRHI
873 172 1237 210 HEREDITATE.
1526 172 1602 206 3⁴23

162 275 312 324 ignotos
336 280 375 312 et
401 274 560 320 alienos,
587 288 729 325 eosque
755 274 909 313 fortuito
934 273 1084 311 oblatos
1111 281 1150 312 et
1179 273 1226 310 de
1258 273 1365 310 trivio
1392 277 1599 321 correptos.

158 336 276 385 Atqui
297 335 492 373 mulierem
517 336 616 374 hanc
636 337 708 374 ista
725 336 924 374 factitasse
953 334 1080 371 testati
1099 342 1187 370 sunt
1207 333 1242 370 lii
1266 347 1361 383 quos
1387 331 1601 374 audivistis,

157 404 196 435 et
217 395 256 434 hi
277 396 548 447 [Nicodemus,
567 398 776 443 Xenocles,
798 405 838 435 et
866 404 947 434 tota
979 408 1109 433 eorum
1140 395 1271 442 factio]
1300 395 1381 431 ausi
1409 407 1482 431 non
1513 400 1603 430 sunt

155 466 288 496 contra
321 459 476 496 testium
515 459 662 497 illorum
697 469 915 509 quenquam
953 457 1142 495 actionem
1178 455 1354 493 falsitatis
1393 455 1605 499 instituere,

155 521 296 559 nedum
317 528 359 559 ut
381 535 447 559 eos
474 529 739 572 coarguerent.
794 521 895 558 Vera
921 534 979 557 me
1006 519 1091 557 haec
1116 518 1302 557 affirmare
1329 530 1407 567 quo
1437 523 1602 559 constet,

157 583 273 621 recita
293 590 333 621 tu
353 582 425 621 illis
445 583 518 621 hoc
538 582 798 620 testimonium
817 581 967 619 iterum.

671 681 1071 719 TESTIMONIUM.

156 762 232 799 Sed
252 769 290 800 et
307 763 372 800 illa
391 763 507 800 recita
525 762 743 800 testimonia
760 761 810 799 de
828 762 1091 811 frequentibus
1116 759 1276 797 marium
1302 759 1424 796 omnis
1454 757 1601 807 generis

154 835 242 859 cum
259 822 324 860 illa
339 823 623 874 congressibus,
638 834 715 873 quo
729 829 882 860 constet
900 829 938 859 et
957 821 1192 859 meretricem
1207 819 1312 857 illam
1326 819 1446 856 fuisse
1463 817 1604 855 volenti

154 884 291 934 cuique
320 885 537 930 obnoxiam,
556 891 596 922 et
618 883 808 921 neminem
828 883 982 921 illorum
1003 882 1173 921 omnium
1195 881 1311 919 alium
1330 893 1378 918 ex
1397 893 1444 917 ea
1462 879 1602 916 liberos

154 943 325 995 legitimo
345 946 460 983 modo
481 945 707 996 suscepisse.
765 944 903 983 Recita
922 944 1029 995 ipsis.

699 1054 1058 1093 TESTIMONIA.

155 1131 372 1170 Meminisse
397 1132 477 1183 jam
514 1145 580 1170 vos
613 1139 764 1183 oportet
797 1139 892 1182 quot
923 1145 1080 1170 numero
1114 1131 1291 1169 homines
1322 1144 1450 1169 coram
1479 1132 1601 1176 vobis,

146 1193 316 1243 judices,
335 1194 541 1232 contestati
563 1194 651 1237 sint,
671 1207 784 1243 quam
812 1193 1008 1232 mulierem
1035 1193 1095 1231 hic
1115 1193 1391 1243 [Nicodemus]
1413 1193 1605 1232 avunculo

153 1261 284 1292 nostro
305 1268 326 1292 a
346 1268 387 1293 se
404 1255 633 1305 desponsam
655 1264 693 1292 et
712 1255 899 1293 elocatam
921 1255 974 1293 ait
995 1255 1126 1300 fuisse,
1147 1268 1229 1292 eam
1251 1256 1501 1305 prostibulum
1523 1256 1604 1292 vul-

153 1329 242 1367 gare
261 1325 299 1355 et
325 1318 361 1354 in
389 1324 579 1367 potestate
609 1316 796 1368 cujusque
825 1316 1036 1353 mercedem
1063 1316 1187 1354 dantis
1213 1316 1354 1358 fuisse:
1387 1316 1602 1354 meminisse

152 1377 240 1416 item
273 1378 359 1423 hoc,
389 1385 565 1415 constare
585 1380 664 1424 jam
698 1377 867 1414 omnium
899 1377 1057 1414 aliorum
1089 1376 1227 1413 nemini
1256 1390 1337 1413 eam
1370 1377 1607 1427 desponsam.

156 1438 277 1477 fuisse
297 1445 335 1476 et
353 1452 440 1476 cum
461 1438 535 1476 alio
556 1438 662 1475 nullo
681 1451 768 1475 cum
797 1437 1018 1475 conditione
1039 1438 1170 1475 matris
1190 1437 1352 1474 familias
1373 1437 1543 1478 honestae
1565 1446 1604 1476 et

153 1499 334 1550 legitimae
356 1501 427 1537 sub
445 1500 577 1538 eodem
597 1506 698 1538 tecto
717 1499 974 1537 cohabitasse.

206 1565 242 1601 3.
274 1563 414 1600 Verum
445 1575 515 1612 age
545 1562 638 1599 alias
668 1575 822 1611 quoque
853 1573 991 1599 causas
1018 1561 1273 1605 excutiamus,
1299 1561 1403 1599 unde
1433 1562 1602 1612 suspicio

153 1632 333 1662 nascatur
353 1624 433 1661 fieri
452 1631 580 1660 tamen
601 1623 771 1673 potuisse
798 1629 841 1660 ut
865 1622 1053 1673 ejusmodi
1079 1622 1227 1665 mulier,
1249 1622 1422 1672 quamvis
1443 1623 1495 1660 ita
1515 1637 1602 1673 pro-

152 1688 266 1725 brosa
278 1694 315 1725 et
327 1686 599 1730 contaminata,
610 1685 679 1722 rite
693 1691 821 1722 tamen
837 1683 1083 1722 nihilominus
1098 1683 1415 1734 desponderetur,
1427 1685 1456 1720 si
1470 1692 1605 1721 nostro,

153 1761 308 1798 quoque
332 1747 522 1785 avunculo
549 1747 774 1796 contigisset
798 1746 871 1783 hac
894 1745 932 1782 in
957 1759 996 1785 re
1016 1745 1224 1782 humanum
1250 1745 1339 1795 quid
1367 1745 1460 1794 pati.
1520 1746 1602 1782 Usu

154 1809 253 1847 enirn
286 1822 564 1859 nonnunquam
596 1808 699 1845 venit
728 1815 771 1844 ut
803 1807 1083 1852 adolescentes,
1116 1819 1204 1845 cum
1235 1806 1367 1843 talium
1401 1806 1602 1846 mulierum

153 1884 280 1910 amore
300 1877 376 1909 tam
399 1872 535 1908 insano
562 1871 795 1908 exarsissent
815 1877 856 1907 ut
875 1870 922 1907 ab
942 1882 1074 1907 earum
1093 1869 1331 1919 amplexibus
1357 1869 1469 1906 avelli
1489 1877 1526 1907 et
1546 1871 1603 1907 in-

154 1934 401 1972 continentiae
420 1947 501 1971 suae
520 1933 675 1971 modurn
704 1933 887 1982 imperare
914 1932 1130 1982 nequirent,
1151 1932 1209 1969 sui
1236 1931 1339 1969 haud
1364 1941 1560 1982 compotes
1580 1947 1602 1971 a

153 1995 313 2034 stultitia
337 2002 376 2032 et
400 1996 526 2033 furore
555 2008 624 2032 suo
651 1994 936 2044 impellerentur
961 1993 1010 2030 ad
1039 1993 1280 2044 peccandum
1303 1994 1337 2030 in
1359 2006 1428 2030 sua
1453 1994 1604 2044 propria

152 2058 355 2096 commoda
374 2066 410 2096 et
429 2057 478 2095 ad
498 2057 815 2095 consciscendum
835 2056 1024 2106 famaeque
1048 2069 1128 2094 suae
1148 2055 1397 2106 ignominiam
1418 2063 1454 2093 et
1474 2057 1526 2094 rei
1546 2057 1603 2094 fa-

154 2119 287 2157 miliari
308 2119 431 2156 labem
449 2118 554 2156 haud
570 2118 835 2169 reparabilem.
895 2117 1006 2155 Unde
1024 2117 1139 2168 igitur
1153 2116 1372 2168 hujusmodi
1388 2117 1436 2154 de
1456 2131 1492 2154 re
1513 2118 1602 2168 quid

156 2180 402 2219 statuendum
431 2180 479 2218 sit
507 2180 648 2218 certius
683 2179 919 2230 intelligatur
951 2186 1067 2230 atque
1094 2179 1323 2217 decernatur
1356 2179 1603 2229 exploratius,

154 2257 269 2294 quam
283 2243 419 2294 partim
434 2256 455 2280 e
470 2241 696 2280 testimoniis
712 2242 748 2278 in
765 2242 913 2279 actione
935 2240 1119 2291 superiori
1139 2241 1274 2278 horum
1292 2240 1329 2278 in
1351 2253 1469 2278 causa
1492 2241 1604 2279 dictis

156 2305 376 2355 [Nicodemi
395 2311 499 2355 puta,
520 2311 559 2341 et
578 2303 715 2342 sororis
735 2303 831 2354 ejus,
851 2302 942 2340 item
960 2302 1084 2340 Philae
1104 2310 1142 2341 et
1161 2301 1343 2340 Xenoclis
1371 2310 1484 2352 atque
1513 2315 1604 2340 con-

156 2365 331 2414 sortium]
352 2366 490 2417 partim
509 2378 557 2404 ex
576 2365 726 2403 indiciis
754 2364 1012 2415 probabilibus
1033 2372 1147 2415 atque
1168 2364 1440 2403 consentaneis
1461 2377 1503 2401 ex
1526 2364 1607 2413 ipsa

155 2430 208 2467 rei
229 2437 365 2468 natura
383 2426 738 2467 efflorescentibus?
784 2427 856 2465 Hic
883 2440 1019 2478 nempe
1039 2426 1313 2477 [Nicodemus]
1334 2426 1370 2462 in
1391 2424 1456 2461 illa
1481 2424 1604 2474 priore

155 2491 308 2530 actione
329 2504 494 2540 nequam
515 2490 659 2528 artibus
680 2495 720 2526 et
737 2489 958 2536 imposturis
979 2502 1059 2523 rem
1080 2501 1218 2536 gei-ens
1244 2484 1604 2522 comminiscebatur

154 2564 273 2589 unum
300 2548 545 2588 solummodo!
571 2555 725 2593 testem,
755 2547 974 2598 Pyretidem
1008 2547 1185 2597 aliquem,
1217 2545 1286 2582 sibi
1317 2551 1458 2595 praesto
1488 2544 1604 2581 fuisse

158 2625 323 2650 sororem
344 2612 592 2663 desponsuro‚
608 2610 638 2647 si
659 2609 716 2647 dis
733 2610 859 2660 placet
872 2609 943 2657 (ait
961 2608 1062 2646 enim
1079 2606 1362 2657 despondisse),
1379 2606 1457 2642 viro
1474 2606 1604 2643 claris-

160 2675 256 2712 simo
282 2673 534 2711 substantiam
554 2672 667 2709 trium
689 2671 917 2709 talentorum
943 2670 1103 2707 tenenti.
1160 2669 1208 2705 Et
1227 2668 1339 2717 hujus
1360 2667 1411 2704 rei
1432 2667 1603 2704 testimo-

162 2735 264 2772 ninm
275 2734 477 2772 exhibuere
491 2741 569 2771 tum
586 2746 660 2770 non
674 2745 695 2769 a
708 2738 805 2769 teste
822 2737 1011 2781 praesente
1024 2742 1151 2766 coram
1163 2727 1359 2779 judicibus
1369 2740 1434 2765 ore
1447 2727 1605 2772 editum,

162 2796 231 2834 sed
247 2796 426 2845 scriptum
443 2795 610 2832 absentis
628 2794 775 2831 nomine
796 2794 842 2830 ab
860 2792 972 2842 ipsis;
1004 2792 1106 2841 quod
1124 2790 1383 2828 testimonium
1399 2791 1479 2841 ipse
1498 2790 1607 2841 Pyre-

162 2859 258 2896 tides
278 2871 300 2894 a
320 2870 360 2894 sc
381 2864 446 2894 aut
465 2858 588 2894 verbis
609 2856 797 2907 proditum
819 2863 883 2891 aut
902 2853 1021 2890 literis
1042 2853 1310 2903 consignatum
1330 2853 1447 2890 fuisse
1470 2853 1603 2890 infitia-

164 2927 235 2963 tur,
252 2917 515 2967 sarcinamque
534 2917 634 2955 hanc
654 2930 768 2965 quam
787 2916 820 2952 1ιί
839 2915 1006 2952 humeris
1021 2914 1101 2963 ejus·
1120 2913 1336 2964 impositum
1353 2914 1472 2952 issent
1487 2915 1604 2951 susci-
