1870 3277
602 193 825 231 CONTRA
856 194 1201 232 LEOCRATEM.
1540 196 1617 233 459

179 292 370 331 Leocratis
391 293 487 332 servi
507 300 544 332 et
563 295 712 333 ancillae
731 308 861 334 eorum
876 308 964 345 quae
982 296 1195 333 confessuri
1213 303 1322 334 erant
1339 297 1541 348 quicquam
1562 298 1615 335 in·

176 354 290 392 ficiati
318 355 481 394 fuissent
509 369 622 406 quam
656 371 702 395 ea
729 371 817 408 quae
844 369 920 394 non
952 364 1082 395 essent
1110 364 1246 395 contra
1278 358 1472 396 dominum
1501 372 1613 397 suum

175 415 337 452 mentiti.

233 480 292 516 10.
322 479 384 517 Ad
403 479 487 516 haec
507 479 708 518 Leocrates
733 479 1004 517 vociferabitur
1032 486 1219 524 actutum,
1240 481 1341 530 quod
1374 493 1507 530 expers
1534 480 1613 517 elo-

174 540 342 588 quentiae
363 540 441 591 ipse
461 542 508 579 ab
528 541 687 578 oratoris
706 548 744 578 et
762 540 1048 578 calumniatoris
1077 540 1182 591 gravi
1206 540 1376 578 oratione
1396 542 1430 578 vi
1449 542 1614 592 accipia-

172 607 246 638 tur.
278 601 364 651 Ego
383 609 511 639 autem
529 608 622 652 puto
643 602 820 639 omnibus
840 602 946 639 vobis
967 609 1159 646 constare,
1175 601 1279 651 quod
1292 602 1472 639 orationis
1495 602 1616 652 gravi-

172 668 252 700 tate
271 663 492 713 pollentium
513 663 818 713 tentantiumque
833 663 1056 701 calumniari
1074 676 1170 713 opus
1190 663 1238 700 sit
1258 663 1369 700 simul
1386 663 1488 700 istud
1503 663 1613 708 velle,

172 730 286 772 atque
318 723 448 760 itidem
483 736 655 773 quaerere
681 722 786 761 locos
816 723 931 761 hosce
963 723 1101 773 quibus
1128 722 1302 761 fallacias
1334 722 1518 761 adversus
1550 737 1614 762 eos

170 782 397 832 quibuscum
415 791 564 821 certant
582 783 778 822 intendere
799 784 970 835 possint3
999 797 1065 821 eos
1084 796 1189 829 vero,
1212 784 1277 834 qui
1292 784 1378 834 jure
1392 784 1538 835 judicia
1558 787 1613 822 in-

169 843 330 881 stituant
348 844 610 894 obnoxiosque
631 845 721 883 diris
742 845 1019 891 demonstrent,
1038 845 1156 883 videri
1176 845 1326 882 diversa
1344 846 1470 883 facere
1490 847 1537 883 ab
1556 846 1614 892 iis,

169 905 327 955 perinde
347 919 394 944 ac
414 919 483 944 nos
505 906 679 945 facimus.
736 907 800 945 Sic
828 914 956 945 autem
986 907 1155 957 cogitate
1174 906 1223 946 de
1242 906 1300 944 his
1324 907 1428 957 apud
1447 915 1614 945 vosmet-

170 965 299 1015 ipsos:
330 980 425 1017 quos
445 967 683 1017 impossibile
712 975 794 1005 erat
818 968 1060 1006 vehementia
1088 967 1409 1020 apparatibusque
1431 969 1613 1006 orationis

168 1028 376 1066 seducere?
422 1030 656 1080 [Famulos.]
704 1030 858 1068 Natura
876 1031 991 1081 igitur
1011 1031 1211 1069 tormentis
1233 1031 1438 1068 examinati
1458 1043 1612 1069 omnem

167 1089 364 1126 veritatem
384 1089 432 1128 de
451 1090 627 1128 omnibus
647 1090 801 1141 flagitiis
823 1091 959 1129 dicturi
979 1098 1087 1129 erant
1105 1099 1144 1129 et
1161 1092 1260 1129 servi
1286 1100 1324 1130 et
1344 1092 1513 1131 ancillae:
1543 1093 1612 1131 sed

167 1148 238 1186 hos
259 1150 462 1189 Leocrates
483 1152 633 1190 tradere
653 1152 845 1199 devitavit,
860 1153 974 1204 idque
995 1166 1071 1191 non
1091 1153 1251 1199 alienos,
1271 1154 1337 1191 sed
1360 1167 1464 1193 suos.
1506 1154 1614 1198 Quos

166 1217 291 1249 autem
317 1213 495 1261 possibile
514 1226 599 1251 esse
613 1214 762 1252 videtur
776 1214 898 1252 verbis
913 1227 1132 1265 permovere
1150 1215 1429 1266 humoremque
1447 1216 1613 1267 ipsorum

166 1271 335 1310 lenitatis
355 1273 532 1324 lacrymis
559 1275 608 1312 ad
638 1275 937 1313 misericordiam
962 1276 1197 1326 provehere?
1226 1277 1395 1315 Judices.
1461 1277 1522 1315 Ad
1542 1278 1613 1316 hos

165 1345 249 1370 sese
278 1333 478 1372 Leocrates
505 1336 638 1385 patriae
664 1336 833 1387 proditor
859 1337 1034 1384 contulit,
1053 1337 1148 1375 nihil
1169 1337 1274 1376 aliud
1301 1346 1479 1390 spectans
1499 1353 1612 1391 quam

165 1401 340 1432 metuens
361 1409 408 1433 ne
424 1409 470 1433 ex
489 1397 623 1435 eadem
645 1397 760 1435 domo
779 1406 818 1435 et
836 1398 1110 1449 redarguentes
1126 1412 1223 1450 opus
1237 1400 1316 1450 ejus
1333 1409 1373 1438 et
1387 1401 1613 1451 redargutus

165 1457 409 1496 convictusve
437 1459 518 1509 ipse
549 1458 749 1509 prodeant.
807 1459 909 1502 Quid
938 1460 1039 1496 enim
1065 1473 1161 1511 opus
1181 1468 1263 1498 erat
1280 1462 1527 1511 praetextibus
1549 1470 1615 1501 aut

164 1516 288 1556 verbis
303 1525 370 1556 aut
381 1519 712 1557 consideratione?
740 1519 908 1570 Simplex
925 1527 985 1557 est
997 1520 1161 1571 justitia,
1175 1521 1299 1559 facilis
1316 1535 1373 1560 res
1388 1529 1446 1560 est
1461 1524 1615 1570 veritati,

164 1579 289 1616 brevis
318 1579 553 1630 redargutio.
610 1580 650 1617 Si
680 1580 845 1618 fateatur
874 1593 935 1626 ea,
956 1593 1118 1631 quorum
1147 1595 1266 1620 causa
1285 1592 1506 1630 accusatur,
1527 1598 1615 1624 vera

165 1651 250 1677 esse
270 1646 311 1677 et
331 1649 480 1686 sancta,
502 1654 570 1679 cur
594 1654 670 1678 non
691 1644 806 1690 Juxta
826 1641 956 1692 legum
976 1655 1198 1693 expressam
1218 1645 1446 1682 sententiam
1467 1647 1614 1697 suppli—

165 1700 225 1737 cio
237 1700 419 1741 afficitur?
447 1703 505 1739 sin
526 1702 611 1739 haec
630 1714 719 1740 vera
738 1715 822 1741 esse
841 1702 1046 1748 inficietur,
1067 1717 1134 1741 cur
1154 1717 1229 1742 non
1247 1705 1404 1743 tradidit
1424 1719 1554 1746 servos
1575 1715 1613 1745 et

165 1762 350 1800 ancillas?
380 1763 504 1801 Decet
517 1763 615 1801 enim
631 1763 856 1814 proditionis
877 1763 1138 1802 insimulatum
1159 1772 1197 1803 et
1218 1766 1367 1804 tradere
1389 1775 1428 1805 et
1447 1775 1612 1806 tormen-

165 1829 287 1860 torum
307 1824 586 1874 quaestionibus
606 1825 826 1864 examinare
841 1827 995 1864 servitia
1008 1840 1054 1865 ac
1074 1827 1221 1865 nullam
1238 1829 1611 1869 accuratissimarum

162 1883 496 1934 investigationum
515 1886 790 1937 subterfugere.
848 1887 926 1925 Sed
950 1887 1043 1925 nihil
1060 1888 1195 1926 horum
1218 1890 1315 1940 egit:
1347 1888 1539 1929 enimvero
1559 1898 1613 1931 te-

163 1944 383 1983 stimonium
404 1946 452 1984 de
468 1946 594 1997 seipso
615 1948 830 1997 perhibens,
845 1949 949 1998 quod
971 1949 1019 1987 sit
1034 1950 1168 2001 patriae
1184 1951 1355 2001 proditor
1368 1959 1407 1990 et
1417 1952 1611 2004 religionis

162 2012 202 2044 et
221 2006 364 2056 legum,
378 2007 535 2058 dignum
549 2009 722 2047 censebit
740 2017 778 2047 et
796 2010 1003 2049 contendet
1021 2019 1065 2049 ut
1082 2025 1150 2050 vos
1166 2014 1355 2051 contraria
1370 2014 1446 2052 suis
1467 2022 1507 2053 et
1519 2028 1610 2053 con-

163 2068 392 2107 fessionibus
412 2082 457 2107 ac
476 2070 702 2109 testimoniis
723 2070 952 2110 decernatis.
1009 2074 1062 2111 At
1079 2074 1147 2124 qui
1169 2074 1318 2125 justum
1347 2082 1408 2113 est
1434 2082 1477 2114 ut
1508 2089 1609 2122 eum,

161 2130 227 2180 qui
246 2131 509 2170 defensionem
525 2133 583 2170 sui
603 2140 641 2171 et
659 2146 706 2171 ex
722 2133 804 2171 aliis
824 2134 1015 2185 plerisque
1031 2143 1070 2173 et
1086 2149 1134 2174 ex
1149 2150 1195 2175 eo
1209 2138 1312 2188 quod
1328 2151 1404 2175 non
1419 2139 1610 2190 acceperit

155 2193 282 2243 justas
305 2194 545 2233 conditiones
567 2196 779 2241 abstulerit,
801 2196 933 2235 sinatis
955 2198 1060 2236 vobis
1080 2198 1171 2249 ipsis
1191 2213 1307 2252 super
1327 2201 1466 2252 apertis
1487 2202 1608 2240 scele-

162 2257 291 2295 ribus
283 2271 504 2309 imponere
490 2258 507 2285 ‘2
535 2258 583 2296 de
603 2259 735 2298 libello
753 2259 881 2310 itaque
900 2272 977 2311 quo
997 2261 1151 2301 servitia
1164 2262 1213 2300 ad
1225 2264 1478 2314 quaestionem
1493 2265 1607 2303 citata

163 2325 268 2363 sunt,
290 2325 329 2356 et
360 2319 514 2358 crimine
543 2320 649 2370 quod
676 2321 919 2359 manifestum
952 2322 1013 2369 sit,
1033 2328 1128 2374 puto
1157 2336 1223 2362 vos
1254 2324 1419 2370 abunde,
1441 2324 1605 2376 judices,

164 2378 359 2418 didicisse.

223 2441 282 2477 ll.
324 2439 472 2483 Quibus
500 2448 627 2479 autem
659 2442 896 2493 temporibus
926 2450 967 2482 et
994 2446 1148 2495 quantis
1183 2446 1361 2496 periculis
1392 2447 1602 2497 expositam

163 2502 297 2540 urbem
334 2501 556 2552 prodiderit,
586 2516 764 2542 revocare
793 2517 860 2543 vos
900 2506 950 2543 ad
987 2507 1206 2544 memoriam
1237 2507 1339 2546 volo.
1404 2508 1482 2546 Sed
1512 2508 1607 2546 heus

165 2562 297 2613 accipe
316 2562 419 2609 mihi,
441 2563 578 2610 scriba,
598 2564 792 2604 decretum
814 2565 1030 2617 Hyperidis,
1052 2574 1092 2605 et
1111 2567 1210 2619 lege.

728 2667 1052 2706 DECRETUM.

165 2739 317 2779 Auditis
336 2741 846 2795 decretum,judices,quod
872 2752 1062 2791 senatum,
1078 2747 1310 2798 quingentos
1331 2749 1520 2798 nimirum,
1540 2751 1607 2790 de-

163 2802 351 2841 scendere
369 2803 418 2841 ad
438 2803 641 2851 Piraeeum,
655 2812 699 2844 ut
717 2813 902 2846 statueret
915 2807 962 2845 de
976 2808 1149 2847 custodia
1162 2809 1312 2856 Piraeei,
1326 2819 1512 2850 armatum
1526 2813 1609 2864 pla-

163 2863 255 2908 cuit,
283 2870 401 2914 utque
427 2864 636 2904 instructus
662 2874 762 2905 esset
791 2868 1000 2919 transigere
1019 2869 1124 2920 quod
1146 2870 1337 2910 videretur
1357 2873 1500 2924 populo
1518 2887 1610 2912 con—

163 2924 318 2963 ducere.
376 2925 426 2963 At
443 2938 544 2972 vem,
555 2927 724 2976 judices,
745 2929 774 2968 si
796 2930 888 2968 rude
908 2930 1055 2976 donati,
1077 2938 1118 2970 ut
1139 2945 1206 2982 pro
1227 2933 1316 2973 urbe
1336 2935 1611 2981 consului-,ent
