1870 3277
644 191 722 228 AD
751 188 1070 227 PH1L1PPUM.
1543 190 1594 225 55

129 305 332 335 censeam;
367 298 531 342 utraque
561 292 662 329 enim
692 291 917 342 hujusmodi
947 298 1113 328 conatus
1149 290 1262 328 facile
1296 291 1593 328 interturbaret:

128 368 245 401 nunc,
267 367 386 405 quum
413 353 563 391 videam
594 366 726 391 omnes
758 354 876 390 urbes
904 352 1193 391 calamitatibus
1223 353 1336 403 quasi
1369 361 1596 403 exaequatas

126 430 222 461 esse,
245 416 356 454 aliter
377 417 523 459 senti0;
556 428 677 466 quare
699 415 768 452 has
790 414 964 452 civitates
994 414 1201 452 commoda
1229 415 1450 452 concordiae
1479 416 1595 466 longe

128 477 356 528 praelaturas
380 477 618 528 superiorum
639 476 835 514 actionum
853 476 1005 513 lucellis
1027 476 1218 513 existimo.

186 540 247 576 16.
277 539 433 576 Deinde
461 552 484 576 a
510 546 736 576 caeterorum
769 537 988 575 mortalium
1018 537 1170 574 nemine
1198 537 1236 573 in
1264 536 1511 574 concordiam
1531 550 1596 574 eas

126 613 244 651 posse
264 600 394 638 reduci
416 600 617 645 assentior,
639 599 706 637 tibi
728 606 855 636 autem
887 599 979 635 nihil
1000 598 1191 650 ejusmodi
1214 598 1370 635 difficile
1390 605 1463 644 est,
1482 612 1597 649 quem

129 662 248 699 multa
267 661 478 712 perfecisse
501 660 649 698 videam
680 673 767 710 quae
795 660 880 699 aliis
906 660 1148 711 desperanda
1170 668 1208 697 et
1229 659 1470 697 admirabilia
1487 660 1598 698 ‚vide-

128 731 280 768 rentur;
309 735 429 773 quare
457 722 590 760 mirum
618 736 696 760 non
718 722 799 766 erit,
822 723 853 760 si
873 729 913 759 tu
937 723 1043 760 solus
1066 722 1181 760 etiam
1204 723 1288 759 haec
1308 722 1483 773 potueris
1504 734 1597 759 con-

129 785 252 834 sequi.
311 784 448 834 Magni
470 791 599 821 antem
622 791 659 821 et
676 783 901 822 excellentis
922 784 1039 821 animi
1059 791 1120 821 est
1139 796 1216 820 non
1233 796 1278 821 ea
1299 783 1496 833 suscipere
1511 796 1599 833 quae

127 852 312 896 praestare
341 845 466 895 quivis
494 858 513 881 e
542 845 686 896 populo
715 845 853 896 possit,
875 845 946 882 sed
975 845 1043 882 illa
1071 858 1159 895 quae
1191 857 1304 883 nemo
1338 844 1435 881 alius
1468 845 1599 882 conari

129 906 273 944 audeat
293 906 365 943 nisi
387 913 426 943 et
447 906 605 956 ingenio
626 906 693 944 tibi
712 919 781 956 par
801 913 841 944 et
861 907 1047 957 potentia.

186 971 246 1006 1’7.
278 969 456 1006 Demiror
475 968 671 1019 equidem,
691 969 721 1007 si
742 969 808 1019 qui
828 969 964 1007 horum
986 969 1130 1020 aliquid
1153 969 1285 1021 perfici
1306 981 1419 1020 posse
1441 976 1600 1019 negant,

129 1045 199 1069 nec
220 1031 279 1069 vel
309 1031 382 1082 ipsi
410 1031 537 1068 sciunt
554 1030 616 1068 vel
646 1043 694 1068 ex
728 1030 811 1068 aliis
838 1031 1069 1069 audiverunt
1096 1032 1220 1069 multa
1251 1038 1289 1069 et
1319 1030 1464 1068 atrocia
1497 1029 1601 1067 bella

129 1093 331 1139 exarsisse,
354 1107 443 1144 quae
463 1093 530 1143 qui
550 1092 813 1144 deposuerunt
833 1093 1009 1131 maximis
1030 1093 1130 1131 ultro
1152 1095 1328 1143 citroque
1346 1106 1386 1130 se
1402 1092 1600 1130 beneficiis

131 1155 358 1193 affecerunt.
435 1155 706 1206 Quicquamne
745 1155 795 1193 ad
833 1156 1138 1206 magnitudinem
1181 1156 1259 1194 odii
1295 1156 1525 1193 Graecorum
1564 1155 1601 1192 in

132 1219 297 1256 Xerxem
327 1219 512 1256 accedere
542 1218 762 1268 potuisset?
811 1219 862 1256 At
888 1219 1002 1269 hujus
1031 1219 1200 1257 amicitia
1227 1218 1393 1256 universi
1414 1217 1542 1255 sciunt
1562 1224 1601 1255 et

130 1294 198 1318 nos
219 1290 256 1317 et
277 1280 596 1318 Lacedaemonios
619 1280 741 1328 magis
763 1292 849 1316 esse
871 1279 1086 1317 delectatos
1107 1293 1226 1330 quam
1246 1293 1376 1317 eorum
1399 1279 1462 1329 qui
1485 1280 1600 1317 utris-

129 1354 204 1391 que
245 1348 417 1379 nostrum
457 1341 719 1379 constituendi
757 1340 904 1391 imperii
940 1341 1136 1391 adjutores
1171 1342 1335 1379 fuerant.
1405 1342 1600 1385 Quorsum

129 1412 257 1442 autem
280 1413 409 1443 vetera
429 1405 495 1442 illa
515 1412 553 1442 et
573 1404 773 1442 barbarica
793 1404 934 1441 referre
956 1404 1122 1442 attinet?
1170 1405 1268 1441 Nam
1298 1405 1327 1441 si
1354 1404 1438 1456 quis
1468 1404 1600 1442 clades

130 1467 359 1505 Graecorum
389 1467 583 1505 intueatur
604 1473 644 1504 et
661 1466 895 1511 consideret,
918 1479 965 1503 ne
987 1467 1147 1504 minima
1171 1467 1326 1517 quidem
1354 1479 1443 1518 pars
1469 1479 1601 1504 eorum

129 1529 315 1567 malorum
339 1542 423 1567 esse
441 1528 644 1566 videantur
663 1542 750 1578 quae
772 1527 1057 1567 Lacedaemonii
1085 1529 1195 1566 nobis
1221 1528 1473 1578 Thebanique
1502 1536 1603 1566 attu-

129 1591 270 1630 lerunt.
339 1591 485 1628 Tamen
517 1603 635 1641 quum
673 1590 957 1627 Lacedaemonii
985 1597 1121 1627 contra
1148 1590 1360 1628 Thebanos
1390 1591 1599 1628 exercitum

130 1652 322 1690 ducerunt
343 1665 388 1689 ac
410 1652 598 1689 Boeotiam
621 1659 775 1689 vastare
801 1659 839 1690 et
864 1652 980 1689 urbes
1003 1651 1187 1701 dissipare
1211 1651 1369 1696 vellent,
1391 1664 1460 1689 nos
1485 1665 1599 1702 opem

131 1713 285 1751 tulimus
307 1720 345 1751 et
366 1713 668 1764 compressimus
691 1726 824 1751 eorum
845 1713 1104 1764 cupiditates:
1137 1726 1282 1757 rursus,
1304 1725 1424 1763 quum
1453 1720 1602 1750 mutata

130 1775 286 1812 fortuna
304 1775 478 1813 Thebani
498 1782 536 1812 et
557 1774 876 1825 Peloponnenses
905 1787 1039 1811 omnes
1064 1774 1242 1824 Spartam
1271 1787 1290 1811 e
1320 1774 1447 1810 medio
1469 1773 1601 1811 tollere

132 1839 432 1881 conniterentur‚
451 1851 521 1875 nos
538 1836 610 1875 soli
626 1836 795 1874 omnium
813 1836 1042 1874 Graecorum
1066 1835 1382 1873 Lacedaemonios
1404 1834 1497 1872 inita
1512 1848 1598 1872 cum

134 1901 188 1937 eis
217 1899 403 1937 societate
434 1898 761 1936 conservavimus.
820 1897 1052 1936 Vaecordem
1083 1897 1198 1947 igitur
1227 1897 1384 1935 omnino
1411 1910 1497 1934 eum
1519 1910 1604 1935 esse

133 1974 295 2000 necesse
326 1969 387 1999 est
416 1961 496 2011 qui,
517 1974 636 2011 quum
668 1967 796 1998 tantas
828 1959 1059 1997 mutationes
1088 1959 1167 1996 fieri
1190 1959 1332 2004 videat,
1358 1958 1601 1996 etc-ivitates

133 2037 257 2073 neque
283 2023 565 2060 inimicitiarum
594 2034 720 2071 neque
734 2020 986 2071 jurisjurandi
1007 2033 1134 2070 neque
1155 2019 1269 2057 ullius
1291 2020 1342 2057 rei
1363 2019 1521 2057 alterius
1542 2033 1601 2057 ra-

133 2085 274 2122 tionem
307 2085 449 2122 ducere
482 2083 555 2120 nisi
587 2084 618 2121 si
647 2082 742 2133 quid
769 2082 840 2120 sibi
867 2083 1115 2133 profuturum
1149 2089 1301 2132 putent,
1329 2081 1447 2132 idque
1475 2081 1599 2119 solum

134 2146 312 2196 amplecti
329 2146 366 2182 in
381 2158 505 2195 eoque
521 2144 775 2195 adipiscendo
790 2154 827 2181 et
844 2143 1113 2181 conservando
1130 2142 1223 2180 nihil
1238 2143 1469 2186 nonfacere,
1482 2143 1598 2181 etiam

132 2222 234 2246 nunc
255 2207 392 2246 eodem
408 2208 535 2245 animo
556 2220 620 2244 eas
643 2207 724 2244 fore
740 2219 816 2243 non
833 2205 998 2257 putabit,
1016 2212 1053 2243 te
1069 2205 1282 2256 praesertim
1299 2212 1455 2242 auctore
1470 2206 1602 2256 pacifi-

130 2269 306 2314 cationis,
318 2276 356 2307 et
370 2269 533 2307 utilitate
548 2268 757 2313 alliciente,
772 2275 810 2305 et
824 2267 935 2304 malis
952 2266 1033 2304 istis
1050 2266 1310 2316 adigentibus.
1346 2266 1430 2317 Ego
1446 2266 1601 2316 quidem

131 2332 267 2369 harum
288 2344 413 2369 rerum
435 2330 658 2381 adjumento
679 2329 800 2367 fretus
821 2329 952 2366 omnia
971 2336 1075 2366 recte
1097 2328 1176 2365 fore
1199 2327 1289 2364 mihi
1309 2328 1538 2377 persuadeo.

191 2396 252 2432 18.
283 2395 384 2432 Puto
405 2401 533 2431 autem
555 2400 592 2431 te
613 2393 667 2431 sic
688 2392 803 2430 facile
823 2391 1198 2436 animadversurum,
1218 2396 1347 2427 utrum
1372 2391 1457 2427 istae
1483 2390 1599 2428 urbes

133 2463 267 2494 mutuo
289 2456 349 2494 vel
374 2455 461 2507 paci
481 2455 541 2492 vel
571 2454 672 2492 bello
697 2461 845 2504 paratae
869 2453 960 2498 sint,
984 2453 1015 2489 si
1044 2465 1171 2503 neque
1199 2451 1418 2502 simpliciter
1444 2464 1600 2502 prorsus

134 2531 256 2569 neque
278 2525 457 2556 accurate
487 2515 598 2554 nimis
622 2515 785 2553 maxima
805 2527 970 2566 quaeque
992 2514 1040 2552 de
1061 2513 1136 2552 hoc
1158 2526 1287 2551 earum
1309 2519 1413 2550 statu
1436 2526 1598 2564 percen-

134 2580 337 2617 suerimus.

134 2688 142 2694 ‘
192 2642 253 2678 19.
279 2641 336 2678 Ac
358 2641 521 2691 primum
541 2652 601 2677 res
620 2637 1005 2676 Lacedaemoniorum
1020 2637 1323 2676 consideremus.
1374 2636 1464 2681 Qui,
1481 2650 1598 2687 quum

135 2716 210 2740 non
230 2703 283 2740 ita
302 2703 391 2740 olim
413 2709 514 2739 terra
534 2701 705 2751 marique
723 2700 822 2738 inter
842 2700 1005 2738 Graecos
1027 2699 1329 2744 dominarentur,
1349 2704 1495 2736 tantam
1518 2712 1599 2736 mu-

135 2765 317 2803 tationem
338 2771 428 2816 post
447 2763 600 2801 cladem
622 2762 864 2801 Leuctricam
883 2770 1084 2812 acceptam
1102 2760 1250 2811 experti
1267 2767 1369 2805 sunt,
1386 2769 1425 2797 ut
1447 2768 1484 2798 et
1505 2762 1602 2811 prin-

137 2826 267 2876 cipatu
300 2826 462 2864 Graeciae
496 2826 751 2876 privarentur,
773 2832 811 2862 et
837 2837 902 2861 eos
931 2822 1031 2860 viros
1063 2822 1283 2859 amitterent
1314 2821 1378 2871 qui
1405 2834 1445 2858 se
1473 2822 1599 2871 potius

138 2886 230 2924 mori
252 2894 514 2938 praeoptarunt
535 2900 650 2937 quam
673 2886 795 2924 vivere
818 2886 939 2922 victos
955 2885 1002 2921 ab
1020 2884 1063 2921 iis
1080 2883 1480 2934 quibusimperarant.
1538 2884 1599 2921 Ad

137 2951 218 2987 liaec
239 2962 262 2987 a
282 2950 646 3001 Peloponnensibus
674 2948 866 2991 omnibus,
893 2946 958 2996 qui
989 2945 1093 2998 prius
1118 2959 1205 2983 cum
1230 2945 1322 2996 ipsis
1347 2952 1482 2982 contra
1509 2945 1601 2982 alios
