1870 3277
534 158 605 195 DE
636 157 841 196 PYRRHI
875 157 1250 195 HEREDITATE.
1534 160 1608 196 327

174 259 330 297 landum
354 258 489 304 vocati,
511 272 596 310 quae
617 272 724 298 sacra
756 266 909 310 peracta
931 259 1036 296 aiunt
1061 259 1208 296 decimo
1227 259 1288 297 die
1309 274 1330 297 a
1356 267 1446 298 nata
1466 259 1611 312 Pyrrho

175 320 262 365 filia,
282 333 367 370 quae
388 321 522 358 eadem
544 321 656 372 hujus
674 318 908 371 [Nicodemi]
929 333 975 356 ex
996 333 1124 357 sorore
1144 321 1267 370 neptis
1288 328 1358 365 est,
1382 335 1517 359 nomen
1534 335 1613 359 mu-

177 383 257 421 lieri
275 390 353 420 tum
374 397 395 421 a
414 390 520 434 patre
541 383 715 428 inditum,
737 384 782 420 ab
804 382 867 419 illo
887 381 975 419 inde
995 382 1069 427 die,
1099 383 1315 433 quicunque
1335 384 1396 421 ille
1417 385 1497 422 dies
1527 386 1611 431 fuit,

177 452 254 482 tam
280 445 396 495 longo
424 452 591 496 tempore
612 453 698 495 post
727 451 803 481 tam
825 445 945 493 probe
972 444 1322 482 commeminissent
1342 445 1499 496 ejusque
1529 460 1609 485 me-

176 518 299 544 mores
321 506 355 542 in
371 506 556 557 judicium
575 505 815 543 convenirent
836 517 1038 555 coramque
1051 505 1243 556 judicibus
1264 518 1283 542 e
1304 516 1406 543 certa
1420 509 1614 545 conscien-

175 566 229 603 tia
256 567 521 604 confirmarent
546 578 683 602 nomen
709 578 730 601 a
750 572 856 615 patre
885 565 970 602 filiae
997 566 1113 603 fuisse
1139 565 1236 602 idem
1257 566 1491 616 impositum,
1509 569 1613 618 quod

175 627 292 677 ipsius
313 627 445 678 Pyrrhi
473 634 591 663 mater
607 626 803 675 gessisset,
830 626 1023 664 Clitaretae
1043 634 1154 677 puta;
1184 628 1248 677 qui
1268 635 1392 665 autem
1419 628 1615 666 homi—num

174 690 343 726 omnium
362 689 482 725 eidem
498 695 585 724 sunt
594 687 914 737 propinquissimi,
927 695 1032 737 pater
1049 695 1087 725 et
1102 688 1313 726 avunculus
1329 697 1365 726 et
1386 696 1506 727 mater
1519 689 1615 739 ipsa,

177 763 313 787 nomen
330 748 584 799 ignoraverint
599 748 685 784 filiae
700 761 813 797 quam
832 761 896 797 pro
912 748 1046 799 Pyrrhi
1066 748 1142 786 filia
1159 749 1369 787 venditant.
1421 750 1506 787 ‘lzmo
1525 764 1615 789 veno

176 811 207 848 si
226 810 290 860 qui
311 810 385 854 alii,
408 810 444 847 hi
464 817 566 847 certe
580 810 748 846 omnium
771 809 835 845 uni
856 810 995 860 optime
1021 816 1132 860 atque
1152 809 1358 847 certissime
1378 824 1515 848 nomen
1534 825 1617 849 mu-

175 871 275 908 lieris
306 872 499 908 tenebant.
566 870 707 907 Verum
736 870 809 907 hoc
841 870 993 920 quidem
1030 871 1076 907 de
1112 871 1194 908 loco
1227 870 1398 921 pluribus
1432 872 1616 910 disserere

174 932 335 969 fortasse
357 931 597 982 postmodum
618 931 756 968 licebit.

225 995 262 1030 6.
293 993 352 1030 De
373 993 486 1044 hujus
508 1000 633 1029 autem
655 991 852 1029 Nicodemi
874 992 1090 1030 testimonio
1111 993 1265 1031 difficile
1286 1006 1361 1030 non
1381 1001 1440 1031 est
1456 1007 1505 1032 ex
1522 995 1616 1046 ipsis

177 1054 273 1092 adeo
293 1054 440 1104 legibus
460 1054 653 1104 colligere,
668 1053 705 1090 in
727 1066 771 1090 eo
787 1053 951 1091 dicendo
973 1054 1226 1092 Nicodemum
1245 1055 1300 1092 vita
1320 1069 1360 1092 se
1383 1056 1554 1106 gessisse
1575 1064 1617 1095 ut

176 1115 273 1153 inter
291 1128 421 1153 omnes
448 1122 599 1153 con—stet
626 1114 717 1152 illud
741 1115 996 1152 testimonium
1024 1117 1223 1167 perspicue
1242 1116 1524 1168 manifestoque
1547 1118 1617 1156 fal-

176 1189 260 1213 sum
294 1189 379 1214 esse
405 1176 563 1213 dictum.
622 1176 697 1213 Ubi
732 1176 845 1220 enim,
875 1176 1055 1226 quicquid
1092 1183 1133 1214 tu
1165 1176 1273 1214 alteri
1303 1178 1519 1228 nuptiarum
1552 1188 1618 1217 aut

176 1238 400 1275 matrimonii
422 1250 510 1288 ergo
537 1237 686 1275 dederis
717 1237 769 1274 ita
790 1245 830 1274 ut
856 1237 1049 1287 expressis
1070 1238 1192 1275 verbis
1214 1238 1316 1275 haud
1345 1239 1396 1276 sis
1416 1239 1617 1290 stipulatus

175 1307 212 1336 te
231 1300 327 1337 velle
348 1307 389 1336 ut
407 1299 443 1337 id
466 1308 528 1337 aut
544 1299 631 1337 loco
647 1300 747 1337 dotis
769 1300 817 1337 sit
837 1307 903 1337 aut
922 1300 958 1337 in
979 1307 1086 1350 parte
1106 1301 1204 1338 dotis
1220 1300 1405 1339 habeatur
1419 1311 1456 1339 et
1474 1311 1618 1353 paratae

168 1361 347 1410 pecuniae
362 1361 630 1410 aequiparetur,
651 1361 686 1397 id
708 1360 774 1398 tibi
795 1360 1034 1411 postmodum
1055 1369 1226 1411 repetere
1243 1375 1317 1399 non
1338 1362 1445 1407 licet,
1473 1364 1503 1400 si
1522 1365 1620 1402 forte

175 1421 241 1458 fiat
261 1429 303 1459 ut
322 1429 387 1459 aut
408 1435 500 1458 uxor
520 1429 655 1473 sponte
676 1435 745 1458 sua
766 1422 940 1459 maritum
962 1422 1111 1459 deserat
1138 1429 1205 1460 aut
1224 1424 1380 1461 maritus
1400 1437 1483 1461 eam
1504 1424 1618 1463 domo

176 1484 360 1536 expellat,
379 1491 521 1535 quanto
550 1484 611 1521 ille
633 1483 752 1534 magis
778 1484 949 1534 arguitur
975 1497 1059 1521 esse
1079 1483 1272 1521 hominum
1302 1486 1471 1522 omniu-m
1497 1486 1620 1537 impu-

174 1545 421 1583 dentissimus
449 1545 621 1598 quieuit,
641 1558 727 1582 cum
748 1544 859 1582 alicui
887 1557 1056 1582 sororem
1077 1547 1114 1582 in
1142 1557 1293 1582 manum
1323 1546 1445 1592 daret,
1474 1553 1555 1584 tum
1575 1560 1619 1585 se

176 1607 229 1644 nil
248 1619 400 1644 curasse
421 1607 467 1643 de
488 1606 576 1644 dote
598 1607 667 1643 sibi
697 1606 834 1644 caveri.
890 1607 1043 1657 Ecquid
1073 1607 1172 1644 enim
1191 1607 1257 1644 tibi
1284 1608 1493 1658 profuisset
1516 1622 1621 1647 soro-

177 1682 258 1707 rem
273 1669 536 1719 despondisse,
558 1668 588 1705 si
605 1668 860 1706 commisisses
874 1676 930 1713 ut,
944 1668 1004 1706 cui
1024 1675 1064 1705 tu
1082 1682 1166 1707 eam
1186 1669 1472 1720 despondisses,
1489 1670 1526 1707 in
1539 1671 1620 1722 ejus

178 1731 311 1769 fuisset
333 1731 485 1769 arbitrio
512 1731 616 1768 illam
646 1744 774 1768 rursus
807 1743 875 1781 pro
908 1730 1030 1767 lubitu
1057 1731 1367 1782 quandocunque
1394 1732 1622 1782 repudiare?

177 1792 329 1829 Fuisset
349 1798 474 1829 autem
495 1791 532 1828 in
548 1791 629 1842 ejus
646 1790 817 1842 [Pyrrhi]
838 1791 992 1828 arbitrio
1012 1791 1192 1837 futurum,
1216 1805 1373 1830 uxorem
1395 1806 1526 1830 rursus
1553 1793 1618 1831 ubi

175 1852 348 1890 libuisset
368 1851 581 1903 repudiare,
601 1852 630 1889 si
646 1853 685 1890 ‹ei
704 1865 792 1889 cum
813 1851 1028 1889 Nicodemo
1046 1851 1094 1889 de
1114 1852 1334 1902 praestanda
1353 1853 1441 1891 dote
1456 1853 1513 1891 nil
1532 1867 1622 1892 con-

176 1914 358 1952 venisset.
416 1913 460 1950 In
482 1912 668 1951 hanccine
685 1913 807 1964 legem
828 1913 1103 1951 existimandus
1123 1920 1182 1951 est
1197 1913 1434 1952 Nicodemus
1454 1928 1620 1954 sororem

176 1974 365 2014 avunculo
396 1981 527 2012 nostro
548 1973 829 2025 despondisse?
858 1974 1065 2025 praesertim
1086 1975 1151 2025 qui
1172 1975 1287 2012 sciret
1312 1988 1396 2013 eam
1418 1989 1464 2013 ex
1489 1989 1622 2014 eorum

177 2038 406 2088 quibuscum
427 2037 692 2074 consuevisset
716 2035 821 2073 nullo
846 2036 1055 2086 peperisse,
1076 2035 1260 2086 legesque
1289 2043 1420 2074 nosset
1442 2037 1516 2088 ipsi
1537 2038 1622 2088 [Ni-

176 2097 356 2147 codemo]
373 2098 500 2135 dotem
515 2096 734 2148 adjudicare
749 2109 836 2134 crum
849 2096 984 2134 marito
1001 2097 1326 2147 compromissam,
1339 2097 1369 2135 si
1384 2099 1623 2150 contingeret

174 2168 217 2198 ut
233 2174 279 2199 ea
299 2160 379 2198 sine
398 2159 502 2211 prole
527 2158 762 2197 decederet?
800 2159 922 2196 1Estne
950 2159 1168 2210 quisquam,
1191 2159 1252 2196 cui
1277 2159 1514 2198 Nicodamus
1542 2167 1620 2199 tam

175 2223 334 2274 supinus
354 2229 431 2260 tam
457 2234 584 2259 secors
612 2228 695 2259 tam
724 2220 822 2258 lucri
848 2228 1088 2272 contemptor
1111 2234 1197 2259 esse
1216 2220 1406 2269 videatur,
1429 2229 1470 2260 ut
1488 2223 1619 2274 hujus-

175 2284 277 2321 rnodi
312 2282 568 2322 clausularum
598 2290 712 2333 atque
745 2282 966 2333 pactionum
1000 2281 1117 2319 ullam
1150 2281 1356 2320 obliviosus
1386 2283 1618 2334 praetereat?

172 2345 271 2384 Mihi
289 2346 440 2397 quidem
466 2345 550 2383 haec
578 2358 654 2382 non
673 2344 825 2383 videtur
849 2344 1063 2384 Nicodemo
1078 2345 1231 2383 ¹indoles
1252 2358 1349 2383 esse.
1407 2346 1515 2384 Itane
1530 2359 1619 2384 vero

174 2421 286 2460 porro
307 2419 457 2459 quoque
479 2413 607 2444 noster
627 2406 842 2445 avunculus
868 2408 914 2445 ab
934 2420 979 2445 eo
1004 2406 1184 2458 dignatus
1200 2406 1338 2444 fuisset
1358 2420 1526 2444 sororem
1547 2407 1617 2445 sibi

176 2482 332 2507 uxorem
364 2476 505 2520 petere,
529 2468 593 2519 qui
624 2468 772 2507 actione
790 2468 1076 2520 ‘peregrinitatis
1107 2469 1154 2506 ab
1179 2480 1258 2505 uno
1282 2467 1457 2518 quodam
1488 2481 1619 2506 eorum

176 2531 411 2583 phratorum,
432 2530 570 2581 quibus
594 2530 675 2580 ipse
694 2543 785 2569 «sese
807 2537 980 2581 arrogat,
992 2530 1230 2581 exagitatus,
1249 2538 1291 2566 et
1311 2528 1348 2566 in
1374 2536 1451 2567 tam
1479 2542 1621 2581 anceps

178 2592 397 2631 amittendae
417 2591 580 2630 civitatis
598 2591 811 2630 discrimen
824 2592 1019 2630 :adductus
1050 2591 1185 2629 fuisset
1207 2597 1260 2635 ut,
1280 2590 1383 2641 quod
1403 2590 1495 2628 civis·
1515 2601 1622 2630 nunc

175 2655 222 2692 sit
242 2654 490 2698 Nicodemus,
511 2653 547 2691 id
571 2661 733 2704 quatuor
751 2654 993 2693 solummodo
1012 2652 1203 2703 suffragiis
1220 2651 1389 2690 debeat?
1418 2652 1491 2691 hoc
1515 2655 1620 2693 renim

179 2728 334 2753 numero
350 2714 593 2753 excedebant
621 2715 804 2766 suffragia
827 2714 1110 2753 absolventium
1132 2726 1330 2751 numerum
1358 2713 1621 2755 condemnan—

185 2776 292 2814 tium.
351 2776 466 2818 Quod
485 2782 694 2815 utconetet
712 2789 799 2814 vene
808 2790 835 2814 a
852 2789 913 2814 :me
929 2775 1018 2820 dici,
1041 2774 1160 2813 recita
1173 2781 1219 2811 vtu
1237 2774 1311 2813 hoc
1327 2774 1599 2815 ¹testimouium.
