1870 3277
233 153 304 188 128
647 156 934 194 lsOCRATIS
970 157 1278 196 EVAGORAS.

228 265 351 297 coetus
382 257 617 295 eruditorum
646 258 760 296 editae
799 260 928 310 magni
961 260 1039 298 fieri
1071 273 1116 298 ac
1143 260 1266 311 diligi,
1293 261 1396 311 apud
1426 273 1524 311 quos
1553 272 1640 298 esse
1660 259 1697 296 in

228 321 353 371 gloria
375 326 536 371 praestat
565 333 681 370 quam
706 321 810 372 apud
839 321 934 359 alios
962 322 1187 365 universos;
1220 321 1360 359 deinde
1388 322 1487 359 fictis
1519 330 1558 359 et
1590 321 1700 371 pictis

228 382 459 432 imaginibus
490 396 603 420 nemo
633 390 806 420 naturam
841 385 1012 434 corporis
1039 384 1283 435 expresserit,
1305 396 1430 422 mores
1459 391 1588 421 autem
1609 382 1702 420 alio-

229 457 311 482 rum
334 451 372 481 et
402 443 555 494 ingenia
585 458 672 494 quac
705 444 877 482 oratione
904 453 1230 496 repraesentantur
1261 445 1374 483 facile
1405 452 1464 483 est
1496 445 1648 491 imitari,
1669 445 1700 482 si

226 507 292 558 qui
308 507 514 558 repudiata
535 507 688 557 ignavia
710 507 776 544 viri
796 508 885 544 boni
902 520 989 545 esse
1010 507 1254 545 meditentur.

283 570 347 607 31.
378 567 467 612 Quo
506 568 688 606 libentius
729 568 843 606 etiam
876 568 1087 606 orationem
1119 569 1220 607 hanc
1254 568 1500 607 scribendam
1531 566 1699 618 suscepi,

228 631 335 682 quod
374 630 639 668 existimabam
675 637 714 667 et
746 630 813 668 tibi
849 637 888 668 et
916 632 991 669 tuis
1021 630 1149 668 liberis
1182 638 1219 668 et
1255 632 1406 669 caeteris
1437 631 1485 668 ab
1519 629 1701 680 Evagora

227 692 402 730 oriundis
432 691 550 742 longe
583 692 881 742 pulcherrimam
912 692 993 730 fore
1023 692 1345 738 adhortationem,
1375 694 1404 730 si
1431 692 1516 742 quis
1538 703 1701 741 congre-

228 761 340 806 gatas
361 753 443 804 ejus¹
463 753 626 791 virtutes
644 760 683 792 et
700 754 826 792 verbis
844 761 1049 793 exornatas
1068 753 1174 792 vobis
1197 754 1433 805 spectandas
1452 752 1703 804 quotidieque

228 815 440 853 versandas
476 815 654 853 manibus
692 823 809 867 atque
843 816 980 854 animis
1014 815 1248 854 tradidisset.
1319 815 1420 854 Nam
1455 822 1618 853 caeteros
1651 814 1701 853 ad

228 877 430 928 sapientiae
449 877 619 914 studium
635 877 816 915 laudibus
832 877 994 916 aliorum
1011 878 1217 929 propositis
1233 877 1492 924 exhortamur,
1507 883 1551 915 ut
1569 889 1702 914 earum

228 939 391 977 laudum
421 938 668 977 aemulatione
702 939 852 978 incitati
888 939 1095 978 earundem
1136 940 1253 978 etiarn
1286 940 1470 978 virtutum
1506 937 1702 977 desiderio

227 1001 536 1039 inflammentur:
571 1013 646 1051 ego
669 1014 757 1040 vero
790 1008 826 1040 te
857 1015 902 1040 ac
923 1009 1011 1040 tuos
1038 1015 1114 1040 non
1138 1002 1274 1040 alienis
1295 1001 1480 1052 exempliS
1512 1014 1607 1039 usus
1633 998 1702 1038 sed

230 1062 455 1101 domesticis
478 1063 623 1109 hortor,
651 1071 689 1101 et
720 1064 758 1100 in
787 1077 833 1102 eo
865 1063 1144 1102 elaborandum
1171 1065 1238 1102 tibi
1271 1077 1355 1102 esse
1386 1076 1542 1108 censeo,
1574 1075 1623 1100 ne
1643 1062 1704 1099 vel

228 1125 449 1176 eloquentia
468 1125 530 1163 vel
563 1125 728 1176 sapienti
753 1138 881 1163 rerum
915 1126 1249 1164 administratione
1279 1125 1359 1163 ullo
1389 1124 1617 1163 Graecorum
1650 1124 1703 1162 sis

223 1190 392 1228 inferior.

284 1253 346 1290 32.
379 1251 518 1301 Neque
535 1263 623 1288 vero
643 1257 758 1302 putes
780 1258 817 1289 te
834 1251 1009 1290 accusari
1039 1264 1061 1289 a
1079 1264 1141 1289 me
1164 1251 1342 1302 ignaviae,
1364 1249 1470 1301 quod
1493 1257 1532 1287 te
1552 1249 1602 1287 ad
1618 1261 1703 1287 eas-

228 1313 317 1351 dem
344 1325 404 1350 res
430 1312 544 1350 toties
564 1311 756 1350 exhortor.
817 1312 902 1351 Nec
923 1313 1025 1350 enim
1045 1313 1102 1350 vel
1127 1326 1187 1350 me
1207 1313 1267 1350 vel
1289 1312 1385 1350 alios
1406 1311 1589 1363 praeterit,
1609 1318 1646 1349 te
1666 1318 1705 1349 et

230 1375 355 1413 solum
372 1382 410 1413 et
429 1374 593 1425 primum
611 1387 757 1419 eorum,
772 1374 837 1424 qui
856 1375 965 1426 regia
982 1375 1172 1425 dignitate
1186 1375 1337 1426 praediti
1351 1375 1488 1425 opibus
1504 1381 1543 1411 et
1558 1373 1705 1411 deliciis

229 1436 520 1481 circumfluunt,
538 1435 738 1486 sapientiae
760 1436 930 1473 studium
953 1436 1173 1488 amplexum
1196 1437 1380 1474 honestos
1402 1436 1555 1474 labores
1575 1447 1705 1487 prom-

228 1498 401 1550 ptissime
427 1510 654 1548 capessere:
693 1510 765 1535 nec
796 1497 893 1535 illud
924 1498 1039 1536 etiam
1074 1499 1284 1536 obscurum
1317 1505 1388 1544 est,
1421 1497 1564 1535 multos
1592 1510 1704 1547 reges

229 1559 408 1610 exemplo
442 1558 631 1596 doctrinae
669 1565 746 1595 tuae
785 1558 979 1603 incitatos,
1014 1559 1167 1597 omissis
1204 1559 1248 1597 iis
1281 1560 1393 1596 rebus
1425 1559 1566 1609 quibus
1600 1571 1703 1596 nunc

230 1622 401 1672 impense
423 1620 610 1671 gaudent,
631 1620 735 1657 istud
763 1621 975 1659 studiorum
997 1628 1036 1661 et
1056 1620 1272 1672 disciplinae
1304 1633 1427 1671 genus
1455 1620 1706 1671 expetituros.

231 1683 377 1721 Verum
407 1695 495 1732 ego,
523 1682 699 1733 quamvis
730 1682 815 1720 haec
847 1684 981 1728 sciam,
1015 1683 1267 1721 nihilominus
1295 1689 1425 1720 tamen
1461 1689 1500 1720 et
1532 1682 1633 1720 facio
1667 1689 1706 1720 et

232 1745 373 1783 faciam
392 1744 496 1782 idem
519 1744 624 1795 quod
642 1745 678 1782 in
700 1744 803 1783 ludis
819 1745 1009 1796 gymnicis
1028 1757 1050 1782 a
1065 1744 1347 1797 spectatoribus
1365 1744 1443 1783 fieri
1465 1744 1587 1782 solet:
1615 1758 1706 1783 nam

229 1806 283 1844 illi
303 1805 519 1844 acclamant
541 1805 763 1844 cursoribus
785 1819 861 1844 non
884 1806 1160 1857 ignavissimis,
1177 1805 1245 1844 sed
1266 1806 1436 1843 victoriae
1456 1806 1651 1856 proximis.

286 1870 351 1906 33.
382 1867 514 1913 Quare
543 1880 673 1906 meum
704 1875 743 1905 et
761 1875 989 1906 caeterorum
1012 1869 1218 1907 amicorum
1241 1868 1410 1906 officium
1445 1874 1518 1914 est,
1548 1880 1594 1905 ea
1623 1875 1705 1906 tum

231 1929 361 1968 dicere
375 1936 456 1967 tum
478 1930 646 1968 scribere
667 1939 842 1981 perquae
864 1937 898 1967 te
919 1943 1102 1969 acuamus
1125 1930 1174 1968 ad
1191 1943 1238 1968 ea
1257 1930 1518 1968 desideranda
1534 1943 1622 1981 quae
1636 1930 1706 1969 tibi

230 1992 346 2031 etiam
367 2005 468 2030 nunc
489 1992 747 2043 placuerunt:
777 2000 813 2031 te
834 2006 925 2031 vero
946 1992 1062 2031 decet
1078 1993 1172 2031 nihil
1186 1992 1492 2044 praetermittere,
1512 1992 1582 2030 sed
1603 2000 1647 2031 ut
1665 1993 1705 2031 in

231 2054 436 2106 praesentia
457 2055 512 2092 sic
544 2055 582 2093 in
617 2064 817 2106 posterum
846 2067 998 2106 quoque
1027 2067 1159 2093 curam
1191 2054 1247 2094 tui
1275 2067 1422 2106 gerere,
1459 2061 1499 2093 et
1525 2067 1706 2094 exercere

230 2117 446 2167 ingenium,
466 2123 510 2153 ut
529 2123 568 2154 et
594 2124 701 2167 patre
721 2117 883 2168 dignum
909 2124 947 2155 te
966 2117 1140 2168 praebeas
1160 2123 1200 2154 et
1219 2116 1368 2155 caeteris
1387 2116 1465 2155 tuis
1485 2117 1706 2166 majoribus.

232 2178 336 2216 Nam
365 2190 454 2215 cum
484 2178 663 2216 omnibus
696 2179 877 2216 convenit
911 2179 1042 2229 magni
1071 2178 1198 2216 facere
1230 2178 1471 2229 sapientiam,
1497 2185 1579 2217 tum
1598 2180 1709 2227 vobis·

232 2239 357 2291 quiin
377 2239 501 2277 multa
522 2240 769 2291 maximaque
789 2239 943 2278 habetis
965 2240 1165 2291 imperium
1193 2239 1231 2277 in
1263 2240 1406 2292 primis.
1467 2241 1556 2279 Non
1575 2250 1704 2280 autern

232 2314 279 2341 eo
299 2308 504 2340 contentus
524 2314 609 2340 esse
642 2302 778 2347 debes,
799 2301 829 2340 si
859 2302 905 2340 iis
927 2302 992 2352 qui
1026 2315 1131 2340 nunc
1152 2309 1243 2340 sunt
1264 2302 1347 2354 jam
1367 2303 1419 2341 sis
1443 2304 1704 2354 praestantior,

233 2363 304 2402 sed
325 2362 532 2414 indignari,
566 2363 597 2401 si
628 2364 709 2415 ipse
739 2370 778 2402 et
811 2364 877 2401 tali
908 2363 1093 2415 praeditus
1126 2363 1299 2415 ingenio,
1320 2371 1359 2401 et
1391 2364 1422 2402 si
1457 2364 1580 2415 prima
1598 2366 1707 2418 origo

233 2431 435 2476 repetatur
462 2425 577 2472 Jove,
600 2425 658 2464 sin
685 2425 734 2463 ad
765 2425 942 2477 proxima
970 2426 1171 2465 veniamus
1198 2439 1219 2464 e
1239 2425 1322 2465 viro
1348 2427 1486 2465 virtute
1515 2435 1706 2478 praestan·-

232 2489 380 2528 tissimo
396 2495 526 2536 natus,
545 2502 622 2528 non
641 2489 805 2528 multum
827 2489 1039 2528 antecellas
1069 2496 1151 2528 turn
1172 2490 1323 2529 caeteris
1343 2497 1425 2530 turn
1445 2490 1490 2529 iis
1506 2491 1621 2530 etiam
1639 2494 1706 2544 qui

233 2551 271 2588 in
294 2551 375 2602 pari
395 2551 596 2602 dignitatis
618 2551 742 2604 gradu
762 2557 855 2590 sunt
881 2551 1075 2591 collocati.
1134 2551 1210 2590 Est
1227 2559 1357 2591 autem
1385 2553 1422 2590 in
1454 2560 1494 2591 te
1520 2553 1635 2591 situm
1657 2567 1706 2593 ne

231 2611 291 2650 his
318 2612 529 2652 frustrere:
560 2627 665 2662 nam,
694 2615 726 2653 si
756 2614 794 2652 in
825 2613 956 2652 studio
987 2612 1190 2664 sapientiae
1219 2613 1478 2664 perseveraris
1508 2621 1548 2652 et
1578 2622 1706 2655 tantos

234 2686 464 2725 progressus
491 2674 629 2715 feceris
658 2683 826 2728 quantos
855 2675 1061 2723 hactenus,
1082 2674 1259 2714 celeriter
1278 2675 1367 2714 talis
1388 2675 1532 2714 evades
1550 2678 1703 2728 qualem

232 2741 270 2774 te
290 2748 378 2774 esse
397 2735 525 2775 decet.
