1870 3277
227 160 305 197 426
821 157 1093 195 DlNARCHI

230 260 418 297 vationem
433 258 673 309 accepisset?
703 272 789 297 nam
806 272 893 297 cum
910 259 1082 297 Arcades
1097 260 1132 297 in
1152 259 1334 297 Isthmum
1353 258 1547 296 venissent
1562 263 1677 307 atque

230 322 420 371 Antipatri
441 320 589 371 legatos
610 334 647 359 re
675 321 819 359 infecta
845 321 1097 366 dimisissent,
1120 328 1158 359 et
1176 321 1387 359 infelicium
1413 320 1682 359 Thebanorum

231 382 488 429 admisissent,
509 383 573 433 qui
595 383 684 420 mari
712 396 814 433 aegre
835 383 883 420 ad
910 396 974 421 eos
996 389 1259 434 pervenerant,
1291 382 1482 433 supplices
1503 389 1540 420 et
1561 381 1681 419 cadu-

232 457 320 481 ceos
352 444 550 495 oleaginos
571 467 622 472 —-
646 452 686 482 ut
719 445 871 482 aiebant
891 467 942 473 —
962 453 1172 495 gestantes,
1203 445 1341 483 dicturi
1371 445 1473 495 apud
1507 444 1679 481 Arcades

233 504 436 542 Thebanos
458 518 534 542 non
556 517 601 542 eo
623 505 748 542 animo
770 518 828 542 res
843 518 962 543 novas
977 505 1094 543 moliri
1108 506 1211 557 quod
1232 506 1456 543 Graecorum
1478 504 1682 541 amicitiam

235 567 422 605 desertam
444 568 600 612 vellent,
621 575 686 605 aut
715 567 860 604 Graecis
883 567 1118 606 adversaturi
1151 577 1296 613 essent,
1327 567 1395 605 sed
1420 566 1525 616 quod
1553 565 1684 602 Mace-

237 627 378 666 donum
400 628 435 665 in
459 641 567 666 suam
588 629 717 665 urbem
739 628 956 666 violentiam
983 629 1124 667 diutius
1145 630 1304 668 tolerare
1325 642 1400 666 non
1421 634 1588 679 possent,
1616 639 1684 664 ne-

239 702 314 740 que
333 689 480 740 perpeti
501 689 731 734 servitutem,
764 703 888 740 neque
916 691 1049 728 intueri
1069 692 1319 729 contumelias
1350 704 1434 741 quae
1467 689 1685 727 hominibus

238 750 412 800 ingenuis
434 750 546 787 factae
567 758 667 788 sunt.
714 751 862 793 Quibus
880 765 966 789 cum
980 765 1090 801 opem
1106 753 1200 790 serre
1221 751 1392 790 Arcades
1405 751 1526 802 parati
1542 755 1687 795 essent,

240 810 473 861 adductique
494 818 621 848 essent
648 811 907 849 misericordia
934 812 1120 849 malorum
1140 813 1176 849 in
1196 814 1333 861 quibus
1353 812 1612 856 versabantur,
1643 822 1688 846 ac

240 872 507 910 declarassent
527 885 567 910 se
594 873 815 922 corporibus
836 872 1097 909 Alexandrum
1125 880 1277 922 propter
1297 880 1468 921 tempora
1488 871 1595 921 sequi
1625 883 1689 908 co-

243 939 363 978 actos,
374 932 635 970 voluntatibus
645 939 773 969 autem
786 945 872 969 cum
888 931 1081 969 Thebanis
1097 939 1135 969 et
1149 931 1374 970 Graecorum
1390 931 1563 968 libertate
1576 930 1691 968 fuisse

242 993 483 1043 conjunctos,
508 1005 715 1043 eorumque
730 992 810 1030 dux
831 992 986 1044 Astylus
1008 993 1163 1031 vaenalis
1185 1000 1287 1032 esset
1301 1016 1351 1021 ——
1371 1000 1412 1030 ut
1425 999 1464 1030 et
1484 992 1692 1030 Stratocles

245 1054 409 1090 narravit
430 1061 533 1091 —et
570 1053 703 1092 decem
742 1054 886 1092 talenta
917 1054 1130 1105 postularet
1159 1056 1207 1093 ob
1237 1054 1468 1094 adducenda
1499 1054 1691 1091 Thebanis

246 1115 401 1160 auxilia,
421 1128 465 1153 ac
485 1115 604 1166 legati
633 1116 682 1154 ad
702 1116 817 1153 istum
847 1116 1058 1162 venissent,
1084 1129 1197 1167 quem
1228 1129 1360 1154 aurum
1381 1115 1526 1166 regium
1552 1115 1693 1153 habere

247 1178 400 1224 scirent,
419 1186 456 1216 et
477 1185 628 1216 orarent
657 1185 773 1229 atque
795 1179 1079 1217 obtestarentur
1107 1186 1150 1217 ut
1169 1180 1370 1230 pecuniam
1399 1178 1500 1216 illam
1529 1177 1576 1216 ad
1603 1177 1694 1216 civi-

249 1239 337 1277 tatis
354 1252 432 1277 suae
449 1239 612 1277 salutem
640 1241 845 1286 conferret,
875 1242 1067 1279 recusavit
1084 1241 1250 1279 nefarius
1272 1241 1343 1279 iste
1363 1248 1476 1290 atque
1502 1239 1638 1291 impius
1659 1246 1697 1277 et

250 1302 427 1340 sordidus
447 1302 494 1340 de
520 1315 661 1353 magna
687 1303 852 1354 pecunia
878 1316 992 1354 quam
1020 1303 1186 1341 habebat
1214 1303 1347 1342 decem
1375 1310 1524 1341 tanturn
1553 1302 1697 1340 talenta

251 1362 354 1409 dare,
383 1375 468 1401 cum
489 1363 639 1414 quidem
657 1363 805 1402 videret
832 1371 976 1402 tantam
1000 1378 1106 1415 spem
1137 1364 1271 1403 salutis
1301 1365 1569 1403 Thebanorum
1590 1363 1697 1401 afful-

252 1437 356 1475 gere,
373 1438 443 1463 nec
457 1425 605 1463 obstitit
618 1438 694 1475 quo
709 1425 833 1462 minus
845 1426 908 1463 alii
921 1425 1057 1463 darent
1076 1426 1170 1464 illud
1191 1434 1389 1477 argentum
1405 1449 1455 1454 -—
1470 1433 1512 1463 ut
1529 1432 1565 1463 et
1591 1425 1697 1462 Stra·

252 1486 374 1524 tocles
390 1486 634 1535 dixit—quo
652 1487 841 1525 Arcadica
858 1487 1051 1538 expeditio
1065 1487 1220 1524 domum
1236 1494 1483 1526 reverteretur
1500 1500 1570 1525 nec
1585 1499 1697 1536 opem

253 1547 368 1585 ferret
397 1548 603 1585 Thebanis.
660 1548 848 1598 Nunquid
881 1549 1032 1586 videtur
1061 1548 1169 1585 vobis
1205 1561 1407 1598 parvorum
1439 1549 1621 1586 malorum
1654 1559 1699 1585 ac

253 1608 467 1658 vulgarium
487 1608 673 1645 universae
694 1608 858 1646 Graeciae
887 1616 1021 1647 auctor
1041 1608 1230 1646 exstitisse
1253 1609 1535 1647 Demosthenes
1561 1615 1600 1646 et
1618 1608 1700 1659 ejus

256 1667 440 1707 avaritia?
469 1682 559 1706 num
580 1669 709 1707 deberi
728 1670 763 1706 ei
783 1670 893 1707 venia
917 1682 939 1707 a
952 1670 1057 1707 vobis
1088 1669 1145 1707 his
1165 1670 1289 1715 factis,
1309 1683 1353 1708 ac
1373 1683 1448 1708 non
1469 1670 1595 1721 potius
1615 1669 1702 1707 ulti-

256 1742 359 1767 mum
379 1730 607 1781 supplicium
626 1731 674 1768 ob
695 1730 852 1782 injurias
872 1737 948 1769 tam
965 1739 1136 1768 recentes
1155 1745 1269 1781 quam
1289 1738 1436 1770 veteres
1455 1730 1566 1769 illas?
1622 1730 1702 1768 Au-

257 1790 576 1842 dientjufflcium,
598 1792 868 1839 Athenienses,
885 1792 958 1830 hoc
976 1792 1034 1830 die
1055 1806 1077 1830 a
1095 1793 1202 1830 vobis
1232 1793 1400 1831 factum:
1431 1805 1562 1831 omnes
1581 1792 1700 1830 homi-

257 1864 324 1889 nes
345 1853 577 1903 spectabunt
595 1866 675 1899 vos,
695 1853 863 1904 judices,
891 1867 966 1904 quo
996 1860 1106 1903 pacto
1125 1854 1376 1891 tractaveritis
1404 1853 1596 1891 hominem
1624 1860 1701 1891 tam

256 1914 527 1952 facinorosum.
584 1914 665 1952 Vos
689 1915 779 1952 estis
804 1915 870 1965 qui
890 1916 938 1952 ob
958 1914 1100 1953 delicta
1118 1915 1229 1952 istius
1257 1915 1401 1967 injuriis
1422 1915 1542 1953 multo
1562 1915 1704 1954 leviora

257 1988 399 2025 magna
425 1975 614 2027 supplicia
645 1975 757 2013 nullis
786 1976 947 2026 mitigati
979 1976 1315 2027 deprecationibus
1347 1976 1566 2014 inflixeritis.
1623 1977 1703 2014 Vos

258 2038 469 2075 Menonem
490 2037 702 2075 molitorem
723 2038 930 2083 occidistis,
950 2038 1054 2087 quod
1076 2039 1283 2089 ingenuum
1305 2051 1460 2089 puerum
1482 2038 1703 2076 Pelleneum

258 2097 297 2135 in
327 2099 484 2148 pistrino
513 2098 733 2136 habuisset:
765 2111 833 2136 vos
867 2099 1118 2136 Themistium
1146 2099 1421 2150 Aphidnaeum,
1451 2098 1557 2149 quod
1589 2099 1703 2137 initiis

260 2158 466 2196 Eleusiniis
488 2158 681 2196 Rhodiam
707 2159 970 2197 citharistriam
996 2160 1189 2205 violasset,
1211 2161 1336 2212 capite
1362 2160 1592 2198 mulctastis:
1626 2161 1704 2197 Eu-

260 2219 506 2271 thymachum
526 2219 630 2264 item,
653 2221 754 2270 quod
776 2220 942 2271 puellam
963 2220 1186 2271 Olynthiam
1202 2221 1468 2272 prostituisset.
1508 2221 1570 2259 Ob
1590 2222 1704 2260 istum

261 2295 350 2320 vero
369 2282 601 2333 proditorem
621 2282 727 2320 liberi
747 2290 784 2320 et
805 2296 941 2320 uxores
964 2283 1233 2321 Thebanorum
1252 2284 1289 2321 in
1310 2285 1562 2322 tabernacula
1575 2285 1707 2322 barba·
1726 2296 1729 2299 ·

262 2356 388 2381 rorum
410 2350 498 2381 sunt
518 2343 744 2388 distributae,
759 2344 849 2380 urbs
866 2343 1025 2381 finitima
1041 2353 1079 2382 et
1098 2345 1284 2383 foederata
1303 2359 1322 2383 e
1343 2345 1468 2383 media
1484 2345 1634 2384 Graecia
1649 2354 1708 2384 est

263 2405 436 2456 abrepta,
457 2413 584 2442 aratur
611 2413 650 2442 et
669 2405 879 2444 conseritur
906 2407 995 2443 urbs
1020 2407 1287 2445 Thebanorum
1313 2408 1378 2458 qui
1404 2408 1603 2446 nobiscum
1629 2421 1707 2446 una

263 2465 404 2504 bellum
432 2465 610 2517 Philippo
643 2465 864 2504 intulerunt.
921 2467 1078 2512 Aratur,
1105 2469 1270 2518 inquam,
1304 2476 1343 2507 et
1370 2469 1605 2512 conseritur;
1635 2482 1707 2507 nec

263 2526 451 2573 misertus,
470 2527 641 2577 inquam,
669 2534 729 2564 est.
754 2527 925 2578 impurus
955 2528 1025 2565 iste
1046 2529 1208 2566 civitatis
1236 2530 1332 2567 adeo
1358 2529 1618 2567 miserabiliter
1645 2543 1708 2581 pe-

264 2589 423 2634 reuntis,
441 2588 480 2625 in
498 2601 611 2639 quam
634 2587 784 2638 legatus
805 2589 947 2626 avobis
969 2589 1108 2626 missus
1127 2597 1198 2636 est,
1226 2593 1335 2641 cujus
1357 2591 1473 2628 sacris
1499 2598 1539 2628 et
1566 2593 1706 2630 mensis

265 2662 368 2700 saepe
388 2650 571 2695 interfuit,
590 2662 705 2700 quam
733 2650 813 2701 ipse
842 2651 893 2688 ait
912 2664 983 2688 sua
1012 2664 1128 2701 opera
1148 2652 1288 2689 sociam
1308 2652 1415 2689 vobis
1440 2665 1523 2690 esse
1549 2653 1705 2693 factam.

265 2710 407 2747 Verum
428 2711 477 2748 ad
508 2724 605 2762 quos
632 2712 747 2749 rebus
775 2712 954 2750 secundis
981 2725 1084 2764 saepe
1109 2720 1166 2751 est
1184 2713 1393 2764 profectus,
1411 2727 1475 2752 eos
1501 2716 1612 2753 rebus
1638 2716 1707 2754 ad-

265 2771 384 2810 versis
414 2771 593 2810 deseruit.
650 2772 709 2810 Illi
728 2796 780 2801 —-
801 2781 843 2812 ut
868 2775 1036 2813 seniores
1062 2782 1216 2813 narrant
1236 2797 1288 2803 —-
1305 2777 1489 2828 adgregata
1513 2784 1642 2815 nostra
1660 2777 1706 2816 li-

265 2833 413 2870 bertate
442 2840 480 2870 et
498 2834 738 2886 Thrasybulo
767 2836 921 2874 exsules
940 2836 1144 2888 colligente
1174 2838 1221 2876 ad
1243 2837 1402 2889 Phylem
1425 2839 1705 2889 occupandam,

265 2894 437 2944 quamvis
457 2895 736 2935 Lacedaemonii
755 2910 878 2936 rerum
896 2899 1106 2949 potirentur
1125 2905 1165 2938 et
1178 2912 1397 2950 quenquam
1417 2900 1705 2940 Atheniensium
