1870 3277
236 189 286 224 94
836 176 1122 216 ISOCRATIS

241 287 393 326 Deinde
420 285 476 322 vel
504 297 552 322 ex
583 282 628 321 eo
661 294 747 320 mea
774 294 884 318 mens
911 280 1024 318 facile
1051 278 1301 330 perspicuum
1333 281 1435 328 quod
1464 294 1483 319 e
1511 283 1703 336 plerisque

242 350 336 388 meis
365 346 601 385 orationibus
627 351 788 395 apparet
814 343 1044 393 oligarcbias
1065 348 1103 379 et
1123 341 1285 391 injustas
1306 344 1580 393 praerogativas
1603 359 1624 384 a
1647 362 1705 386 me

243 413 492 461 vituperatas,
521 407 783 458 aequalitatem
814 417 902 442 vero
932 410 971 441 et
999 402 1256 441 democratias
1289 402 1468 441 laudatas
1499 418 1599 452 esse,
1629 422 1704 447 non

244 472 400 523 quidem
431 483 579 515 omnes,
616 468 684 506 sed
714 474 818 504 recte
847 466 1057 509 ordinatas,
1090 477 1215 514 neque
1245 464 1281 501 id
1313 477 1335 501 a
1364 477 1423 502 me
1452 466 1594 505 factum
1621 484 1708 510 esse

246 544 388 572 temere
420 539 487 570 aut
515 530 685 574 fortuito,
714 528 783 565 sed
807 528 893 578 jure
922 534 1036 577 atque
1067 526 1288 576 prudenter.
1349 526 1446 563 Nam
1479 535 1517 565 et
1546 532 1710 580 majores

248 603 399 633 nostros
430 606 475 631 ea
505 592 651 629 ratione
684 590 797 639 longe
825 588 907 626 aliis
934 588 1172 639 praestitisse,
1193 595 1231 625 et
1256 588 1641 629 Lacedaemoniorum
1663 597 1712 633 ob

249 659 323 697 lioc
344 657 508 695 maxime
529 652 807 704 rempublicam
830 651 911 689 scio
932 650 1082 694 florere,
1103 650 1207 699 quod
1229 651 1403 700 populari
1425 658 1524 688 statu
1549 655 1713 694 maxime

251 727 425 758 utuntur.
483 717 583 753 Nam
605 722 642 752 et
663 714 698 750 in
722 713 1017 763 magistratuum
1044 711 1237 750 creatione
1259 719 1295 749 et
1316 712 1350 749 in
1373 714 1606 763 quotidianae
1628 717 1714 754 vitae

252 779 536 821 consuetudine
562 777 789 826 caeterisque
821 775 958 812 studiis
980 774 1083 825 apud
1111 787 1178 812 eos
1207 775 1429 824 aequitatem
1460 783 1498 814 et
1517 778 1717 828 aequalita-

253 854 331 885 tem
359 845 445 896 plus
466 842 593 881 valere
614 840 791 879 videmus
817 851 933 889 quam
967 837 1070 888 apud
1098 843 1286 875 caeteros:
1318 850 1406 887 quae
1428 838 1583 888 quidem
1611 839 1720 878 insti-

254 914 339 946 tuta
354 906 409 944 uti
432 911 522 943 sunt
541 900 758 953 oligarchiis
779 899 983 945 contraria,
999 899 1054 936 sic
1073 898 1110 935 in
1130 898 1242 935 bonis
1262 898 1505 937 democratiis
1525 901 1681 938 usitata.

310 971 377 1006 25.
409 966 525 1011 Quod
547 966 577 1003 si
599 977 677 1002 rem
700 968 878 1000 accurate
899 959 1230 1012 perpenderimus,
1246 960 1467 999 clarissimis
1488 969 1525 1000 et
1547 963 1722 1000 maximis

258 1029 477 1071 civitatibus
496 1025 750 1065 democratias
765 1023 937 1060 utiliores
952 1021 1170 1072 oligarchiis
1191 1035 1276 1059 esse
1290 1022 1550 1062 inveniemus:
1583 1026 1724 1062 etenim

259 1093 319 1131 vel
341 1097 514 1128 nostram
535 1085 825 1138 rempublicam,
841 1096 928 1133 quoe
951 1083 999 1120 ab
1021 1082 1200 1119 omuibus
1221 1083 1448 1132 reprehendi
1465 1085 1575 1131 solet,
1593 1086 1623 1122 si
1640 1099 1728 1123 con-

261 1154 404 1191 feratur
423 1162 501 1188 non
521 1159 608 1186 curn
630 1159 676 1184 ea
695 1158 812 1195 quam
831 1144 945 1181 modo
966 1143 1157 1187 recensui,
1179 1143 1247 1180 sed
1269 1156 1358 1181 cum
1377 1143 1443 1182 illa
1462 1159 1549 1196 quae
1569 1147 1729 1198 triginta

263 1223 514 1266 tyrannorum
530 1207 765 1260 temporibus
781 1205 939 1251 exstitit,
956 1217 1068 1242 nemo
1083 1204 1155 1242 erit
1172 1205 1265 1255 quin
1289 1205 1468 1244 divinitus
1485 1221 1570 1246 esse
1588 1209 1728 1247 factam

265 1276 479 1314 arbitretur.

320 1337 387 1373 26.
417 1335 542 1373 Lubet
568 1338 712 1378 autem,
732 1331 823 1368 licet
842 1329 890 1367 ab
912 1327 1089 1366 instituto
1110 1328 1277 1366 alienum
1300 1329 1420 1368 videri
1440 1337 1568 1380 queat,
1587 1331 1732 1382 signifi-

267 1411 355 1438 care
373 1406 413 1435 et
433 1405 738 1435 commemorare
753 1398 940 1442 quantum
962 1390 1060 1428 inter
1079 1389 1179 1427 hanc
1201 1396 1371 1428 nostram
1388 1400 1428 1429 et
1446 1391 1551 1429 illam
1569 1392 1733 1439 intersit,

270 1473 318 1498 ne
339 1472 400 1497 me
419 1458 505 1508 quis
525 1455 724 1494 existimet
743 1453 779 1490 in
803 1452 936 1504 populi
957 1451 1099 1490 delicta
1118 1451 1275 1502 quidem
1297 1453 1466 1491 severius
1487 1454 1734 1504 inquirere,si

272 1520 365 1572 quid
399 1526 525 1557 autem
554 1515 739 1568 praeclare
772 1513 1052 1564 magnificeque
1085 1513 1133 1550 ab
1166 1525 1212 1550 eo
1250 1520 1399 1563 gestum
1434 1514 1495 1561 sit,
1527 1515 1738 1566 praeterire.

273 1583 357 1621 Erit
381 1588 510 1620 autem
535 1579 620 1616 haee
653 1575 968 1616 commemoratio
1001 1587 1129 1625 neque
1156 1574 1341 1625 prolixior
1368 1588 1441 1614 nec
1464 1575 1610 1614 inutilis
1631 1576 1740 1615 audi-

275 1643 443 1682 entibus,

330 1706 397 1741 27.
428 1703 529 1741 Nam
552 1714 670 1753 quum
691 1699 851 1738 navibus
868 1699 916 1738 ad
934 1698 1232 1750 Hellespontum
1252 1698 1402 1737 amissis
1423 1699 1508 1737 illas
1529 1700 1744 1751 respublica

276 1767 519 1815 calamitates
538 1762 776 1814 accepisset,
796 1762 882 1812 quis
910 1774 930 1798 e
958 1767 1050 1798 natu
1079 1760 1286 1812 majoribus
1312 1761 1465 1812 ignorat
1491 1774 1557 1799 eos
1584 1761 1648 1811 qui
1676 1775 1747 1812 po-

276 1829 434 1882 pulares
452 1828 692 1865 vocabantur
707 1824 858 1875 quidvis
879 1823 1023 1874 perpeti
1046 1836 1112 1873 pro
1134 1823 1279 1861 tuenda
1298 1823 1471 1861 libertate
1491 1824 1611 1861 fuisse
1631 1836 1743 1874 para-

281 1899 356 1937 toS,
379 1898 495 1941 atque
522 1887 829 1937 indignissimum
848 1885 1049 1937 judicasse
1076 1898 1158 1922 eam
1181 1884 1375 1922 civitatem
1396 1899 1482 1935 quae
1504 1885 1656 1923 Graecis
1677 1884 1750 1920 im-

282 1958 456 2005 perasset
484 1950 646 1987 aliorum
678 1946 838 1999 imperio
868 1959 1001 1998 parere
1023 1948 1079 1996 [et
1102 1946 1172 1983 hos
1192 1946 1347 1996 quidem
1368 1944 1749 1997 hostesjudicatos],

283 2025 495 2066 paucorum
531 2018 657 2056 autem
691 2007 875 2060 potentiae
911 2008 1104 2046 studiosos
1140 2020 1215 2045 non
1249 2021 1446 2046 recusasse
1475 2008 1679 2058 quominus
1713 2013 1752 2044 et

284 2075 426 2113 moenia
440 2073 638 2110 diruerent
653 2078 692 2107 et
707 2070 931 2107 servitutem
950 2082 990 2106 se
1011 2068 1236 2105 traderent?
1276 2069 1332 2106 Ac
1348 2076 1427 2107 tum
1445 2069 1616 2120 quidem,
1632 2081 1753 2119 quum

287 2149 439 2176 summa
458 2147 582 2173 rerum
602 2144 722 2183 penes
742 2130 1025 2168 multitudinem
1046 2136 1164 2174 esset,
1189 2142 1259 2167 nos
1281 2130 1442 2167 aliorum
1465 2131 1615 2168 arcibus
1636 2130 1756 2180 impo-

290 2199 414 2237 suisse
443 2193 636 2247 praesidia,
663 2204 782 2242 quum
813 2197 942 2228 autem
975 2190 1152 2240 Triginta
1183 2190 1236 2227 illi
1268 2191 1458 2241 rempubl.
1490 2197 1679 2241 gererent,
1707 2191 1755 2228 ab

290 2259 468 2297 hostibus
498 2262 667 2293 nostram
692 2264 820 2290 arcem
847 2251 1103 2302 occupatam?
1154 2251 1225 2289 Illo
1245 2258 1418 2302 tempore
1442 2251 1758 2290 Lacedaemonios

293 2320 412 2358 fuisse
434 2324 588 2356 nostros
608 2314 798 2359 dominos,
818 2320 1026 2363 postquam
1048 2326 1137 2350 vero
1159 2313 1315 2351 exsules
1336 2314 1477 2352 reversi
1497 2327 1566 2364 pro
1584 2313 1760 2351 libertate

296 2392 470 2433 pugnare
493 2377 578 2416 ausi
606 2376 764 2413 fuerunt
793 2381 832 2412 et
859 2375 995 2411 Conon
1027 2375 1158 2425 praelio
1191 2375 1317 2413 navali
1342 2376 1446 2420 vicit,
1468 2375 1618 2426 legatos
1639 2376 1686 2413 ab
1707 2376 1761 2413 eis

297 2443 450 2482 venisse
487 2440 551 2491 qui
590 2446 735 2476 nostrae
768 2437 913 2474 civitati
944 2438 1059 2475 maris
1099 2437 1237 2475 darent
1268 2437 1497 2488 imperium?
1552 2438 1641 2475 Jam
1675 2438 1761 2488 quis

300 2516 472 2542 meorum
493 2500 699 2552 aequalium
720 2511 795 2537 non
819 2497 1003 2543 meminit,
1025 2498 1061 2535 in
1084 2498 1149 2536 illa
1168 2499 1403 2537 democratia
1423 2499 1557 2536 urbem
1579 2498 1634 2536 sic
1655 2511 1765 2536 exor-

302 2567 434 2603 natam
462 2563 583 2601 fuisse
612 2567 651 2599 et
677 2559 829 2611 templis
857 2566 894 2597 et
919 2559 1129 2604 sacrificiis,
1152 2566 1195 2597 ut
1219 2560 1284 2610 qui
1310 2561 1520 2598 etiamnum
1546 2559 1624 2597 huc
1650 2559 1767 2597 adve-

303 2627 416 2664 niunt
439 2638 523 2662 eam
554 2635 641 2661 esse
671 2621 828 2672 dignam
855 2614 1042 2659 censeant
1070 2634 1148 2659 non
1172 2622 1340 2660 Graeciae
1367 2628 1516 2659 tantum
1549 2622 1618 2659 sed
1650 2621 1768 2659 totius

305 2688 420 2727 etiam
438 2686 538 2723 orbis
557 2682 742 2735 imperio?
773 2682 949 2734 Triginta.
969 2696 1060 2721 vero
1076 2689 1260 2734 tyrannos
1277 2689 1316 2721 et
1335 2683 1521 2721 sacrificia
1540 2682 1769 2733 neglexisse,

307 2755 347 2787 et
367 2748 458 2785 fana
477 2746 681 2796 expilasse,
702 2751 742 2782 et
767 2743 920 2782 navalia
943 2744 1066 2782 tribus
1093 2744 1249 2782 talentis
1276 2744 1517 2782 destruenda
1536 2744 1772 2790 vendidisse,

308 2822 396 2860 quae
415 2807 634 2858 reipublicae
661 2819 739 2844 nou
764 2807 891 2843 minus
917 2805 1019 2843 mille
1039 2805 1192 2844 talentis
1218 2805 1503 2844 constiterunt?
1550 2806 1608 2844 Ac
1629 2819 1677 2843 ne
1697 2806 1774 2844 cle-

311 2869 496 2907 mentiam
529 2867 686 2918 quidem
722 2867 873 2905 illorum
904 2867 1107 2918 quisquam
1143 2867 1311 2905 laudarit
1338 2867 1460 2918 magis
1486 2879 1601 2919 quam
1629 2867 1775 2918 populi.

314 2932 416 2970 Nam
454 2930 506 2967 illi
539 2928 693 2980 quidem
732 2942 778 2967 ex
810 2929 1150 2968 senatusconsulto
1187 2942 1338 2968 summa
1377 2942 1501 2967 rerum
1535 2929 1647 2980 potiti
1676 2941 1707 2966 M
1741 2935 1776 2966 et
