<?xml version="1.0" encoding="UTF-8"?>
<!DOCTYPE html PUBLIC "-//W3C//DTD XHTML 1.0 Transitional//EN"
    "http://www.w3.org/TR/xhtml1/DTD/xhtml1-transitional.dtd">
<html xmlns="http://www.w3.org/1999/xhtml" xml:lang="en" lang="en">
 <head>
  <title>
</title>
<meta http-equiv="Content-Type" content="text/html;charset=utf-8" />
  <meta name='ocr-system' content='tesseract 3.04.00' />
  <meta name='ocr-capabilities' content='ocr_page ocr_carea ocr_par ocr_line ocrx_word'/>
</head>
<body>
  <div class='ocr_page' id='page_1' title='image "./oratoresatticie14dobs_0396.png"; bbox 0 0 1870 3277; ppageno 0'>
   <div class='ocr_carea' id='block_1_1' title="bbox 272 153 1051 191">
    <p class='ocr_par' dir='ltr' id='par_1_1' title="bbox 272 153 1051 191">
     <span class='ocr_line' id='line_1_1' title="bbox 272 153 1051 191; baseline 0 0"><span class='ocrx_word' id='word_1_1' title='bbox 272 153 347 191; x_wconf 72' lang='lat'>384</span> <span class='ocrx_word' id='word_1_2' title='bbox 935 153 1051 191; x_wconf 75' lang='lat' dir='ltr'>ISAEI</span> 
     </span>
    </p>
   </div>
   <div class='ocr_carea' id='block_1_2' title="bbox 269 252 1708 367">
    <p class='ocr_par' dir='ltr' id='par_1_2' title="bbox 269 252 1708 367">
     <span class='ocr_line' id='line_1_2' title="bbox 269 252 1708 308; baseline 0.004 -18"><span class='ocrx_word' id='word_1_3' title='bbox 269 253 329 290; x_wconf 91' lang='lat' dir='ltr'>hic</span> <span class='ocrx_word' id='word_1_4' title='bbox 346 252 538 303; x_wconf 89' lang='lat' dir='ltr'>[Diocles]</span> <span class='ocrx_word' id='word_1_5' title='bbox 553 254 660 292; x_wconf 88' lang='lat' dir='ltr'>uobis</span> <span class='ocrx_word' id='word_1_6' title='bbox 677 254 724 292; x_wconf 86' lang='lat' dir='ltr'>ad</span> <span class='ocrx_word' id='word_1_7' title='bbox 741 255 1003 305; x_wconf 74' lang='lat' dir='ltr'>quoesitionem</span> <span class='ocrx_word' id='word_1_8' title='bbox 1018 255 1314 305; x_wconf 85' lang='lat' dir='ltr'>deposcentibus</span> <span class='ocrx_word' id='word_1_9' title='bbox 1329 256 1550 308; x_wconf 84' lang='lat' dir='ltr'>denegavit;</span> <span class='ocrx_word' id='word_1_10' title='bbox 1580 270 1708 297; x_wconf 85' lang='lat' dir='ltr'>verum</span> 
     </span>
     <span class='ocr_line' id='line_1_3' title="bbox 271 315 1708 367; baseline 0.003 -14"><span class='ocrx_word' id='word_1_11' title='bbox 271 315 381 353; x_wconf 86' lang='lat' dir='ltr'>etiam</span> <span class='ocrx_word' id='word_1_12' title='bbox 404 327 532 352; x_wconf 89' lang='lat' dir='ltr'>eorum</span> <span class='ocrx_word' id='word_1_13' title='bbox 562 315 674 366; x_wconf 81' lang='lat' dir='ltr'>aliqui</span> <span class='ocrx_word' id='word_1_14' title='bbox 702 324 843 354; x_wconf 90' lang='lat' dir='ltr'>norunt</span> <span class='ocrx_word' id='word_1_15' title='bbox 871 316 1133 366; x_wconf 85' lang='lat' dir='ltr'>liquidissime,</span> <span class='ocrx_word' id='word_1_16' title='bbox 1162 317 1299 367; x_wconf 81' lang='lat' dir='ltr'>quibus</span> <span class='ocrx_word' id='word_1_17' title='bbox 1328 318 1458 356; x_wconf 88' lang='lat' dir='ltr'>amicis</span> <span class='ocrx_word' id='word_1_18' title='bbox 1487 331 1581 356; x_wconf 89' lang='lat' dir='ltr'>avus</span> <span class='ocrx_word' id='word_1_19' title='bbox 1601 319 1708 357; x_wconf 84' lang='lat' dir='ltr'>fami-</span> 
     </span>
    </p>
   </div>
   <div class='ocr_carea' id='block_1_3' title="bbox 270 375 1709 489">
    <p class='ocr_par' dir='ltr' id='par_1_3' title="bbox 270 375 1709 489">
     <span class='ocr_line' id='line_1_4' title="bbox 270 375 1709 430; baseline 0.005 -18"><span class='ocrx_word' id='word_1_20' title='bbox 270 375 410 414; x_wconf 83' lang='lat' dir='ltr'>liariter</span> <span class='ocrx_word' id='word_1_21' title='bbox 429 388 520 414; x_wconf 90' lang='lat' dir='ltr'>usus</span> <span class='ocrx_word' id='word_1_22' title='bbox 541 376 624 426; x_wconf 86' lang='lat' dir='ltr'>suit,</span> <span class='ocrx_word' id='word_1_23' title='bbox 644 390 739 428; x_wconf 91' lang='lat' dir='ltr'>quos</span> <span class='ocrx_word' id='word_1_24' title='bbox 765 390 837 428; x_wconf 85' lang='lat' dir='ltr'>ego</span> <span class='ocrx_word' id='word_1_25' title='bbox 857 379 962 416; x_wconf 87' lang='lat' dir='ltr'>vobis</span> <span class='ocrx_word' id='word_1_26' title='bbox 994 385 1108 416; x_wconf 87' lang='lat' dir='ltr'>testes</span> <span class='ocrx_word' id='word_1_27' title='bbox 1133 377 1259 416; x_wconf 87' lang='lat' dir='ltr'>edam.</span> <span class='ocrx_word' id='word_1_28' title='bbox 1317 379 1424 430; x_wconf 84' lang='lat' dir='ltr'>Cape</span> <span class='ocrx_word' id='word_1_29' title='bbox 1444 387 1485 417; x_wconf 89' lang='lat' dir='ltr'>tu</span> <span class='ocrx_word' id='word_1_30' title='bbox 1512 381 1601 418; x_wconf 87' lang='lat' dir='ltr'>mihi</span> <span class='ocrx_word' id='word_1_31' title='bbox 1625 381 1709 419; x_wconf 82' lang='lat' dir='ltr'>haec</span> 
     </span>
     <span class='ocr_line' id='line_1_5' title="bbox 273 437 780 489; baseline 0.002 -15"><span class='ocrx_word' id='word_1_32' title='bbox 273 437 500 483; x_wconf 82' lang='lat' dir='ltr'>testimonia,</span> <span class='ocrx_word' id='word_1_33' title='bbox 518 445 631 489; x_wconf 89' lang='lat' dir='ltr'>atque</span> <span class='ocrx_word' id='word_1_34' title='bbox 652 439 780 476; x_wconf 89' lang='lat' dir='ltr'>recita.</span> 
     </span>
    </p>
   </div>
   <div class='ocr_carea' id='block_1_4' title="bbox 808 539 1163 578">
    <p class='ocr_par' dir='ltr' id='par_1_4' title="bbox 808 539 1163 578">
     <span class='ocr_line' id='line_1_6' title="bbox 808 539 1163 578; baseline 0 -2"><span class='ocrx_word' id='word_1_35' title='bbox 808 539 1163 578; x_wconf 85' lang='lat' dir='ltr'>TESTIMONIA.</span> 
     </span>
    </p>
   </div>
   <div class='ocr_carea' id='block_1_5' title="bbox 262 617 1729 2569">
    <p class='ocr_par' dir='ltr' id='par_1_5' title="bbox 262 617 1729 2569">
     <span class='ocr_line' id='line_1_7' title="bbox 323 617 1710 667; baseline 0.004 -12"><span class='ocrx_word' id='word_1_36' title='bbox 323 620 360 655; x_wconf 87' lang='grc'>6.</span> <span class='ocrx_word' id='word_1_37' title='bbox 392 618 533 655; x_wconf 87' lang='lat' dir='ltr'>Verum</span> <span class='ocrx_word' id='word_1_38' title='bbox 556 631 631 655; x_wconf 90' lang='lat' dir='ltr'>non</span> <span class='ocrx_word' id='word_1_39' title='bbox 653 631 697 654; x_wconf 88' lang='lat' dir='ltr'>cx</span> <span class='ocrx_word' id='word_1_40' title='bbox 719 617 776 654; x_wconf 87' lang='lat' dir='ltr'>his</span> <span class='ocrx_word' id='word_1_41' title='bbox 804 617 895 654; x_wconf 90' lang='lat' dir='ltr'>solis</span> <span class='ocrx_word' id='word_1_42' title='bbox 923 617 1043 667; x_wconf 91' lang='lat' dir='ltr'>liquet</span> <span class='ocrx_word' id='word_1_43' title='bbox 1066 626 1223 655; x_wconf 83' lang='lat' dir='ltr'>matrem</span> <span class='ocrx_word' id='word_1_44' title='bbox 1256 626 1424 658; x_wconf 89' lang='lat' dir='ltr'>nostram</span> <span class='ocrx_word' id='word_1_45' title='bbox 1453 622 1601 659; x_wconf 86' lang='lat' dir='ltr'>Cironis</span> <span class='ocrx_word' id='word_1_46' title='bbox 1631 635 1710 659; x_wconf 87' lang='lat' dir='ltr'>esse</span> 
     </span>
     <span class='ocr_line' id='line_1_8' title="bbox 271 678 1711 731; baseline 0.003 -14"><span class='ocrx_word' id='word_1_47' title='bbox 271 679 473 731; x_wconf 81' lang='lat' dir='ltr'>genuinam</span> <span class='ocrx_word' id='word_1_48' title='bbox 496 678 624 723; x_wconf 84' lang='lat' dir='ltr'>filiam,</span> <span class='ocrx_word' id='word_1_49' title='bbox 655 678 722 716; x_wconf 83' lang='lat' dir='ltr'>sed</span> <span class='ocrx_word' id='word_1_50' title='bbox 743 691 789 716; x_wconf 89' lang='lat' dir='ltr'>ex</span> <span class='ocrx_word' id='word_1_51' title='bbox 810 679 904 716; x_wconf 85' lang='lat' dir='ltr'>actis</span> <span class='ocrx_word' id='word_1_52' title='bbox 925 691 1075 729; x_wconf 89' lang='lat' dir='ltr'>quoque</span> <span class='ocrx_word' id='word_1_53' title='bbox 1096 680 1212 717; x_wconf 87' lang='lat' dir='ltr'>nostri</span> <span class='ocrx_word' id='word_1_54' title='bbox 1240 681 1372 731; x_wconf 78' lang='lat' dir='ltr'>patris,</span> <span class='ocrx_word' id='word_1_55' title='bbox 1392 682 1481 720; x_wconf 90' lang='lat' dir='ltr'>item</span> <span class='ocrx_word' id='word_1_56' title='bbox 1509 696 1528 720; x_wconf 91' lang='lat' dir='ltr'>e</span> <span class='ocrx_word' id='word_1_57' title='bbox 1549 683 1711 721; x_wconf 87' lang='lat' dir='ltr'>decretis</span> 
     </span>
     <span class='ocr_line' id='line_1_9' title="bbox 271 741 1712 794; baseline 0.001 -14"><span class='ocrx_word' id='word_1_58' title='bbox 271 756 357 794; x_wconf 86' lang='lat' dir='ltr'>quae</span> <span class='ocrx_word' id='word_1_59' title='bbox 389 754 524 780; x_wconf 88' lang='lat' dir='ltr'>uxores</span> <span class='ocrx_word' id='word_1_60' title='bbox 556 741 793 779; x_wconf 85' lang='lat' dir='ltr'>demotarum</span> <span class='ocrx_word' id='word_1_61' title='bbox 827 741 943 792; x_wconf 88' lang='lat' dir='ltr'>patris</span> <span class='ocrx_word' id='word_1_62' title='bbox 973 754 1088 792; x_wconf 85' lang='lat' dir='ltr'>super</span> <span class='ocrx_word' id='word_1_63' title='bbox 1119 755 1164 779; x_wconf 85' lang='lat' dir='ltr'>ea</span> <span class='ocrx_word' id='word_1_64' title='bbox 1192 742 1395 782; x_wconf 85' lang='lat' dir='ltr'>sciverunt.</span> <span class='ocrx_word' id='word_1_65' title='bbox 1453 744 1567 783; x_wconf 88' lang='lat' dir='ltr'>Pater</span> <span class='ocrx_word' id='word_1_66' title='bbox 1598 745 1712 791; x_wconf 88' lang='lat' dir='ltr'>enim,</span> 
     </span>
     <span class='ocr_line' id='line_1_10' title="bbox 268 802 1713 855; baseline 0.001 -13"><span class='ocrx_word' id='word_1_67' title='bbox 268 804 423 855; x_wconf 80' lang='lat' dir='ltr'>nuptias</span> <span class='ocrx_word' id='word_1_68' title='bbox 446 815 534 841; x_wconf 89' lang='lat' dir='ltr'>cum</span> <span class='ocrx_word' id='word_1_69' title='bbox 552 809 669 840; x_wconf 88' lang='lat' dir='ltr'>matre</span> <span class='ocrx_word' id='word_1_70' title='bbox 695 802 906 847; x_wconf 80' lang='lat' dir='ltr'>celebrans,</span> <span class='ocrx_word' id='word_1_71' title='bbox 927 809 1003 840; x_wconf 85' lang='lat' dir='ltr'>tres</span> <span class='ocrx_word' id='word_1_72' title='bbox 1032 803 1216 853; x_wconf 88' lang='lat' dir='ltr'>quosdam</span> <span class='ocrx_word' id='word_1_73' title='bbox 1247 816 1266 841; x_wconf 93' lang='lat' dir='ltr'>e</span> <span class='ocrx_word' id='word_1_74' title='bbox 1287 817 1444 842; x_wconf 90' lang='lat' dir='ltr'>numero</span> <span class='ocrx_word' id='word_1_75' title='bbox 1471 806 1713 844; x_wconf 80' lang='lat' dir='ltr'>familiarium</span> 
     </span>
     <span class='ocr_line' id='line_1_11' title="bbox 270 863 1715 917; baseline 0.001 -13"><span class='ocrx_word' id='word_1_76' title='bbox 270 879 422 904; x_wconf 91' lang='lat' dir='ltr'>suorum</span> <span class='ocrx_word' id='word_1_77' title='bbox 442 864 491 902; x_wconf 90' lang='lat' dir='ltr'>ad</span> <span class='ocrx_word' id='word_1_78' title='bbox 513 865 644 916; x_wconf 83' lang='lat' dir='ltr'>epulas</span> <span class='ocrx_word' id='word_1_79' title='bbox 666 863 854 914; x_wconf 77' lang='lat' dir='ltr'>nuptiales</span> <span class='ocrx_word' id='word_1_80' title='bbox 875 864 1046 901; x_wconf 88' lang='lat' dir='ltr'>invitavit</span> <span class='ocrx_word' id='word_1_81' title='bbox 1072 870 1210 915; x_wconf 80' lang='lat' dir='ltr'>praeter</span> <span class='ocrx_word' id='word_1_82' title='bbox 1230 867 1478 914; x_wconf 87' lang='lat' dir='ltr'>necessarios,</span> <span class='ocrx_word' id='word_1_83' title='bbox 1503 875 1541 905; x_wconf 91' lang='lat' dir='ltr'>et</span> <span class='ocrx_word' id='word_1_84' title='bbox 1561 870 1626 913; x_wconf 88' lang='grc' dir='ltr'>τὴν</span> <span class='ocrx_word' id='word_1_85' title='bbox 1646 885 1715 917; x_wconf 77' lang='grc' dir='ltr'>γα-</span> 
     </span>
     <span class='ocr_line' id='line_1_12' title="bbox 269 924 1713 979; baseline 0.001 -14"><span class='ocrx_word' id='word_1_86' title='bbox 269 931 409 979; x_wconf 83' lang='grc' dir='ltr'>μηλίαν</span> <span class='ocrx_word' id='word_1_87' title='bbox 434 926 523 978; x_wconf 89' lang='lat' dir='ltr'>[seu</span> <span class='ocrx_word' id='word_1_88' title='bbox 540 926 726 963; x_wconf 87' lang='lat' dir='ltr'>victimam</span> <span class='ocrx_word' id='word_1_89' title='bbox 745 925 957 976; x_wconf 79' lang='lat' dir='ltr'>nuptiarum</span> <span class='ocrx_word' id='word_1_90' title='bbox 979 937 1071 974; x_wconf 86' lang='lat' dir='ltr'>ergo</span> <span class='ocrx_word' id='word_1_91' title='bbox 1088 924 1266 975; x_wconf 86' lang='lat' dir='ltr'>phratriae</span> <span class='ocrx_word' id='word_1_92' title='bbox 1286 926 1521 975; x_wconf 87' lang='lat' dir='ltr'>donandam]</span> <span class='ocrx_word' id='word_1_93' title='bbox 1542 928 1578 965; x_wconf 92' lang='lat' dir='ltr'>in</span> <span class='ocrx_word' id='word_1_94' title='bbox 1599 928 1713 979; x_wconf 85' lang='lat' dir='ltr'>phra-</span> 
     </span>
     <span class='ocr_line' id='line_1_13' title="bbox 269 985 1714 1040; baseline 0.001 -14"><span class='ocrx_word' id='word_1_95' title='bbox 269 989 378 1026; x_wconf 88' lang='lat' dir='ltr'>triam</span> <span class='ocrx_word' id='word_1_96' title='bbox 398 987 525 1025; x_wconf 87' lang='lat' dir='ltr'>intulit</span> <span class='ocrx_word' id='word_1_97' title='bbox 543 993 654 1037; x_wconf 83' lang='lat' dir='ltr'>prout</span> <span class='ocrx_word' id='word_1_98' title='bbox 673 998 753 1023; x_wconf 82' lang='lat' dir='ltr'>tnos</span> <span class='ocrx_word' id='word_1_99' title='bbox 768 993 828 1023; x_wconf 82' lang='lat' dir='ltr'>est</span> <span class='ocrx_word' id='word_1_100' title='bbox 843 999 959 1036; x_wconf 89' lang='lat' dir='ltr'>penes</span> <span class='ocrx_word' id='word_1_101' title='bbox 980 985 1065 1023; x_wconf 90' lang='lat' dir='ltr'>illos</span> <span class='ocrx_word' id='word_1_102' title='bbox 1086 985 1298 1036; x_wconf 85' lang='lat' dir='ltr'>phratoras.</span> <span class='ocrx_word' id='word_1_103' title='bbox 1356 987 1606 1026; x_wconf 87' lang='lat' dir='ltr'>Demotarum</span> <span class='ocrx_word' id='word_1_104' title='bbox 1619 1003 1714 1040; x_wconf 93' lang='lat' dir='ltr'>quo-</span> 
     </span>
     <span class='ocr_line' id='line_1_14' title="bbox 268 1047 1716 1101; baseline 0 -13"><span class='ocrx_word' id='word_1_105' title='bbox 268 1063 343 1101; x_wconf 91' lang='lat' dir='ltr'>que</span> <span class='ocrx_word' id='word_1_106' title='bbox 365 1062 501 1088; x_wconf 82' lang='lat' dir='ltr'>uxores</span> <span class='ocrx_word' id='word_1_107' title='bbox 520 1061 603 1086; x_wconf 90' lang='lat' dir='ltr'>eam</span> <span class='ocrx_word' id='word_1_108' title='bbox 622 1047 867 1100; x_wconf 87' lang='lat' dir='ltr'>postmodum</span> <span class='ocrx_word' id='word_1_109' title='bbox 889 1061 967 1085; x_wconf 91' lang='lat' dir='ltr'>una</span> <span class='ocrx_word' id='word_1_110' title='bbox 986 1060 1072 1085; x_wconf 91' lang='lat' dir='ltr'>cum</span> <span class='ocrx_word' id='word_1_111' title='bbox 1089 1060 1205 1085; x_wconf 82' lang='lat' dir='ltr'>uxore</span> <span class='ocrx_word' id='word_1_112' title='bbox 1223 1048 1369 1087; x_wconf 82' lang='lat' dir='ltr'>Dioclis</span> <span class='ocrx_word' id='word_1_113' title='bbox 1391 1051 1483 1100; x_wconf 91' lang='lat' dir='ltr'>[non</span> <span class='ocrx_word' id='word_1_114' title='bbox 1503 1050 1629 1101; x_wconf 91' lang='lat' dir='ltr'>hujus,</span> <span class='ocrx_word' id='word_1_115' title='bbox 1646 1051 1716 1089; x_wconf 88' lang='lat' dir='ltr'>sed</span> 
     </span>
     <span class='ocr_line' id='line_1_15' title="bbox 269 1110 1718 1166; baseline 0.002 -16"><span class='ocrx_word' id='word_1_116' title='bbox 269 1112 397 1162; x_wconf 89' lang='lat' dir='ltr'>alius],</span> <span class='ocrx_word' id='word_1_117' title='bbox 417 1111 628 1149; x_wconf 89' lang='lat' dir='ltr'>Pitthensis</span> <span class='ocrx_word' id='word_1_118' title='bbox 658 1119 761 1163; x_wconf 89' lang='lat' dir='ltr'>puta,</span> <span class='ocrx_word' id='word_1_119' title='bbox 781 1110 1018 1161; x_wconf 86' lang='lat' dir='ltr'>delegerunt,</span> <span class='ocrx_word' id='word_1_120' title='bbox 1038 1124 1115 1161; x_wconf 93' lang='lat' dir='ltr'>quo</span> <span class='ocrx_word' id='word_1_121' title='bbox 1136 1110 1196 1148; x_wconf 78' lang='lat' dir='ltr'>11ae</span> <span class='ocrx_word' id='word_1_122' title='bbox 1216 1112 1303 1149; x_wconf 82' lang='lat' dir='ltr'>duae</span> <span class='ocrx_word' id='word_1_123' title='bbox 1323 1113 1499 1151; x_wconf 89' lang='lat' dir='ltr'>mulieres</span> <span class='ocrx_word' id='word_1_124' title='bbox 1527 1114 1718 1166; x_wconf 85' lang='lat' dir='ltr'>principes</span> 
     </span>
     <span class='ocr_line' id='line_1_16' title="bbox 268 1172 1717 1226; baseline 0.001 -13"><span class='ocrx_word' id='word_1_125' title='bbox 268 1187 419 1225; x_wconf 80' lang='lat' dir='ltr'>pompae</span> <span class='ocrx_word' id='word_1_126' title='bbox 451 1173 645 1211; x_wconf 86' lang='lat' dir='ltr'>muliebris</span> <span class='ocrx_word' id='word_1_127' title='bbox 671 1180 812 1219; x_wconf 84' lang='lat' dir='ltr'>essent,</span> <span class='ocrx_word' id='word_1_128' title='bbox 832 1172 868 1209; x_wconf 88' lang='lat' dir='ltr'>iu</span> <span class='ocrx_word' id='word_1_129' title='bbox 889 1172 1199 1224; x_wconf 83' lang='lat' dir='ltr'>Thesmophoriis</span> <span class='ocrx_word' id='word_1_130' title='bbox 1232 1174 1439 1213; x_wconf 82' lang='lat' dir='ltr'>solenniter</span> <span class='ocrx_word' id='word_1_131' title='bbox 1458 1174 1508 1213; x_wconf 91' lang='lat' dir='ltr'>ad</span> <span class='ocrx_word' id='word_1_132' title='bbox 1534 1175 1717 1226; x_wconf 87' lang='lat' dir='ltr'>templum</span> 
     </span>
     <span class='ocr_line' id='line_1_17' title="bbox 270 1233 1718 1287; baseline 0.001 -13"><span class='ocrx_word' id='word_1_133' title='bbox 270 1237 422 1274; x_wconf 86' lang='lat' dir='ltr'>Cereris</span> <span class='ocrx_word' id='word_1_134' title='bbox 454 1234 708 1287; x_wconf 85' lang='lat' dir='ltr'>procedentis,</span> <span class='ocrx_word' id='word_1_135' title='bbox 743 1241 782 1273; x_wconf 91' lang='lat' dir='ltr'>et</span> <span class='ocrx_word' id='word_1_136' title='bbox 814 1242 857 1272; x_wconf 91' lang='lat' dir='ltr'>ut</span> <span class='ocrx_word' id='word_1_137' title='bbox 890 1233 951 1271; x_wconf 86' lang='lat' dir='ltr'>hae</span> <span class='ocrx_word' id='word_1_138' title='bbox 989 1234 1076 1272; x_wconf 83' lang='lat' dir='ltr'>duae</span> <span class='ocrx_word' id='word_1_139' title='bbox 1107 1247 1216 1273; x_wconf 89' lang='lat' dir='ltr'>sacra</span> <span class='ocrx_word' id='word_1_140' title='bbox 1243 1243 1395 1275; x_wconf 89' lang='lat' dir='ltr'>vetusto</span> <span class='ocrx_word' id='word_1_141' title='bbox 1427 1236 1500 1274; x_wconf 89' lang='lat' dir='ltr'>ritu</span> <span class='ocrx_word' id='word_1_142' title='bbox 1534 1237 1718 1287; x_wconf 77' lang='lat' dir='ltr'>facerent.</span> 
     </span>
     <span class='ocr_line' id='line_1_18' title="bbox 270 1295 1718 1350; baseline 0.001 -14"><span class='ocrx_word' id='word_1_143' title='bbox 270 1299 385 1336; x_wconf 86' lang='lat' dir='ltr'>Pater</span> <span class='ocrx_word' id='word_1_144' title='bbox 405 1310 558 1348; x_wconf 91' lang='lat' dir='ltr'>quoque</span> <span class='ocrx_word' id='word_1_145' title='bbox 579 1304 722 1343; x_wconf 88' lang='lat' dir='ltr'>noster,</span> <span class='ocrx_word' id='word_1_146' title='bbox 735 1304 777 1334; x_wconf 91' lang='lat' dir='ltr'>ut</span> <span class='ocrx_word' id='word_1_147' title='bbox 793 1296 871 1334; x_wconf 89' lang='lat' dir='ltr'>nati</span> <span class='ocrx_word' id='word_1_148' title='bbox 891 1295 1045 1343; x_wconf 86' lang='lat' dir='ltr'>fuimus,</span> <span class='ocrx_word' id='word_1_149' title='bbox 1065 1296 1102 1334; x_wconf 90' lang='lat' dir='ltr'>in</span> <span class='ocrx_word' id='word_1_150' title='bbox 1123 1296 1322 1347; x_wconf 85' lang='lat' dir='ltr'>phratoras</span> <span class='ocrx_word' id='word_1_151' title='bbox 1343 1310 1412 1336; x_wconf 91' lang='lat' dir='ltr'>nos</span> <span class='ocrx_word' id='word_1_152' title='bbox 1432 1298 1597 1345; x_wconf 88' lang='lat' dir='ltr'>induxit,</span> <span class='ocrx_word' id='word_1_153' title='bbox 1611 1300 1718 1350; x_wconf 86' lang='lat' dir='ltr'>jure-</span> 
     </span>
     <span class='ocr_line' id='line_1_19' title="bbox 262 1357 1719 1412; baseline -0.001 -14"><span class='ocrx_word' id='word_1_154' title='bbox 262 1359 431 1412; x_wconf 83' lang='lat' dir='ltr'>jurando</span> <span class='ocrx_word' id='word_1_155' title='bbox 451 1358 555 1397; x_wconf 91' lang='lat' dir='ltr'>dicto</span> <span class='ocrx_word' id='word_1_156' title='bbox 575 1370 645 1396; x_wconf 84' lang='lat' dir='ltr'>nos</span> <span class='ocrx_word' id='word_1_157' title='bbox 663 1358 734 1396; x_wconf 86' lang='lat' dir='ltr'>sibi</span> <span class='ocrx_word' id='word_1_158' title='bbox 754 1372 774 1397; x_wconf 88' lang='lat' dir='ltr'>e</span> <span class='ocrx_word' id='word_1_159' title='bbox 795 1358 877 1396; x_wconf 90' lang='lat' dir='ltr'>cive</span> <span class='ocrx_word' id='word_1_160' title='bbox 897 1358 1026 1396; x_wconf 86' lang='lat' dir='ltr'>Attica</span> <span class='ocrx_word' id='word_1_161' title='bbox 1040 1357 1207 1409; x_wconf 86' lang='lat' dir='ltr'>legitime</span> <span class='ocrx_word' id='word_1_162' title='bbox 1227 1359 1297 1396; x_wconf 88' lang='lat' dir='ltr'>sibi</span> <span class='ocrx_word' id='word_1_163' title='bbox 1315 1358 1511 1410; x_wconf 86' lang='lat' dir='ltr'>desponsa</span> <span class='ocrx_word' id='word_1_164' title='bbox 1527 1373 1576 1398; x_wconf 86' lang='lat' dir='ltr'>ex</span> <span class='ocrx_word' id='word_1_165' title='bbox 1593 1360 1719 1399; x_wconf 88' lang='lat' dir='ltr'>edicto</span> 
     </span>
     <span class='ocr_line' id='line_1_20' title="bbox 267 1419 1717 1472; baseline 0 -13"><span class='ocrx_word' id='word_1_166' title='bbox 267 1422 394 1472; x_wconf 88' lang='lat' dir='ltr'>legum</span> <span class='ocrx_word' id='word_1_167' title='bbox 423 1421 460 1458; x_wconf 92' lang='lat' dir='ltr'>in</span> <span class='ocrx_word' id='word_1_168' title='bbox 479 1419 677 1471; x_wconf 89' lang='lat' dir='ltr'>republica</span> <span class='ocrx_word' id='word_1_169' title='bbox 704 1420 955 1458; x_wconf 86' lang='lat' dir='ltr'>obtinentium</span> <span class='ocrx_word' id='word_1_170' title='bbox 981 1427 1092 1457; x_wconf 89' lang='lat' dir='ltr'>natos</span> <span class='ocrx_word' id='word_1_171' title='bbox 1113 1432 1225 1458; x_wconf 86' lang='lat' dir='ltr'>esse:</span> <span class='ocrx_word' id='word_1_172' title='bbox 1266 1420 1486 1471; x_wconf 88' lang='lat' dir='ltr'>phratorum</span> <span class='ocrx_word' id='word_1_173' title='bbox 1516 1421 1566 1458; x_wconf 92' lang='lat' dir='ltr'>ibi</span> <span class='ocrx_word' id='word_1_174' title='bbox 1587 1421 1717 1460; x_wconf 89' lang='lat' dir='ltr'>nullus</span> 
     </span>
     <span class='ocr_line' id='line_1_21' title="bbox 267 1481 1716 1532; baseline 0 -12"><span class='ocrx_word' id='word_1_175' title='bbox 267 1483 467 1521; x_wconf 86' lang='lat' dir='ltr'>oblocutus</span> <span class='ocrx_word' id='word_1_176' title='bbox 483 1488 542 1519; x_wconf 90' lang='lat' dir='ltr'>est</span> <span class='ocrx_word' id='word_1_177' title='bbox 559 1494 684 1531; x_wconf 84' lang='lat' dir='ltr'>neque</span> <span class='ocrx_word' id='word_1_178' title='bbox 703 1481 898 1519; x_wconf 83' lang='lat' dir='ltr'>veritatem</span> <span class='ocrx_word' id='word_1_179' title='bbox 914 1481 966 1518; x_wconf 88' lang='lat' dir='ltr'>rei</span> <span class='ocrx_word' id='word_1_180' title='bbox 980 1481 1231 1532; x_wconf 87' lang='lat' dir='ltr'>jurejurando</span> <span class='ocrx_word' id='word_1_181' title='bbox 1253 1483 1489 1520; x_wconf 85' lang='lat' dir='ltr'>confirmatae</span> <span class='ocrx_word' id='word_1_182' title='bbox 1503 1483 1538 1520; x_wconf 92' lang='lat' dir='ltr'>in</span> <span class='ocrx_word' id='word_1_183' title='bbox 1557 1483 1716 1521; x_wconf 88' lang='lat' dir='ltr'>dubium</span> 
     </span>
     <span class='ocr_line' id='line_1_22' title="bbox 268 1543 1720 1594; baseline 0.001 -12"><span class='ocrx_word' id='word_1_184' title='bbox 268 1544 443 1589; x_wconf 87' lang='lat' dir='ltr'>adduxit,</span> <span class='ocrx_word' id='word_1_185' title='bbox 464 1543 618 1581; x_wconf 84' lang='lat' dir='ltr'>tametsi</span> <span class='ocrx_word' id='word_1_186' title='bbox 637 1543 857 1593; x_wconf 83' lang='lat' dir='ltr'>phratorum</span> <span class='ocrx_word' id='word_1_187' title='bbox 883 1555 1048 1592; x_wconf 84' lang='lat' dir='ltr'>magnus</span> <span class='ocrx_word' id='word_1_188' title='bbox 1067 1550 1166 1581; x_wconf 82' lang='lat' dir='ltr'>esset</span> <span class='ocrx_word' id='word_1_189' title='bbox 1193 1557 1374 1582; x_wconf 89' lang='lat' dir='ltr'>numerus</span> <span class='ocrx_word' id='word_1_190' title='bbox 1396 1544 1495 1594; x_wconf 89' lang='lat' dir='ltr'>iique</span> <span class='ocrx_word' id='word_1_191' title='bbox 1516 1545 1599 1582; x_wconf 86' lang='lat' dir='ltr'>haec</span> <span class='ocrx_word' id='word_1_192' title='bbox 1627 1545 1720 1583; x_wconf 87' lang='lat' dir='ltr'>talia</span> 
     </span>
     <span class='ocr_line' id='line_1_23' title="bbox 268 1604 1719 1657; baseline 0.001 -14"><span class='ocrx_word' id='word_1_193' title='bbox 268 1606 351 1657; x_wconf 89' lang='lat' dir='ltr'>[ubi</span> <span class='ocrx_word' id='word_1_194' title='bbox 381 1605 428 1643; x_wconf 91' lang='lat' dir='ltr'>de</span> <span class='ocrx_word' id='word_1_195' title='bbox 448 1605 574 1642; x_wconf 86' lang='lat' dir='ltr'>liberis</span> <span class='ocrx_word' id='word_1_196' title='bbox 594 1604 719 1655; x_wconf 80' lang='lat' dir='ltr'>agitur</span> <span class='ocrx_word' id='word_1_197' title='bbox 746 1604 783 1641; x_wconf 91' lang='lat' dir='ltr'>in</span> <span class='ocrx_word' id='word_1_198' title='bbox 810 1612 949 1640; x_wconf 84' lang='lat' dir='ltr'>coetum</span> <span class='ocrx_word' id='word_1_199' title='bbox 980 1617 1090 1642; x_wconf 88' lang='lat' dir='ltr'>suum</span> <span class='ocrx_word' id='word_1_200' title='bbox 1121 1604 1350 1657; x_wconf 87' lang='lat' dir='ltr'>inferendis]</span> <span class='ocrx_word' id='word_1_201' title='bbox 1381 1618 1566 1656; x_wconf 88' lang='lat' dir='ltr'>perquam</span> <span class='ocrx_word' id='word_1_202' title='bbox 1587 1618 1719 1644; x_wconf 89' lang='lat' dir='ltr'>severe</span> 
     </span>
     <span class='ocr_line' id='line_1_24' title="bbox 268 1666 1718 1720; baseline 0 -13"><span class='ocrx_word' id='word_1_203' title='bbox 268 1676 382 1720; x_wconf 85' lang='lat' dir='ltr'>atque</span> <span class='ocrx_word' id='word_1_204' title='bbox 401 1669 535 1706; x_wconf 88' lang='lat' dir='ltr'>acerbe</span> <span class='ocrx_word' id='word_1_205' title='bbox 559 1666 719 1705; x_wconf 87' lang='lat' dir='ltr'>scrutari</span> <span class='ocrx_word' id='word_1_206' title='bbox 746 1666 908 1706; x_wconf 89' lang='lat' dir='ltr'>soleant.</span> <span class='ocrx_word' id='word_1_207' title='bbox 966 1667 1083 1718; x_wconf 87' lang='lat' dir='ltr'>Atqui</span> <span class='ocrx_word' id='word_1_208' title='bbox 1105 1668 1320 1706; x_wconf 84' lang='lat' dir='ltr'>existimare</span> <span class='ocrx_word' id='word_1_209' title='bbox 1339 1682 1408 1707; x_wconf 92' lang='lat' dir='ltr'>vos</span> <span class='ocrx_word' id='word_1_210' title='bbox 1428 1675 1592 1720; x_wconf 89' lang='lat' dir='ltr'>oportet,</span> <span class='ocrx_word' id='word_1_211' title='bbox 1622 1682 1667 1707; x_wconf 89' lang='lat' dir='ltr'>ea</span> <span class='ocrx_word' id='word_1_212' title='bbox 1686 1670 1718 1708; x_wconf 91' lang='lat' dir='ltr'>si</span> 
     </span>
     <span class='ocr_line' id='line_1_25' title="bbox 269 1729 1718 1782; baseline 0.001 -13"><span class='ocrx_word' id='word_1_213' title='bbox 269 1731 402 1769; x_wconf 82' lang='lat' dir='ltr'>fuisset</span> <span class='ocrx_word' id='word_1_214' title='bbox 428 1738 548 1767; x_wconf 88' lang='lat' dir='ltr'>mater</span> <span class='ocrx_word' id='word_1_215' title='bbox 572 1736 703 1767; x_wconf 86' lang='lat' dir='ltr'>nostra</span> <span class='ocrx_word' id='word_1_216' title='bbox 729 1741 845 1780; x_wconf 86' lang='lat' dir='ltr'>quam</span> <span class='ocrx_word' id='word_1_217' title='bbox 878 1729 915 1765; x_wconf 91' lang='lat' dir='ltr'>hi</span> <span class='ocrx_word' id='word_1_218' title='bbox 947 1729 1172 1779; x_wconf 85' lang='lat' dir='ltr'>praedicant,</span> <span class='ocrx_word' id='word_1_219' title='bbox 1205 1738 1351 1780; x_wconf 90' lang='lat' dir='ltr'>patrem</span> <span class='ocrx_word' id='word_1_220' title='bbox 1386 1738 1558 1769; x_wconf 85' lang='lat' dir='ltr'>nostrum</span> <span class='ocrx_word' id='word_1_221' title='bbox 1593 1744 1718 1782; x_wconf 89' lang='lat' dir='ltr'>neque</span> 
     </span>
     <span class='ocr_line' id='line_1_26' title="bbox 268 1790 1717 1844; baseline 0.001 -15"><span class='ocrx_word' id='word_1_222' title='bbox 268 1792 422 1844; x_wconf 88' lang='lat' dir='ltr'>nuptias</span> <span class='ocrx_word' id='word_1_223' title='bbox 441 1791 524 1843; x_wconf 85' lang='lat' dir='ltr'>ejus</span> <span class='ocrx_word' id='word_1_224' title='bbox 549 1790 702 1829; x_wconf 89' lang='lat' dir='ltr'>nomine</span> <span class='ocrx_word' id='word_1_225' title='bbox 728 1790 847 1828; x_wconf 89' lang='lat' dir='ltr'>fuisse</span> <span class='ocrx_word' id='word_1_226' title='bbox 867 1790 1144 1829; x_wconf 84' lang='lat' dir='ltr'>celebraturum</span> <span class='ocrx_word' id='word_1_227' title='bbox 1167 1804 1290 1840; x_wconf 86' lang='lat' dir='ltr'>neque</span> <span class='ocrx_word' id='word_1_228' title='bbox 1318 1791 1486 1842; x_wconf 88' lang='lat' dir='ltr'>nuptiale</span> <span class='ocrx_word' id='word_1_229' title='bbox 1507 1805 1658 1830; x_wconf 88' lang='lat' dir='ltr'>sacrum</span> <span class='ocrx_word' id='word_1_230' title='bbox 1679 1793 1717 1830; x_wconf 91' lang='lat' dir='ltr'>in</span> 
     </span>
     <span class='ocr_line' id='line_1_27' title="bbox 268 1851 1721 1905; baseline 0.001 -15"><span class='ocrx_word' id='word_1_231' title='bbox 268 1853 474 1905; x_wconf 84' lang='lat' dir='ltr'>phratriam</span> <span class='ocrx_word' id='word_1_232' title='bbox 488 1852 693 1896; x_wconf 86' lang='lat' dir='ltr'>illaturum,</span> <span class='ocrx_word' id='word_1_233' title='bbox 709 1852 777 1890; x_wconf 88' lang='lat' dir='ltr'>sed</span> <span class='ocrx_word' id='word_1_234' title='bbox 790 1851 917 1903; x_wconf 86' lang='lat' dir='ltr'>potius</span> <span class='ocrx_word' id='word_1_235' title='bbox 933 1852 1152 1902; x_wconf 86' lang='lat' dir='ltr'>conjugium</span> <span class='ocrx_word' id='word_1_236' title='bbox 1171 1865 1193 1889; x_wconf 89' lang='lat' dir='ltr'>a</span> <span class='ocrx_word' id='word_1_237' title='bbox 1205 1865 1247 1889; x_wconf 90' lang='lat' dir='ltr'>se</span> <span class='ocrx_word' id='word_1_238' title='bbox 1261 1865 1347 1890; x_wconf 89' lang='lat' dir='ltr'>cum</span> <span class='ocrx_word' id='word_1_239' title='bbox 1363 1852 1427 1890; x_wconf 91' lang='lat' dir='ltr'>illa</span> <span class='ocrx_word' id='word_1_240' title='bbox 1442 1853 1574 1891; x_wconf 88' lang='lat' dir='ltr'>initum</span> <span class='ocrx_word' id='word_1_241' title='bbox 1592 1854 1721 1892; x_wconf 92' lang='lat' dir='ltr'>occul-</span> 
     </span>
     <span class='ocr_line' id='line_1_28' title="bbox 271 1912 1718 1964; baseline 0.001 -12"><span class='ocrx_word' id='word_1_242' title='bbox 271 1921 352 1952; x_wconf 89' lang='lat' dir='ltr'>tum</span> <span class='ocrx_word' id='word_1_243' title='bbox 374 1914 491 1952; x_wconf 83' lang='lat' dir='ltr'>fuisse</span> <span class='ocrx_word' id='word_1_244' title='bbox 511 1912 750 1950; x_wconf 86' lang='lat' dir='ltr'>habiturum:</span> <span class='ocrx_word' id='word_1_245' title='bbox 781 1912 1007 1962; x_wconf 85' lang='lat' dir='ltr'>reliquorum</span> <span class='ocrx_word' id='word_1_246' title='bbox 1029 1925 1184 1964; x_wconf 88' lang='lat' dir='ltr'>quoque</span> <span class='ocrx_word' id='word_1_247' title='bbox 1213 1913 1449 1951; x_wconf 83' lang='lat' dir='ltr'>demotarum</span> <span class='ocrx_word' id='word_1_248' title='bbox 1471 1928 1609 1952; x_wconf 87' lang='lat' dir='ltr'>uxores</span> <span class='ocrx_word' id='word_1_249' title='bbox 1634 1928 1718 1953; x_wconf 88' lang='lat' dir='ltr'>eam</span> 
     </span>
     <span class='ocr_line' id='line_1_29' title="bbox 270 1975 1716 2027; baseline 0 -13"><span class='ocrx_word' id='word_1_250' title='bbox 270 1989 469 2027; x_wconf 86' lang='lat' dir='ltr'>nunquam</span> <span class='ocrx_word' id='word_1_251' title='bbox 496 1975 733 2025; x_wconf 84' lang='lat' dir='ltr'>delegissent</span> <span class='ocrx_word' id='word_1_252' title='bbox 760 1975 806 2012; x_wconf 88' lang='lat' dir='ltr'>ad</span> <span class='ocrx_word' id='word_1_253' title='bbox 839 1988 947 2012; x_wconf 83' lang='lat' dir='ltr'>sacra</span> <span class='ocrx_word' id='word_1_254' title='bbox 976 1987 1052 2011; x_wconf 85' lang='lat' dir='ltr'>una</span> <span class='ocrx_word' id='word_1_255' title='bbox 1076 1987 1163 2012; x_wconf 89' lang='lat' dir='ltr'>cum</span> <span class='ocrx_word' id='word_1_256' title='bbox 1187 1975 1332 2012; x_wconf 88' lang='lat' dir='ltr'>Dioclis</span> <span class='ocrx_word' id='word_1_257' title='bbox 1353 1988 1472 2013; x_wconf 84' lang='lat' dir='ltr'>uxore</span> <span class='ocrx_word' id='word_1_258' title='bbox 1501 1976 1716 2014; x_wconf 85' lang='lat' dir='ltr'>faciendum</span> 
     </span>
     <span class='ocr_line' id='line_1_30' title="bbox 271 2036 1717 2088; baseline 0.001 -13"><span class='ocrx_word' id='word_1_259' title='bbox 271 2051 396 2088; x_wconf 89' lang='lat' dir='ltr'>neque</span> <span class='ocrx_word' id='word_1_260' title='bbox 417 2049 527 2075; x_wconf 82' lang='lat' dir='ltr'>sacra</span> <span class='ocrx_word' id='word_1_261' title='bbox 547 2049 617 2074; x_wconf 84' lang='lat' dir='ltr'>sua</span> <span class='ocrx_word' id='word_1_262' title='bbox 636 2036 736 2074; x_wconf 91' lang='lat' dir='ltr'>illius</span> <span class='ocrx_word' id='word_1_263' title='bbox 752 2036 904 2074; x_wconf 83' lang='lat' dir='ltr'>arbitrio</span> <span class='ocrx_word' id='word_1_264' title='bbox 924 2036 1089 2086; x_wconf 90' lang='lat' dir='ltr'>fideique</span> <span class='ocrx_word' id='word_1_265' title='bbox 1105 2036 1401 2083; x_wconf 83' lang='lat' dir='ltr'>commisissent,</span> <span class='ocrx_word' id='word_1_266' title='bbox 1424 2038 1491 2075; x_wconf 90' lang='lat' dir='ltr'>sed</span> <span class='ocrx_word' id='word_1_267' title='bbox 1508 2038 1633 2088; x_wconf 90' lang='lat' dir='ltr'>potius</span> <span class='ocrx_word' id='word_1_268' title='bbox 1655 2039 1717 2076; x_wconf 91' lang='lat' dir='ltr'>alii</span> 
     </span>
     <span class='ocr_line' id='line_1_31' title="bbox 271 2099 1720 2151; baseline 0 -13"><span class='ocrx_word' id='word_1_269' title='bbox 271 2101 487 2150; x_wconf 89' lang='lat' dir='ltr'>cuicunque</span> <span class='ocrx_word' id='word_1_270' title='bbox 501 2106 685 2137; x_wconf 81' lang='lat' dir='ltr'>matronae</span> <span class='ocrx_word' id='word_1_271' title='bbox 701 2106 846 2137; x_wconf 89' lang='lat' dir='ltr'>tantam</span> <span class='ocrx_word' id='word_1_272' title='bbox 860 2112 939 2136; x_wconf 86' lang='lat' dir='ltr'>rem</span> <span class='ocrx_word' id='word_1_273' title='bbox 954 2099 1214 2150; x_wconf 82' lang='lat' dir='ltr'>permisissent</span> <span class='ocrx_word' id='word_1_274' title='bbox 1231 2113 1239 2136; x_wconf 92' lang='lat'>:</span> <span class='ocrx_word' id='word_1_275' title='bbox 1278 2100 1475 2151; x_wconf 82' lang='lat' dir='ltr'>phratores</span> <span class='ocrx_word' id='word_1_276' title='bbox 1491 2101 1580 2138; x_wconf 90' lang='lat' dir='ltr'>item</span> <span class='ocrx_word' id='word_1_277' title='bbox 1594 2102 1631 2138; x_wconf 89' lang='lat' dir='ltr'>in</span> <span class='ocrx_word' id='word_1_278' title='bbox 1644 2101 1720 2139; x_wconf 92' lang='lat' dir='ltr'>col-</span> 
     </span>
     <span class='ocr_line' id='line_1_32' title="bbox 271 2161 1720 2214; baseline 0.001 -15"><span class='ocrx_word' id='word_1_279' title='bbox 271 2162 410 2212; x_wconf 81' lang='lat' dir='ltr'>legium</span> <span class='ocrx_word' id='word_1_280' title='bbox 440 2174 552 2199; x_wconf 92' lang='lat' dir='ltr'>suum</span> <span class='ocrx_word' id='word_1_281' title='bbox 572 2173 643 2198; x_wconf 92' lang='lat' dir='ltr'>nos</span> <span class='ocrx_word' id='word_1_282' title='bbox 668 2174 743 2198; x_wconf 90' lang='lat' dir='ltr'>non</span> <span class='ocrx_word' id='word_1_283' title='bbox 770 2167 1029 2211; x_wconf 86' lang='lat' dir='ltr'>cooptassent,</span> <span class='ocrx_word' id='word_1_284' title='bbox 1051 2161 1119 2198; x_wconf 90' lang='lat' dir='ltr'>sed</span> <span class='ocrx_word' id='word_1_285' title='bbox 1147 2170 1398 2200; x_wconf 87' lang='lat' dir='ltr'>accusassent</span> <span class='ocrx_word' id='word_1_286' title='bbox 1422 2163 1550 2214; x_wconf 82' lang='lat' dir='ltr'>potius</span> <span class='ocrx_word' id='word_1_287' title='bbox 1578 2163 1720 2202; x_wconf 87' lang='lat' dir='ltr'>natalia</span> 
     </span>
     <span class='ocr_line' id='line_1_33' title="bbox 272 2222 1719 2274; baseline 0 -12"><span class='ocrx_word' id='word_1_288' title='bbox 272 2230 403 2262; x_wconf 86' lang='lat' dir='ltr'>nostra</span> <span class='ocrx_word' id='word_1_289' title='bbox 414 2222 667 2261; x_wconf 88' lang='lat' dir='ltr'>claudicantis</span> <span class='ocrx_word' id='word_1_290' title='bbox 681 2223 926 2272; x_wconf 86' lang='lat' dir='ltr'>ingenuitatis</span> <span class='ocrx_word' id='word_1_291' title='bbox 938 2235 1145 2273; x_wconf 87' lang='lat' dir='ltr'>eorumque</span> <span class='ocrx_word' id='word_1_292' title='bbox 1154 2223 1286 2260; x_wconf 74' lang='lat' dir='ltr'>vitium</span> <span class='ocrx_word' id='word_1_293' title='bbox 1305 2223 1340 2260; x_wconf 91' lang='lat' dir='ltr'>in</span> <span class='ocrx_word' id='word_1_294' title='bbox 1358 2231 1530 2274; x_wconf 90' lang='lat' dir='ltr'>apertum</span> <span class='ocrx_word' id='word_1_295' title='bbox 1543 2224 1719 2273; x_wconf 85' lang='lat' dir='ltr'>protulis-</span> 
     </span>
     <span class='ocr_line' id='line_1_34' title="bbox 274 2283 1729 2336; baseline 0 -13"><span class='ocrx_word' id='word_1_296' title='bbox 274 2291 373 2330; x_wconf 86' lang='lat' dir='ltr'>sent,</span> <span class='ocrx_word' id='word_1_297' title='bbox 392 2283 465 2322; x_wconf 86' lang='lat' dir='ltr'>nisi</span> <span class='ocrx_word' id='word_1_298' title='bbox 481 2290 639 2321; x_wconf 88' lang='lat' dir='ltr'>matrem</span> <span class='ocrx_word' id='word_1_299' title='bbox 655 2290 822 2321; x_wconf 84' lang='lat' dir='ltr'>nostram</span> <span class='ocrx_word' id='word_1_300' title='bbox 839 2284 1044 2333; x_wconf 85' lang='lat' dir='ltr'>genuinam</span> <span class='ocrx_word' id='word_1_301' title='bbox 1061 2284 1211 2322; x_wconf 88' lang='lat' dir='ltr'>Cironis</span> <span class='ocrx_word' id='word_1_302' title='bbox 1231 2297 1316 2322; x_wconf 89' lang='lat' dir='ltr'>esse</span> <span class='ocrx_word' id='word_1_303' title='bbox 1331 2285 1444 2322; x_wconf 82' lang='lat' dir='ltr'>fillam</span> <span class='ocrx_word' id='word_1_304' title='bbox 1461 2284 1729 2336; x_wconf 82' lang='lat' dir='ltr'>undecunque-</span> 
     </span>
     <span class='ocr_line' id='line_1_35' title="bbox 273 2344 1719 2396; baseline -0.001 -11"><span class='ocrx_word' id='word_1_305' title='bbox 273 2352 456 2384; x_wconf 83' lang='lat' dir='ltr'>testatum</span> <span class='ocrx_word' id='word_1_306' title='bbox 476 2351 515 2383; x_wconf 88' lang='lat' dir='ltr'>et</span> <span class='ocrx_word' id='word_1_307' title='bbox 532 2344 635 2396; x_wconf 87' lang='lat' dir='ltr'>apud</span> <span class='ocrx_word' id='word_1_308' title='bbox 651 2357 782 2382; x_wconf 88' lang='lat' dir='ltr'>omnes</span> <span class='ocrx_word' id='word_1_309' title='bbox 801 2344 839 2383; x_wconf 88' lang='lat' dir='ltr'>in</span> <span class='ocrx_word' id='word_1_310' title='bbox 852 2346 1029 2383; x_wconf 87' lang='lat' dir='ltr'>confesso</span> <span class='ocrx_word' id='word_1_311' title='bbox 1050 2346 1197 2384; x_wconf 83' lang='lat' dir='ltr'>fuisset.</span> <span class='ocrx_word' id='word_1_312' title='bbox 1253 2346 1339 2384; x_wconf 84' lang='lat' dir='ltr'>Jam</span> <span class='ocrx_word' id='word_1_313' title='bbox 1360 2359 1448 2384; x_wconf 86' lang='lat' dir='ltr'>vero</span> <span class='ocrx_word' id='word_1_314' title='bbox 1468 2346 1560 2384; x_wconf 89' lang='lat' dir='ltr'>nihil</span> <span class='ocrx_word' id='word_1_315' title='bbox 1583 2346 1719 2385; x_wconf 83' lang='lat' dir='ltr'>horum</span> 
     </span>
     <span class='ocr_line' id='line_1_36' title="bbox 273 2406 1716 2459; baseline 0.001 -14"><span class='ocrx_word' id='word_1_316' title='bbox 273 2420 441 2459; x_wconf 88' lang='lat' dir='ltr'>unquam</span> <span class='ocrx_word' id='word_1_317' title='bbox 462 2406 499 2444; x_wconf 92' lang='lat' dir='ltr'>in</span> <span class='ocrx_word' id='word_1_318' title='bbox 520 2406 813 2444; x_wconf 85' lang='lat' dir='ltr'>controversiam</span> <span class='ocrx_word' id='word_1_319' title='bbox 841 2406 958 2452; x_wconf 89' lang='lat' dir='ltr'>venit,</span> <span class='ocrx_word' id='word_1_320' title='bbox 978 2414 1020 2443; x_wconf 86' lang='lat' dir='ltr'>ut</span> <span class='ocrx_word' id='word_1_321' title='bbox 1040 2407 1076 2444; x_wconf 91' lang='lat' dir='ltr'>in</span> <span class='ocrx_word' id='word_1_322' title='bbox 1099 2421 1138 2445; x_wconf 88' lang='lat' dir='ltr'>re</span> <span class='ocrx_word' id='word_1_323' title='bbox 1156 2407 1356 2459; x_wconf 84' lang='lat' dir='ltr'>invulgata</span> <span class='ocrx_word' id='word_1_324' title='bbox 1375 2415 1414 2446; x_wconf 90' lang='lat' dir='ltr'>et</span> <span class='ocrx_word' id='word_1_325' title='bbox 1438 2421 1501 2446; x_wconf 83' lang='lat' dir='ltr'>ore</span> <span class='ocrx_word' id='word_1_326' title='bbox 1521 2408 1716 2446; x_wconf 86' lang='lat' dir='ltr'>hominum</span> 
     </span>
     <span class='ocr_line' id='line_1_37' title="bbox 273 2467 1718 2520; baseline 0 -13"><span class='ocrx_word' id='word_1_327' title='bbox 273 2469 443 2507; x_wconf 88' lang='lat' dir='ltr'>omnium</span> <span class='ocrx_word' id='word_1_328' title='bbox 471 2467 754 2507; x_wconf 83' lang='lat' dir='ltr'>concelebrata.</span> <span class='ocrx_word' id='word_1_329' title='bbox 811 2467 913 2506; x_wconf 86' lang='lat' dir='ltr'>Vera</span> <span class='ocrx_word' id='word_1_330' title='bbox 938 2467 1024 2506; x_wconf 82' lang='lat' dir='ltr'>haec</span> <span class='ocrx_word' id='word_1_331' title='bbox 1053 2481 1076 2505; x_wconf 85' lang='lat' dir='ltr'>a</span> <span class='ocrx_word' id='word_1_332' title='bbox 1095 2481 1154 2507; x_wconf 90' lang='lat' dir='ltr'>me</span> <span class='ocrx_word' id='word_1_333' title='bbox 1183 2469 1257 2507; x_wconf 88' lang='lat' dir='ltr'>dici</span> <span class='ocrx_word' id='word_1_334' title='bbox 1286 2482 1364 2520; x_wconf 90' lang='lat' dir='ltr'>quo</span> <span class='ocrx_word' id='word_1_335' title='bbox 1393 2475 1554 2515; x_wconf 87' lang='lat' dir='ltr'>constet,</span> <span class='ocrx_word' id='word_1_336' title='bbox 1581 2469 1657 2508; x_wconf 83' lang='lat' dir='ltr'>cita</span> <span class='ocrx_word' id='word_1_337' title='bbox 1676 2477 1718 2507; x_wconf 82' lang='lat' dir='ltr'>tu</span> 
     </span>
     <span class='ocr_line' id='line_1_38' title="bbox 274 2530 652 2569; baseline -0.003 -1"><span class='ocrx_word' id='word_1_338' title='bbox 274 2530 365 2569; x_wconf 89' lang='lat' dir='ltr'>mihi</span> <span class='ocrx_word' id='word_1_339' title='bbox 383 2531 501 2569; x_wconf 88' lang='lat' dir='ltr'>hosce</span> <span class='ocrx_word' id='word_1_340' title='bbox 516 2535 652 2568; x_wconf 86' lang='lat' dir='ltr'>testes.</span> 
     </span>
    </p>
   </div>
   <div class='ocr_carea' id='block_1_6' title="bbox 883 2629 1102 2667">
    <p class='ocr_par' dir='ltr' id='par_1_6' title="bbox 883 2629 1102 2667">
     <span class='ocr_line' id='line_1_39' title="bbox 883 2629 1102 2667; baseline 0 0"><span class='ocrx_word' id='word_1_341' title='bbox 883 2629 1102 2667; x_wconf 87' lang='lat' dir='ltr'>TESTES.</span> 
     </span>
    </p>
   </div>
   <div class='ocr_carea' id='block_1_7' title="bbox 277 2707 1723 2946">
    <p class='ocr_par' dir='ltr' id='par_1_7' title="bbox 277 2707 1723 2946">
     <span class='ocr_line' id='line_1_40' title="bbox 330 2707 1721 2760; baseline 0.001 -13"><span class='ocrx_word' id='word_1_342' title='bbox 330 2712 367 2747; x_wconf 87' lang='grc'>7.</span> <span class='ocrx_word' id='word_1_343' title='bbox 398 2709 592 2747; x_wconf 81' lang='lat' dir='ltr'>Praeterea</span> <span class='ocrx_word' id='word_1_344' title='bbox 611 2708 677 2747; x_wconf 86' lang='lat' dir='ltr'>illa</span> <span class='ocrx_word' id='word_1_345' title='bbox 694 2709 792 2760; x_wconf 88' lang='lat' dir='ltr'>ipsa,</span> <span class='ocrx_word' id='word_1_346' title='bbox 819 2721 905 2759; x_wconf 85' lang='lat' dir='ltr'>quae</span> <span class='ocrx_word' id='word_1_347' title='bbox 927 2707 1084 2746; x_wconf 92' lang='lat' dir='ltr'>Diocles</span> <span class='ocrx_word' id='word_1_348' title='bbox 1104 2708 1151 2745; x_wconf 89' lang='lat' dir='ltr'>ab</span> <span class='ocrx_word' id='word_1_349' title='bbox 1180 2721 1341 2747; x_wconf 88' lang='lat' dir='ltr'>excessu</span> <span class='ocrx_word' id='word_1_350' title='bbox 1363 2710 1425 2747; x_wconf 66' lang='lat' dir='ltr'>avi,</span> <span class='ocrx_word' id='word_1_351' title='bbox 1448 2710 1566 2747; x_wconf 85' lang='lat' dir='ltr'>nostri</span> <span class='ocrx_word' id='word_1_352' title='bbox 1587 2710 1721 2760; x_wconf 84' lang='lat' dir='ltr'>gessit,</span> 
     </span>
     <span class='ocr_line' id='line_1_41' title="bbox 277 2762 1723 2823; baseline -0.001 -12"><span class='ocrx_word' id='word_1_353' title='bbox 277 2773 383 2818; x_wconf 78' lang='lat' dir='ltr'>satis,</span> <span class='ocrx_word' id='word_1_354' title='bbox 416 2785 438 2810; x_wconf 92' lang='lat'><em>0</em></span> <span class='ocrx_word' id='word_1_355' title='bbox 462 2771 629 2823; x_wconf 88' lang='lat' dir='ltr'>judices,</span> <span class='ocrx_word' id='word_1_356' title='bbox 661 2772 845 2823; x_wconf 76' lang='lat' dir='ltr'>produnt,</span> <span class='ocrx_word' id='word_1_357' title='bbox 876 2770 1093 2810; x_wconf 85' lang='lat' dir='ltr'>constitisse</span> <span class='ocrx_word' id='word_1_358' title='bbox 1121 2770 1216 2809; x_wconf 86' lang='lat' dir='ltr'>inter</span> <span class='ocrx_word' id='word_1_359' title='bbox 1247 2783 1379 2809; x_wconf 86' lang='lat' dir='ltr'>omnes</span> <span class='ocrx_word' id='word_1_360' title='bbox 1415 2762 1569 2810; x_wconf 79' lang='lat' dir='ltr'>Cironis</span> <span class='ocrx_word' id='word_1_361' title='bbox 1594 2784 1614 2809; x_wconf 90' lang='lat' dir='ltr'>e</span> <span class='ocrx_word' id='word_1_362' title='bbox 1645 2771 1723 2810; x_wconf 82' lang='lat' dir='ltr'>filia</span> 
     </span>
     <span class='ocr_line' id='line_1_42' title="bbox 278 2832 1721 2886; baseline -0.001 -15"><span class='ocrx_word' id='word_1_363' title='bbox 278 2840 440 2885; x_wconf 87' lang='lat' dir='ltr'>nepotes</span> <span class='ocrx_word' id='word_1_364' title='bbox 470 2846 540 2871; x_wconf 91' lang='lat' dir='ltr'>nos</span> <span class='ocrx_word' id='word_1_365' title='bbox 562 2846 664 2879; x_wconf 86' lang='lat' dir='ltr'>esse,</span> <span class='ocrx_word' id='word_1_366' title='bbox 689 2834 893 2886; x_wconf 81' lang='lat' dir='ltr'>ipsumque</span> <span class='ocrx_word' id='word_1_367' title='bbox 919 2832 1017 2871; x_wconf 87' lang='lat' dir='ltr'>adeo</span> <span class='ocrx_word' id='word_1_368' title='bbox 1039 2832 1316 2872; x_wconf 55' lang='lat' dir='ltr'>Dioclem&#39;nos</span> <span class='ocrx_word' id='word_1_369' title='bbox 1341 2845 1411 2885; x_wconf 87' lang='lat' dir='ltr'>pro</span> <span class='ocrx_word' id='word_1_370' title='bbox 1430 2833 1569 2871; x_wconf 82' lang='lat' dir='ltr'>talibus</span> <span class='ocrx_word' id='word_1_371' title='bbox 1594 2832 1721 2884; x_wconf 83' lang='lat' dir='ltr'>palam</span> 
     </span>
     <span class='ocr_line' id='line_1_43' title="bbox 279 2894 1722 2946; baseline 0 -15"><span class='ocrx_word' id='word_1_372' title='bbox 279 2894 494 2946; x_wconf 82' lang='lat' dir='ltr'>agnovisse.</span> <span class='ocrx_word' id='word_1_373' title='bbox 552 2895 760 2933; x_wconf 87' lang='lat' dir='ltr'>Veniebam</span> <span class='ocrx_word' id='word_1_374' title='bbox 781 2895 1020 2944; x_wconf 78' lang='lat' dir='ltr'>scilicet‘ego</span> <span class='ocrx_word' id='word_1_375' title='bbox 1041 2894 1190 2934; x_wconf 84' lang='lat' dir='ltr'>Cironis</span> <span class='ocrx_word' id='word_1_376' title='bbox 1212 2894 1261 2932; x_wconf 87' lang='lat' dir='ltr'>ad</span> <span class='ocrx_word' id='word_1_377' title='bbox 1276 2894 1622 2941; x_wconf 82' lang='lat' dir='ltr'>domum,cadaver</span> <span class='ocrx_word' id='word_1_378' title='bbox 1641 2894 1722 2944; x_wconf 78' lang='lat' dir='ltr'>ejus</span> 
     </span>
    </p>
   </div>
  </div>
 </body>
</html>
