1870 3277
480 172 546 207 DE
576 172 921 208 APOLLODORI
954 172 1311 209 HEREDITATE.
1537 178 1611 212 379

178 284 262 308 eum
290 271 524 321 Apollodoro
543 281 673 310 nostro
694 272 922 310 simultatem
948 271 1066 308 fuisse
1089 273 1306 310 acerrimam
1328 282 1366 311 et
1385 283 1607 326 perpetuam

177 331 355 382 nullaque
370 333 643 383 compositione
659 333 862 383 placatam.
920 332 1016 370 Haec
1037 339 1208 382 spectare
1223 347 1292 371 vos
1308 334 1608 384 decet,judices‚

175 399 214 429 et
228 400 408 442 praeterea
423 394 497 432 hoc
516 408 666 445 quoque
681 394 904 436 meminisse,
919 406 977 430 me
992 393 1214 444 Apollodori
1230 407 1249 431 e
1270 408 1395 433 sorore
1416 406 1607 447 nepotem,

174 453 276 490 illam
297 462 420 491 autem
439 456 654 505 [Eupolidis
675 455 802 498 filiam,
820 454 1045 502 Pronapidis
1064 454 1238 503 uxorem]
1260 455 1427 505 ejusdem
1452 459 1609 507 Apollo-

176 514 256 551 dori
286 517 552 553 consobrinam
580 529 685 558 esse;
712 515 800 551 item
833 514 919 559 hoc,
951 515 1052 552 illam
1081 515 1277 551 mulierem
1310 517 1498 564 geminam
1525 519 1604 556 adi-

174 575 269 625 pisci
289 576 535 614 hereditatem
560 589 710 626 cnpere,
729 588 787 612 me
801 587 889 612 vero
910 588 1023 612 unam
1042 575 1142 613 hanc
1163 576 1417 620 solummodo,
1434 577 1470 613 in
1490 591 1603 628 quam

174 637 220 673 ab
239 637 319 687 ipso
338 637 417 687 ejus
440 637 642 674 novissimo
662 636 814 672 domino
834 649 920 673 cum
941 636 1004 672 filii
1025 643 1063 674 et
1077 636 1225 674 heredis
1245 637 1395 675 nomine
1414 638 1605 678 immissus

175 710 283 739 sum;
311 697 411 734 illam
432 697 535 733 haud
555 696 741 734 benevolo
769 696 885 733 fuisse
906 697 1031 733 animo
1057 710 1148 747 erga
1165 711 1249 734 eum
1270 711 1292 735 a
1315 711 1391 746 quo
1410 699 1517 737 istaec
1536 700 1604 738 he-

172 756 310 794 reditas
335 757 464 794 relicta
483 757 566 801 fuit,
596 769 655 794 me
675 763 798 794 autem
824 770 1013 807 avumque
1041 770 1167 795 meum
1192 759 1312 795 multa
1331 766 1370 796 et
1394 773 1534 811 magna
1565 762 1602 799 in

170 830 256 854 eum
279 817 462 854 beneficia
487 818 705 855 contulisse.
762 818 862 856 Haec
882 819 1007 855 omnia
1026 831 1110 855 curn
1131 819 1265 857 sedulo
1285 821 1479 858 vobiscum
1500 823 1602 861 eritis

171 879 353 923 meditati,
375 879 539 930 judices,
560 879 614 917 sic
637 879 792 918 tandem
812 880 938 930 ponite
958 879 1146 918 calculum
1168 894 1278 931 aequo
1296 882 1372 932 juri
1396 893 1599 922 consenta-

169 953 296 977 neum.
353 942 450 982 Quae
470 940 578 990 plura
595 940 718 978 dicam
734 940 838 978 haud
859 941 994 984 habeo,
1009 941 1134 978 nullus
1153 941 1344 987 dubitans,
1360 955 1382 980 a
1399 956 1457 982 me
1475 944 1596 983 dicto-

167 1014 249 1039 rum
265 1001 357 1039 nibil
375 1002 481 1039 vobis
500 1002 699 1040 obscurum
720 1009 759 1040 et
777 1002 931 1040 dubium
946 1014 1043 1039 esse.
