1870 3277
262 145 339 181 414
928 141 1044 178 ISAEl

258 257 334 294 que
366 242 565 281 definitum
595 255 695 288 esse,
715 242 826 281 facile
856 242 892 280 id
922 250 982 280 est
1005 255 1026 280 e
1053 241 1200 292 legibus
1230 252 1472 290 cognoscere.
1534 238 1639 287 Cape
1662 244 1703 273 tu

260 307 368 350 istoc,
389 313 427 343 et
446 304 565 342 recita
583 304 689 355 ipsis.

924 405 1041 442 LEX.

257 483 467 521 Videturne
491 483 600 521 vobis
627 483 689 520 lex
716 481 936 520 facultatem
964 483 1055 519 dare
1079 479 1357 519 communionis
1384 478 1460 528 [vel
1490 476 1701 527 partitionis

254 545 352 582 inter
371 544 467 583 duas
488 552 615 595 partes
631 544 679 581 de
695 542 906 580 hereditate
921 543 1117 594 litigantes
1132 542 1231 579 clam
1249 537 1544 587 condicendae]?
1573 550 1699 574 annon

254 607 382 657 potius
408 620 428 644 e
453 605 655 649 contrario,
682 604 832 641 etiamsi
862 612 976 642 antea
1003 605 1139 642 fuisset
1166 602 1395 646 communio,
1426 600 1540 637 edicit
1564 612 1701 636 unum-

254 681 446 719 quemque
461 681 568 704 suam
584 666 796 717 portionem
816 673 944 716 petere
964 674 1002 704 et
1020 666 1154 704 eadem
1175 666 1222 703 de
1243 678 1281 702 re
1301 663 1512 712 eodemque
1528 674 1573 700 ex
1589 661 1701 698 titulo

252 729 491 779 litigantibus
513 741 628 764 unum
651 727 739 777 poni
762 726 961 764 cadiscum
980 734 1018 764 et
1037 726 1085 764 ad
1104 726 1207 763 hunc
1228 723 1384 762 modum
1403 725 1531 760 facere
1551 721 1699 770 adjudi-

253 790 440 828 cationem
471 787 752 827 hereditatum?
810 787 859 825 Et
888 787 1131 825 nihilominus
1162 796 1288 824 tamen
1322 785 1384 822 hic
1413 782 1702 835 [adversarius]‚

253 851 405 889 tametsi
436 851 541 901 leges
574 850 657 887 haec
684 850 837 887 edicant
863 857 901 887 et
927 849 1076 886 tametsi
1108 845 1406 886 communicatio
1431 846 1546 894 [inter
1575 856 1634 881 me
1661 851 1701 880 et

256 912 499 960 Stratoclem]
530 912 657 949 locum
690 911 832 948 habere
863 910 1010 946 nullum
1036 909 1214 960 potuerit,
1238 920 1354 946 ausus
1378 912 1505 943 tamen
1534 913 1592 943 est
1618 912 1698 943 tam

255 983 394 1012 temere
414 972 658 1009 mendacium
680 979 759 1008 tam
779 970 1003 1021 pudendum
1023 970 1271 1008 comminisci.

306 1036 342 1071 6.
375 1034 514 1071 Verum
535 1045 609 1070 non
631 1033 704 1070 hoc
723 1032 847 1070 solum
869 1045 985 1070 ausus
1006 1039 1078 1078 est,
1101 1044 1231 1069 verum
1252 1030 1365 1068 etiam
1379 1030 1598 1080 resjactare
1613 1042 1699 1067 eum

250 1095 303 1133 nil
337 1095 475 1146 puduit
507 1094 604 1132 inter
631 1107 670 1131 se
702 1094 1084 1145 repugnantissimas.
1149 1093 1348 1130 Attendite
1382 1092 1509 1136 modo,
1536 1091 1701 1143 judices,

250 1157 432 1194 animum.
489 1155 707 1193 Pollicitum
737 1169 796 1194 me
822 1155 875 1193 ait
905 1169 987 1194 esse
1012 1168 1145 1206 puero,
1177 1161 1351 1192 tenentes
1383 1153 1632 1190 hereditatem
1669 1153 1700 1190 si

250 1220 391 1264 vicero,
411 1219 610 1256 semissem
637 1221 719 1267 ejus
749 1230 808 1254 me
835 1217 906 1268 ipsi
927 1217 1203 1268 impertiturum
1232 1229 1332 1253 esse.
1389 1215 1507 1264 Atqui
1533 1214 1563 1251 si
1584 1226 1700 1265 puero

244 1282 310 1332 jus
331 1281 553 1319 hereditatis
575 1288 657 1318 erat
671 1302 719 1308 --
737 1279 773 1316 id
792 1280 896 1330 quod
913 1279 951 1316 hi
969 1280 1076 1317 aiunt
1091 1292 1174 1317 esse
1190 1301 1240 1306 —-
1255 1292 1299 1316 ex
1323 1277 1433 1315 titulo
1448 1276 1702 1327 cognationis,

251 1343 345 1393 quid
366 1355 462 1393 opus
490 1348 572 1379 erat
590 1349 634 1379 ut
662 1341 762 1379 hanc
782 1354 805 1379 a
824 1354 883 1378 me
912 1341 1155 1391 sponsionem
1184 1338 1380 1389 exigeret?
1424 1339 1522 1375 Nam
1550 1350 1639 1375 vera
1671 1337 1702 1375 si

252 1411 344 1441 sunt
363 1416 407 1441 ea
426 1416 512 1453 quae
540 1402 804 1453 praetendunt,
827 1409 908 1439 erat
933 1403 1005 1452 ipsi
1026 1414 1178 1452 quoque
1202 1400 1265 1451 jus
1293 1413 1369 1438 non
1391 1399 1559 1437 deterius
1584 1406 1699 1449 atque

251 1465 341 1503 mihi
363 1471 421 1501 est
449 1464 697 1501 hereditatem
733 1462 875 1514 injure
903 1463 1072 1514 petendi.
1130 1463 1198 1499 Sin
1220 1469 1346 1499 autem
1370 1474 1392 1498 a
1417 1461 1700 1512 propinquitate

248 1527 411 1578 ejusque
436 1526 587 1576 juribus
620 1525 767 1562 exclusi
798 1538 952 1575 prorsus
985 1531 1107 1570 erant,
1134 1537 1251 1562 eccur
1282 1536 1354 1573 ego
1387 1523 1595 1573 reciperem
1626 1521 1699 1559 illis

249 1595 397 1638 partem
421 1585 645 1624 hereditatis
672 1586 963 1635 impertiturum‚
983 1586 1133 1635 legibus
1165 1583 1258 1621 mihi
1286 1583 1356 1620 soli
1381 1583 1633 1621 hereditatem
1654 1595 1701 1620 ex

250 1661 335 1686 asse
358 1646 654 1685 addicentibus?
701 1648 752 1683 At
771 1654 902 1684 eratne
921 1646 1083 1685 forsitan
1104 1645 1194 1683 mihi
1214 1652 1410 1695 negatum,
1429 1644 1501 1681 nisi
1520 1643 1591 1680 hos
1611 1642 1701 1680 mihi

251 1709 532 1755 conciliassem,
548 1707 796 1746 hereditatem
813 1707 972 1759 petere?
1016 1708 1135 1758 Atqui
1154 1707 1214 1744 lex
1232 1705 1376 1744 volenti
1395 1705 1535 1755 cuique
1550 1705 1700 1742 veniam

253 1771 335 1822 ejus
355 1771 407 1808 rei
428 1771 520 1815 dat;
552 1776 786 1821 quapropter
812 1770 885 1808 hac
906 1770 1059 1820 quidem
1079 1769 1133 1806 uti
1153 1767 1378 1806 causatione
1406 1767 1479 1804 illis
1501 1780 1574 1804 non
1596 1767 1700 1804 licet.

250 1833 303 1870 At
321 1839 405 1870 erat
431 1832 589 1870 forsitan
618 1844 737 1883 penes
758 1831 841 1869 illos
865 1831 1021 1882 aliquod
1045 1831 1319 1868 documentum
1337 1822 1402 1867 aut
1427 1827 1700 1873 testimonium,

249 1907 326 1945 quo
354 1907 487 1932 carens
507 1906 580 1944 ego
606 1892 930 1944 adjudicationem
960 1891 1184 1929 hereditatis
1212 1889 1371 1940 adipisci
1389 1902 1466 1927 non
1496 1889 1700 1940 poteram?

251 1958 368 2008 Atqui
390 1970 440 1995 ex
458 1957 571 1995 titulo
592 1956 833 2007 cognationis
854 1957 1048 2007 petebam,
1069 1967 1145 1991 non
1166 1966 1213 1991 ex
1232 1953 1344 1990 titulo
1364 1952 1568 2003 legationis
1582 1960 1701 1990 testa-

251 2019 462 2057 mentariae.
519 2019 607 2061 Quo
622 2031 713 2068 ergo
733 2016 881 2055 testes?

305 2083 342 2118 7.
372 2079 490 2130 Atqui
517 2080 561 2124 si,
582 2079 707 2117 donec
732 2078 920 2130 superfuit
949 2072 1175 2124 Stratocles,
1199 2078 1289 2115 mihi
1313 2090 1389 2115 non
1417 2077 1525 2115 licuit
1544 2077 1700 2114 clande-

250 2142 393 2180 stinum
421 2142 469 2179 de
494 2140 701 2192 partiendis
724 2141 835 2178 bonis
866 2147 1021 2192 pactum
1050 2140 1159 2190 inire,
1186 2153 1312 2190 neque
1336 2145 1444 2190 pater
1468 2139 1540 2190 ipsi
1565 2140 1701 2189 [puero

251 2203 452 2242 Stratoclis
480 2202 574 2251 filio]
608 2202 741 2240 horum
773 2204 1123 2253 [controversorum
1157 2201 1323 2252 Hagniae
1355 2199 1559 2249 bonorum]
1594 2198 1705 2250 quic-⁴

252 2277 368 2315 quam
396 2262 561 2313 reliquit,
592 2263 780 2300 sententia
806 2263 980 2314 judicum
1005 2262 1076 2299 sibi
1096 2262 1352 2311 adiudicatum
1381 2262 1558 2313 adeptus,
1578 2274 1701 2312 neque
1733 2306 1735 2310 ‚

253 2325 449 2377 probabile
480 2331 539 2361 est
568 2336 628 2361 me
656 2323 868 2373 pollicitum
894 2323 966 2373 ipsi
993 2324 1146 2374 [puero]
1175 2336 1258 2361 esse
1287 2324 1492 2374 quicquam
1519 2323 1566 2360 de
1593 2322 1703 2360 resti-

253 2387 395 2427 tuenda
413 2385 571 2424 semisse
588 2384 825 2430 hereditatis,
845 2384 1065 2434 adjudicate
1087 2385 1214 2422 denuo
1235 2398 1302 2423 vos
1320 2384 1410 2421 mihi
1434 2384 1534 2423 hanc
1554 2384 1702 2422 heredi-

253 2455 388 2486 tatem.
446 2447 514 2484 Sin
543 2453 672 2484 autem
702 2458 830 2496 neque
851 2446 974 2482 sortiti
1005 2453 1096 2484 sunt
1121 2447 1170 2484 de
1198 2447 1333 2484 iisdem
1359 2446 1549 2484 actionem
1576 2447 1614 2483 in
1643 2459 1703 2484 me

255 2522 379 2560 neque
393 2521 548 2560 aequum
561 2508 786 2559 judicarunt
803 2519 888 2545 esse
905 2519 1055 2545 mecum
1075 2517 1234 2554 certare,
1249 2509 1314 2559 qui
1334 2521 1400 2559 par
1414 2510 1463 2546 sit
1481 2521 1548 2545 vos
1566 2508 1702 2545 horum

255 2569 592 2621 praedicationibus
623 2568 737 2606 fidem
763 2567 933 2606 habere?
980 2568 1064 2618 Ego
1083 2569 1260 2618 equidem
1284 2570 1443 2607 arbitror
1469 2581 1537 2618 par
1565 2568 1602 2606 id
1625 2582 1702 2607 non

255 2645 353 2669 esse.
409 2631 497 2668 Jam
517 2643 586 2668 vos
616 2630 750 2667 merito
777 2629 977 2675 miremini,
1001 2642 1070 2667 cur
1101 2629 1168 2667 illo
1198 2637 1368 2680 tempore
1392 2628 1431 2665 hi
1462 2628 1510 2665 de
1544 2629 1703 2667 semisse

254 2692 476 2730 hereditatis
497 2698 643 2729 certare
662 2690 870 2729 omiserint.
928 2690 1002 2727 Cui
1020 2689 1250 2728 dubitationi
1275 2697 1413 2728 vestrae
1432 2703 1508 2740 quo
1527 2698 1705 2729 occurrat

254 2755 330 2800 hic,
352 2754 665 2800 comminiscitur,
685 2753 889 2804 quominus
916 2752 1105 2791 actionem
1124 2752 1162 2789 in
1190 2752 1282 2789 istos
1307 2751 1492 2802 [reliquos
1518 2759 1703 2802 cognatos

258 2815 444 2866 Hagniae]
475 2816 548 2866 ipsi
586 2815 856 2861 instituissent,
885 2814 921 2851 in
951 2826 1067 2852 causa
1100 2826 1159 2851 me
1187 2813 1306 2850 fuisse
1335 2813 1400 2863 qui
1429 2812 1484 2850 de·
1507 2813 1704 2851 reddenda

256 2878 415 2917 semisse
428 2876 735 2927 spopondissem,
750 2883 788 2929 et
805 2883 1003 2927 propterea
1018 2889 1058 2914 se
1071 2881 1349 2914 sacramentum
1367 2887 1442 2912 non
1458 2874 1702 2925 deposuisse;
