1870 3277
244 160 320 193 '301
838 152 1125 190 lsOCItA'i'ls

245 258 346 295 Nam
384 257 449 294 alii
482 255 635 294 familiis
671 255 928 295 semideorum
966 255 1205 306 inquirendis
1243 262 1397 293 aetatem
1435 255 1712 298 contriverunt,

245 319 306 356 alii
326 318 375 355 de
395 318 519 369 poetis
542 318 686 368 aliquid
709 318 883 355 meditati
903 326 1007 362 sunt,
1036 317 1097 355 alii
1128 331 1187 355 res
1215 318 1251 354 in
1278 316 1390 355 bellis
1417 325 1548 368 gestas
1569 330 1713 367 conge-

242 394 325 419 rere
358 380 578 426 voluerunt,
616 380 680 418 alii
717 381 753 417 in
793 379 1111 430 responsionibus
1146 388 1185 417 et
1223 379 1586 431 interrogationibus
1626 386 1715 417 sunt

243 442 395 488 versati,
428 455 525 492 quos
556 456 578 481 a
610 442 901 481 contradicendi
935 442 1064 480 studio
1097 442 1338 492 Antilogicos
1367 442 1579 494 appellant.
1637 441 1714 479 Sed

243 503 421 543 immensi
453 505 596 555 negotii
627 504 742 542 fuerit
769 516 904 541 omnes
935 504 1150 542 orationum
1180 505 1320 541 formas
1348 515 1594 541 enumerare:
1633 503 1716 554 ejus

245 566 364 616 igitur
382 579 471 617 quae
495 579 581 604 mea
609 566 770 603 interest
797 566 991 604 mentione
1019 566 1137 612 facta,
1166 574 1330 605 coeteras
1357 566 1547 604 omittam.
1619 564 1719 603 Sunt

244 628 345 665 enim
365 627 431 678 qui
452 641 523 666 nec
545 640 591 666 ea
604 640 690 678 quae
707 626 875 665 diximus
897 627 1090 678 ignorent,
1107 628 1175 667 sed
1193 629 1386 666 orationes
1405 640 1472 665 eas
1493 626 1718 665 scribendas

243 689 500 739 susceperint,
522 702 611 739 quae
632 702 708 727 non
730 689 778 727 de
797 689 954 740 privatis
975 691 1139 741 negotiis
1161 698 1296 741 agunt,
1325 690 1394 728 sed
1415 689 1463 727 de
1483 696 1587 728 statu
1609 687 1719 726 Grae-

244 752 316 790 ciae
329 757 368 789 et
381 750 764 802 rerumpublicarum,
778 758 818 790 et
832 765 922 803 quae
937 752 974 790 in
989 752 1164 791 maximis
1179 752 1472 791 celebritatibus
1488 752 1719 794 recitentur;

244 824 345 864 quas
377 824 493 851 nemo
523 820 585 851 est
610 813 703 864 quin
732 814 981 860 carminibus,
1011 827 1100 865 quae
1129 814 1278 853 musica
1303 814 1451 853 ratione
1479 827 1524 852 ac
1552 812 1720 851 numeris

245 880 444 922 constant,
471 887 589 925 quam
615 875 758 914 forensi
787 875 946 915 dictioni
975 876 1173 914 similiores
1201 888 1286 914 esse
1317 877 1495 914 fateatur.
1554 876 1655 913 Nam
1683 882 1722 912 et

246 936 436 976 sermonis
459 950 584 988 genus
604 938 749 976 habent
769 937 892 989 magis
911 938 1109 990 poeticum
1138 945 1177 976 et
1204 938 1387 989 majorem
1412 951 1539 976 rerum
1559 937 1722 975 varieta-

245 1006 324 1037 tem
345 999 560 1046 continent,
582 1007 620 1037 et
640 1006 871 1050 argumenta
897 1000 1061 1038 elatiora
1087 999 1288 1050 magisque
1309 1011 1412 1037 nova
1430 1005 1722 1043 consectantur,

247 1068 364 1111 atque
385 1060 501 1099 etiam
529 1067 611 1099 tota
635 1061 757 1100 oratio
785 1061 869 1100 aliis
898 1061 1032 1113 figuris
1059 1061 1330 1100 illustrioribus
1357 1067 1395 1099 et
1420 1061 1593 1112 pluribus
1613 1060 1724 1099 ador-

247 1129 376 1161 natur.
434 1123 536 1166 Quae
557 1123 623 1173 qui
644 1123 809 1162 audiunt
831 1137 910 1162 non
930 1124 1075 1162 minore
1094 1123 1293 1175 voluptate
1314 1123 1535 1162 afficiuntur
1554 1135 1672 1173 quam
1693 1123 1724 1161 si

245 1184 464 1224 recitationi
489 1184 679 1236 poematis
706 1184 951 1232 interessent,
983 1198 1031 1225 ac
1061 1186 1171 1224 multi
1196 1186 1390 1223 exsistunt
1417 1186 1482 1236 qui
1508 1186 1645 1224 eadem
1672 1185 1727 1224 di-

246 1258 355 1284 scere
375 1245 548 1296 cupiant,
571 1245 838 1284 existimantes
858 1245 925 1296 qui
946 1246 985 1285 in
1010 1245 1086 1285 hoc
1113 1259 1255 1298 genere
1280 1246 1487 1294 excellant,
1513 1260 1579 1286 eos
1601 1247 1723 1286 multo

247 1306 504 1358 sapientiores
523 1313 562 1344 et
581 1306 759 1345 meliores
781 1319 865 1345 esse
886 1319 932 1345 ac
954 1306 1042 1358 plus
1063 1307 1247 1359 prodesse
1267 1320 1386 1359 posse
1405 1321 1521 1359 quam
1543 1309 1724 1360 probatos

247 1368 367 1406 etiam
401 1367 635 1407 causidicos.
707 1368 863 1420 Quippe
894 1369 961 1419 qui
996 1369 1121 1407 sciant
1155 1369 1227 1407 hos
1257 1368 1469 1420 cupiditate
1502 1369 1724 1408 facessendi

248 1431 334 1470 aliis
355 1430 514 1482 negotia
531 1429 710 1481 litigandi
732 1430 910 1481 peritiam
929 1430 1000 1469 sibi
1021 1431 1234 1481 peperisse,
1257 1431 1343 1469 illos
1362 1443 1409 1469 ex
1429 1443 1562 1469 earum
1582 1431 1724 1468 oratio-

248 1506 344 1531 num
369 1505 466 1544 quas
492 1492 610 1532 modo
636 1492 815 1531 dicebam
840 1492 970 1531 studio
995 1492 1220 1531 facultatem
1251 1506 1337 1531 eam
1363 1499 1618 1536 consecutos;
1657 1506 1725 1532 eos

248 1554 316 1605 qui
335 1553 459 1592 litium
473 1553 563 1605 jura
582 1553 873 1605 perdidicerunt
891 1567 937 1592 eo
953 1553 1016 1591 die
1032 1553 1226 1592 duntaxat
1245 1554 1334 1592 ferri
1354 1567 1469 1606 posse
1489 1567 1568 1605 quo
1587 1567 1724 1594 causas

251 1622 388 1667 agunt,
403 1615 476 1656 hos
493 1616 531 1654 in
547 1616 727 1654 omnibus
743 1616 1018 1667 congressibus
1035 1622 1074 1654 et
1088 1617 1269 1654 omnibus
1289 1616 1524 1667 temporibus
1543 1616 1583 1655 in
1602 1617 1727 1669 pretio

251 1677 386 1716 haberi
420 1683 458 1716 et
492 1678 617 1717 bonos
649 1677 749 1716 viros
784 1677 995 1729 perhiberi:
1038 1685 1227 1729 praeterea
1255 1678 1358 1726 illos,
1394 1679 1425 1717 si
1459 1679 1578 1717 semel
1611 1687 1728 1731 atque

251 1742 389 1780 iterum
410 1741 448 1779 in
463 1740 623 1792 judiciis
642 1741 947 1793 conspiciantur,
968 1741 1005 1779 in
1027 1741 1158 1779 odium
1179 1747 1219 1779 et
1238 1741 1578 1793 reprehensionem
1598 1743 1726 1781 incur-

252 1816 357 1848 rere;
387 1802 472 1850 hos,
493 1816 570 1854 quo
592 1803 737 1854 saepius
758 1810 797 1842 et
815 1816 904 1842 cum
925 1802 1102 1855 pluribus
1123 1803 1324 1854 congressi
1343 1803 1497 1850 suerint,
1513 1816 1559 1842 eo
1579 1804 1728 1855 majore

251 1865 289 1902 in
311 1865 566 1904 admiratione
586 1878 694 1905 esse:
725 1866 775 1904 ad
796 1865 881 1904 haec
896 1864 1117 1905 causidicos
1136 1865 1243 1904 illam
1258 1865 1440 1904 orationis
1460 1864 1729 1904 excellentiam

253 1927 407 1965 minime
424 1940 541 1979 posse
558 1927 729 1978 assequi,
744 1927 830 1973 hos,
849 1927 880 1965 si
899 1927 1059 1973 vellent,
1072 1927 1248 1966 forenses
1265 1927 1383 1966 etiam
1400 1927 1594 1965 orationes
1616 1929 1729 1966 facile

254 1990 471 2029 habituros.
537 1989 635 2028 Haec
665 1989 719 2027 illi
748 1996 974 2041 reputantes
1005 1995 1046 2027 et
1072 1989 1174 2028 hanc
1203 1989 1421 2028 studiorum
1444 1995 1586 2027 sectam
1615 1989 1730 2042 longe

255 2053 565 2103 praestantiorem
587 2052 674 2097 rati,
691 2052 775 2103 ejus
795 2052 1023 2091 eruditionis
1045 2052 1253 2103 participes
1274 2052 1354 2090 fieri
1375 2052 1532 2096 volunt:
1564 2052 1601 2090 id
1623 2054 1729 2104 quod

256 2113 346 2150 mihi
367 2126 520 2164 quoque
548 2126 627 2152 non
652 2112 909 2152 detrectatum
930 2113 1016 2161 fuit,
1035 2113 1101 2153 sed
1123 2126 1305 2164 magnam
1326 2120 1366 2152 et
1392 2114 1557 2165 gratiam
1582 2115 1731 2166 peperit

256 2182 295 2213 et
315 2174 592 2213 celebritatem.

315 2238 376 2275 19.
408 2237 470 2274 De
490 2250 576 2276 mea
593 2237 711 2288 igitur
729 2250 796 2276 seu
818 2236 1044 2276 facultatem
1065 2237 1193 2277 dicere
1215 2236 1328 2275 vultis
1355 2250 1423 2275 seu
1443 2237 1728 2290 philosophiam

259 2313 327 2338 seu
354 2299 686 2346 exercitationem,
721 2299 936 2350 simplicem
967 2300 1166 2338 veritatem
1191 2299 1408 2338 audivistis.
1467 2299 1527 2337 De
1557 2313 1617 2338 me
1646 2301 1732 2352 ipso

259 2369 390 2400 autem
408 2361 536 2412 legem
557 2360 676 2399 feram
697 2361 811 2399 etiam
832 2361 1049 2410 graviorem
1069 2374 1186 2412 quarn
1204 2361 1255 2399 de
1275 2360 1371 2406 aliis,
1389 2367 1428 2399 et
1449 2360 1593 2412 aliquid
1615 2362 1733 2401 auda—

257 2424 339 2462 cius
360 2435 566 2475 quampro
590 2430 705 2460 aetate
733 2435 819 2460 mea
844 2422 985 2460 dicam.
1046 2423 1143 2461 Peto
1168 2423 1272 2462 enim
1298 2435 1375 2461 non
1397 2423 1526 2470 modo,
1556 2424 1588 2462 si
1608 2425 1731 2463 noxiis

258 2485 497 2524 orationibus
526 2497 681 2536 operam
702 2484 767 2531 do,
796 2497 846 2522 ne
867 2484 959 2522 mihi
984 2486 1192 2535 quicquam
1213 2485 1335 2524 veniae
1357 2485 1459 2523 detis
1486 2486 1570 2532 sed,
1596 2486 1669 2525 nisi
1695 2487 1732 2525 in

260 2547 403 2586 talibus
432 2547 588 2586 elaboro
619 2546 656 2584 in
675 2545 857 2597 qualibus
886 2558 1001 2584 nemo
1030 2546 1143 2592 alius,
1170 2554 1214 2584 ut
1241 2547 1417 2585 maximis
1445 2547 1642 2598 suppliciis
1670 2561 1730 2586 me

259 2609 451 2647 afficiatis.
496 2607 638 2659 Neque
659 2621 749 2647 vero
769 2614 848 2646 tarn
868 2606 1109 2646 confidenter
1129 2607 1213 2645 haec
1229 2607 1431 2658 jactarem,
1449 2608 1522 2646 nisi
1541 2609 1649 2647 vobis
1666 2622 1730 2648 eas

259 2670 375 2709 etiam
396 2676 624 2709 ostensurus
645 2683 785 2717 essem,
807 2677 848 2708 ut
868 2668 963 2720 quid
983 2669 1131 2707 intersit
1150 2669 1263 2708 facile
1285 2669 1541 2721 perspiciatis.

314 2733 380 2770 20.
413 2731 476 2770 Sic
502 2731 603 2770 enim
633 2745 674 2771 se
698 2745 760 2771 res
787 2731 917 2770 habet.
976 2730 1064 2782 Ego
1087 2730 1386 2782 pulcherrimam
1412 2738 1451 2770 et
1472 2732 1733 2783 justissimam

257 2792 527 2832 defensionem
548 2806 633 2831 eam
654 2806 740 2832 esse
763 2793 880 2839 duco,
901 2805 989 2844 quae
1009 2804 1126 2844 quam
1144 2792 1227 2830 fieri
1248 2792 1379 2844 potest
1398 2793 1731 2844 certissimejudi-

259 2855 367 2893 cibus
388 2854 634 2895 demonstrat
654 2868 720 2894 eas
747 2868 822 2902 res,
842 2855 983 2906 quibus
1010 2855 1060 2894 de
1085 2855 1200 2894 rebus
1227 2854 1413 2907 suffragia
1442 2863 1532 2894 sunt
1559 2856 1733 2902 ferenda,

257 2923 300 2954 ut
319 2929 368 2956 ne
387 2916 426 2955 in
447 2930 614 2956 errorem
640 2917 876 2956 inducantur
906 2924 972 2956 aut
1000 2916 1180 2956 dubitent
1207 2916 1280 2955 utri
1302 2929 1391 2956 vera
1411 2917 1555 2957 dicant.
1617 2918 1731 2963 Quod
