1870 3277
250 205 302 243 60
846 203 1134 242 ISOCRATIS

250 307 536 347 Lacedaemonii
553 308 591 346 in
612 320 724 359 reges
745 321 836 346 suos
858 315 975 359 atque
992 309 1030 346 in
1055 315 1093 346 te
1114 307 1227 346 amici
1245 308 1300 345 tui
1320 314 1411 345 sunt
1426 306 1568 345 affecti.
1628 306 1725 344 Haec

250 383 343 409 vero
369 383 448 409 non
475 376 538 409 est
566 370 723 409 difficile
745 371 946 421 consequi,
969 370 1084 408 modo
1103 370 1212 416 velis,
1233 369 1398 421 primum
1426 370 1457 408 si
1485 369 1653 408 eundern
1686 376 1723 406 te

251 432 425 483 praebere
446 432 613 471 volueris
636 445 729 483 erga
748 444 898 477 omnes,
921 439 959 470 et
976 432 1058 470 aliis
1078 432 1299 470 civitatibus
1320 432 1552 484 conjunctus
1574 432 1621 469 ab
1641 430 1725 469 aliis

252 497 401 535 alienus
422 509 508 534 esse
529 496 716 539 desieris;
751 495 891 533 deinde
912 496 942 532 si
969 508 1014 533 ca
1042 495 1276 547 susceperis,
1298 503 1455 546 propter
1484 507 1571 545 quae
1597 492 1725 532 Graeci

254 558 322 597 tibi
343 559 481 605 fidant,
498 557 652 596 barbari
674 558 954 608 perterrefiant.

305 623 372 659 34.
404 621 540 671 Neque
574 632 664 657 vero
699 619 860 663 mireris,
895 619 933 656 id
964 619 1071 670 quod
1105 620 1222 657 etiam
1252 618 1300 656 ad
1329 618 1557 669 Dionysium
1592 617 1728 668 scripsi

248 682 454 734 tyrannide
475 680 655 732 potitum,
677 693 752 725 me,
781 680 845 732 qui
866 694 988 731 neque
1010 682 1088 718 dux
1110 695 1235 733 neque
1256 689 1384 718 orator
1405 681 1475 718 siin
1499 688 1565 718 aut
1583 679 1728 729 alioqui

246 752 403 796 potens,
424 743 583 781 liberius
605 756 720 793 quam
741 743 802 780 alii
829 742 957 780 solent
976 744 1103 793 egisse
1123 752 1265 782 tecum.
1325 744 1422 781 Nam
1445 743 1493 781 ad
1516 741 1727 792 gerendam

247 808 406 859 quidem
440 807 629 859 rempubl.
656 806 828 845 omnium
860 806 999 844 civium
1022 820 1107 844 sum
1133 807 1597 858 ineptissimus—neque
1624 805 1725 842 enim

246 882 383 909 vocem
398 869 525 907 habeo
546 869 639 907 satis
663 882 860 919 magnam,
885 882 1011 919 neque
1034 868 1236 907 audaciam
1259 868 1398 919 agendi
1420 881 1505 906 curn
1528 867 1675 918 populo
1690 873 1730 904 ct

246 932 499 971 conflictandi
519 938 638 983 atque
669 931 837 970 convitia
866 930 1048 969 audiendi
1069 932 1117 969 ab
1144 931 1189 969 iis
1208 931 1271 982 qui
1292 932 1330 968 in
1350 930 1601 968 concionibus
1621 930 1730 966 volu-

246 1001 458 1040 tantur—,
479 1000 583 1032 recte
614 1000 743 1031 autem
775 993 969 1031 sentiendi
1002 1000 1039 1031 et
1066 993 1244 1031 honestae
1275 992 1542 1037 institutionis,
1575 990 1727 1029 tametsi

246 1057 324 1096 hoc
355 1056 472 1095 alicui
504 1056 649 1095 dictum
686 1056 879 1094 videbitur
913 1055 1172 1106 arrogantius,
1205 1055 1241 1092 in
1282 1055 1570 1092 contentionem
1608 1053 1638 1091 si
1660 1053 1727 1090 de—

247 1119 515 1158 scendendum
544 1118 607 1163 sit,
631 1131 707 1156 non
741 1118 779 1155 in
815 1117 1023 1168 postremis
1052 1116 1118 1154 sed
1153 1116 1191 1153 in
1230 1116 1468 1167 principibus
1501 1115 1627 1166 potius
1667 1128 1727 1152 me

246 1180 493 1218 numerarim.
553 1181 684 1222 Quare
699 1179 755 1217 sic
767 1179 969 1217 consilium
988 1179 1079 1216 dare
1099 1191 1232 1224 conor,
1246 1185 1290 1216 ut
1307 1185 1447 1216 natura
1464 1184 1504 1215 et
1518 1177 1616 1215 vires
1630 1190 1726 1215 meae

244 1244 386 1289 ferunt,
407 1249 487 1280 tum
509 1242 643 1293 patriae
662 1248 744 1279 tum
766 1241 850 1280 aliis
869 1241 1019 1279 Graecis
1041 1248 1079 1279 et
1098 1241 1369 1279 illustrissimis
1387 1240 1602 1291 quibusque
1623 1240 1729 1278 viris.

301 1307 365 1343 35.
396 1306 454 1343 Ac
473 1305 522 1343 de
555 1304 717 1355 meipSO‚
739 1311 778 1341 et
809 1304 855 1342 iis
886 1316 975 1353 quae
1005 1302 1072 1340 tibi
1102 1302 1285 1340 facienda
1315 1309 1407 1339 sunt
1436 1314 1530 1352 erga
1549 1301 1725 1346 Graecos,

244 1369 323 1405 fere
349 1367 551 1406 audivisti:
583 1366 632 1404 de
663 1365 910 1417 expeditione
943 1371 1072 1403 autem
1104 1364 1278 1402 Asiatica
1307 1363 1481 1407 urbibus,
1507 1376 1604 1413 quas
1635 1376 1658 1400 a
1689 1371 1726 1401 te

247 1429 326 1467 dixi
355 1430 393 1467 in
429 1429 676 1467 concordiam
710 1427 1075 1473 reducendas,tun1
1109 1428 1157 1465 de
1188 1427 1291 1465 bello
1321 1427 1495 1465 barbaris
1527 1427 1728 1465 inferendo

244 1491 512 1536 consulemus,
539 1504 657 1541 quum
692 1503 756 1528 eas
785 1490 1003 1528 consentire
1026 1490 1263 1532 viderimus;
1295 1502 1400 1526 nunc
1433 1489 1480 1527 ad
1510 1496 1546 1527 te
1578 1502 1665 1527 mea
1687 1502 1727 1527 se

246 1560 448 1592 convertet
479 1554 616 1599 oratio,
638 1566 765 1604 neque
784 1565 876 1591 vero
907 1553 962 1591 ita
993 1554 1119 1590 animo
1149 1565 1233 1590 sum
1265 1551 1430 1590 affectus
1451 1559 1494 1590 ut
1513 1552 1578 1589 illa
1598 1560 1726 1598 aetate,

246 1629 325 1667 qua
339 1617 442 1655 idem
463 1616 535 1654 hoc
557 1623 832 1667 argumentum
852 1616 1028 1654 tractavi.
1086 1616 1183 1653 Tum
1206 1615 1308 1653 enim
1330 1616 1513 1653 hortabar
1533 1615 1729 1653 auditores

245 1685 289 1716 ut
317 1691 378 1716 me
410 1685 450 1716 et
480 1678 707 1716 deriderent
733 1685 773 1716 et
802 1684 1112 1722 contemnerent,
1135 1677 1206 1715 nisi
1226 1690 1296 1728 pro
1325 1677 1517 1727 dignitate
1543 1690 1669 1715 rerum
1691 1684 1730 1715 et

246 1740 532 1779 existimatione
565 1753 651 1778 rnea
681 1746 721 1777 et
750 1746 926 1790 tempore
960 1740 1066 1790 quod
1101 1740 1262 1777 orationi
1293 1739 1570 1790 impendissem
1599 1739 1728 1777 dicere

244 1802 424 1840 viderer:
453 1814 557 1840 nunc
576 1809 705 1839 autern
727 1814 861 1839 vereor
882 1814 932 1838 ne
953 1801 1076 1839 multo
1097 1801 1251 1838 tenuius
1272 1801 1517 1838 disseruerim
1545 1815 1658 1852 quam
1681 1815 1727 1839 ca

246 1878 335 1916 quae
363 1864 441 1903 dixi
462 1864 593 1902 omnia
613 1863 879 1915 postulabant.
939 1865 1043 1902 Nam
1063 1870 1203 1915 praeter
1232 1863 1308 1901 alia
1329 1863 1573 1915 Panegyrica
1593 1865 1727 1909 oratio,

245 1942 331 1979 quae
346 1928 441 1966 alios
458 1927 598 1966 studiis
615 1927 769 1965 deditos
786 1927 1022 1978 copiosiores
1037 1927 1220 1972 reddidit,
1234 1940 1294 1964 me
1308 1927 1422 1964 valde
1443 1928 1597 1978 inopem
1615 1928 1730 1966 fecit:

246 2003 376 2041 neque
404 1991 507 2028 enirn
539 1988 677 2027 eadem
713 2002 800 2039 quae
830 1989 907 2028 illic
944 1990 1089 2040 scripta
1117 1996 1210 2027 sunt
1245 1990 1440 2027 inculcare
1469 1989 1596 2027 denuo
1626 1991 1727 2035 volo,

246 2065 318 2090 nec
337 2052 540 2103 exquirere
570 2064 672 2090 nova
699 2064 877 2102 possum.
938 2052 1028 2090 Non
1049 2059 1179 2089 tamen
1198 2052 1246 2089 ab
1266 2051 1434 2102 incoepto
1462 2051 1727 2090 desistendum

246 2120 319 2161 est,
347 2114 415 2152 sed
444 2114 492 2152 de
524 2113 723 2165 proposito
751 2119 983 2164 argumento
1016 2113 1242 2159 dicendum,
1272 2113 1459 2164 quicquid
1487 2114 1662 2152 inciderit
1691 2123 1730 2153 et

246 2176 494 2214 conducibile
514 2175 631 2213 fuerit
651 2175 700 2213 ad
722 2175 1041 2226 persuadendum
1062 2182 1105 2212 ut
1124 2174 1210 2212 haec
1232 2187 1339 2224 agas.
1372 2175 1455 2213 Etsi
1470 2175 1569 2213 enim
1587 2177 1729 2214 alicubi

247 2252 308 2277 me
329 2240 425 2278 vires
445 2239 675 2285 defecerint,
697 2251 775 2289 quo
803 2238 931 2276 minus
965 2238 1101 2276 eodem
1133 2237 1250 2276 modo
1285 2239 1450 2276 scribere
1478 2239 1621 2290 possim
1650 2239 1729 2290 quo

246 2301 353 2353 prius
374 2301 490 2340 editae
519 2301 716 2339 orationes
742 2300 934 2338 confectae
967 2309 1073 2345 sunt,
1097 2306 1137 2338 at
1158 2312 1235 2338 non
1264 2300 1505 2351 ineleganter
1523 2314 1650 2352 neque
1671 2303 1728 2339 in-

248 2370 338 2415 epte
354 2363 494 2415 primas
512 2363 623 2415 quasi
643 2362 768 2400 lineas
784 2375 843 2400 me
860 2362 1069 2400 ducturum
1085 2362 1236 2412 opinor,
1253 2368 1298 2414 qt
1318 2361 1380 2399 alii
1402 2370 1540 2413 postea
1554 2363 1619 2413 qui
1641 2377 1725 2401 eam

246 2425 474 2464 facultatem
494 2425 641 2463 habent
660 2430 888 2463 ornamenta
909 2424 1091 2474 vivosque
1113 2423 1266 2462 colores
1284 2424 1508 2462 adhibeant.

302 2488 368 2526 36.
400 2488 452 2526 Et
480 2487 638 2539 quidem
670 2487 902 2539 principium
934 2486 1053 2524 totius
1088 2486 1271 2524 orationis
1310 2486 1388 2525 tale
1421 2500 1482 2524 me
1516 2488 1728 2538 sumpsisse

247 2557 355 2600 puto,
374 2549 489 2600 quale
510 2550 650 2587 deceat
669 2562 759 2587 eum
785 2548 849 2599 qui
870 2547 1016 2587 bellum
1037 2547 1144 2585 Asiae
1165 2548 1409 2586 inferendum
1439 2562 1523 2587 esse
1551 2550 1728 2590 suadeat.

249 2611 357 2648 Nihil
384 2612 485 2649 enim
507 2612 613 2662 prius
634 2610 829 2662 agendum
850 2617 926 2656 est,
946 2622 1060 2660 quam
1092 2616 1136 2647 ut
1156 2609 1289 2648 Graeci
1321 2617 1389 2648 aut
1421 2610 1618 2661 adjutores
1650 2612 1728 2650 sint

247 2679 314 2710 aut
330 2673 444 2710 rebus
466 2673 650 2723 gerendis
671 2673 835 2710 maxime
864 2672 1035 2710 faveant.
1094 2670 1193 2714 Quae
1220 2671 1442 2722 Agesilaus,
1465 2685 1583 2722 quum
1607 2673 1726 2711 Lace-

247 2734 528 2772 daemoniorum
559 2733 887 2785 prudentissimus
915 2733 1138 2778 haberetur,
1157 2732 1341 2783 neglexit,
1371 2746 1449 2770 non
1484 2733 1548 2771 ille
1569 2734 1726 2785 quidem

250 2810 296 2835 ex
323 2796 570 2848 improbitate
600 2797 669 2835 sed
689 2810 734 2834 ex
754 2796 980 2835 ambitione.
1039 2794 1224 2832 Habebat
1251 2794 1350 2832 enirn
1371 2795 1469 2833 duas
1490 2795 1555 2833 ille
1577 2797 1726 2848 cupidi-

245 2865 361 2904 tates,
390 2857 614 2910 praeclaram
636 2865 852 2909 utramque,
875 2857 943 2896 sed
964 2870 1041 2895 non
1062 2856 1159 2894 inter
1181 2869 1222 2894 se
1243 2858 1530 2895 consentientes
1551 2871 1624 2896 nec
1643 2859 1727 2910 ejus

247 2919 402 2973 generis
429 2933 516 2971 quae
547 2919 661 2958 simul
691 2920 850 2958 confieri
881 2925 1056 2971 possent.
1115 2918 1242 2962 Quum
1277 2919 1378 2956 enim
1413 2927 1452 2957 et
1484 2920 1563 2971 regi
1585 2921 1726 2959 bellurn

248 2982 386 3022 inferre
405 2990 447 3021 et
463 2982 611 3021 amicos
632 2982 679 3020 ab
702 2981 838 3020 exsilio
857 2982 894 3020 in
916 2982 1076 3033 patriam
1095 2994 1288 3032 quemque
1318 2995 1426 3020 suam
1448 2982 1652 3021 restituere
1680 2996 1724 3021 ac
