1870 3277
605 182 824 220 CONTRA
855 179 1196 218 LEOCRATEM.
1540 182 1617 218 465

183 284 412 323 Adimantus
434 284 651 323 Corinthius
674 284 1011 334 AEginetarumque
1031 282 1162 320 classis
1183 284 1253 320 sub
1280 291 1431 321 noctem
1453 284 1612 321 salutem

181 345 250 383 sibi
270 346 465 396 quaesituri
484 352 592 384 erant
612 346 723 395 fuga:
744 344 884 382 deserti
905 343 1030 392 itaque
1051 343 1213 393 majores
1233 344 1351 381 nostri
1372 345 1418 381 ab
1439 345 1613 381 omnibus

182 406 331 445 Graecis
349 408 442 446 alios
463 408 575 445 etiam
596 407 733 444 invitos
754 405 972 448 liberarunt,
999 411 1183 453 cogentes
1213 417 1278 441 eos
1298 406 1399 455 apud
1421 405 1615 442 Salamina

180 480 308 505 secum
340 469 543 506 adversum
574 468 755 505 barbaros
782 465 907 502 navali
942 464 1071 514 praelio
1102 465 1306 502 decertare.
1375 466 1453 502 Soli
1487 473 1614 503 autem

178 529 341 579 majores
362 529 478 566 nostri
497 535 678 577 utrosque
700 527 941 576 superabant,
958 533 996 563 et
1014 526 1141 563 hostes
1161 533 1198 563 et
1219 526 1353 571 socios,
1376 535 1417 563 ut
1433 534 1613 577 utrosque

179 603 355 640 superare
394 590 533 634 decuit,
576 589 700 626 socios
729 587 938 633 beneficiis,
966 587 1096 624 hostes
1123 586 1274 624 virtute.
1342 588 1521 625 Similene
1556 597 1615 626 est

178 663 269 701 ergo
301 650 486 701 majorum
521 655 735 687 nostrorum
770 647 914 685 facturn
947 647 1108 697 fugienti
1146 647 1306 697 patriam
1343 647 1614 697 navigantique

175 710 355 748 Rhodum
383 717 547 760 quatuor
567 709 710 747 dierum
731 709 878 759 spatio?
916 709 1030 758 AEgre
1051 721 1181 745 eorum
1208 708 1343 758 aliquis
1371 709 1614 747 sustinuisset

174 771 358 818 ejusmodi
379 784 486 822 opus,
516 783 560 808 ac
588 783 663 807 non
692 770 819 807 statim
846 770 1036 819 lapidibus
1066 770 1281 807 obruissent
1301 783 1388 807 eum
1408 771 1471 820 qui
1493 771 1612 821 pude-

173 832 317 869 faceret
341 845 469 869 eorum
498 831 824 881 praeclarissimam
846 844 1011 880 operam.
1068 831 1176 868 Adeo
1195 838 1321 868 autem
1348 832 1509 880 patriam
1528 831 1612 869 dili-

172 892 315 941 gebant
343 905 488 936 omnes,
518 900 561 930 ut
587 893 634 930 ab
659 893 784 929 Xerxe
812 892 969 929 missurn
998 891 1166 942 legatum
1198 891 1478 937 Alexandrum,
1507 893 1611 942 prius

171 953 260 1004 ipsis
277 955 454 998 amicum,
473 955 629 1004 quando
649 967 738 993 vero
759 961 896 992 terram
918 959 956 991 et
976 966 1112 1003 aquam
1131 954 1317 1004 petiisset,
1337 954 1609 1005 propemodum

171 1014 360 1065 lapidibus
381 1016 608 1053 obruissent.
654 1015 769 1057 Quod
789 1016 817 1052 si
837 1022 917 1052 tum
939 1014 987 1052 de
1003 1016 1118 1052 verbo
1136 1015 1362 1065 supplicium
1383 1015 1610 1053 sumendum

171 1083 414 1122 censuerunt,
433 1090 560 1114 nonne
580 1077 704 1127 reipsa
725 1076 939 1113 tradentem
967 1076 1100 1113 urbem
1126 1075 1299 1114 hostibus
1320 1077 1469 1127 magnis
1490 1077 1611 1127 poenis

173 1137 390 1174 afficerent?
430 1137 594 1175 Proinde
623 1137 762 1175 talibus
789 1137 848 1174 usi
879 1136 1045 1174 consiliis
1073 1137 1282 1186 nonaginta
1309 1137 1462 1184 quidem
1490 1150 1611 1176 annos

172 1196 391 1235 Graecorum
405 1198 521 1235 duces
541 1198 736 1236 constituti
753 1203 855 1243 sunt,
873 1197 1083 1235 Phoenicen
1102 1204 1226 1235 autem
1247 1204 1285 1235 et
1301 1198 1470 1236 Ciliciam
1491 1212 1610 1249 popu-

170 1259 237 1297 lati
265 1266 367 1305 sunt,
395 1259 441 1297 ad
464 1260 786 1310 Eurymedontem
807 1273 897 1298 vero
917 1260 1156 1309 pedestribus
1176 1260 1294 1310 copiis
1316 1259 1353 1296 in
1375 1266 1475 1298 terra
1502 1261 1610 1298 belli-

171 1327 345 1370 gerantes
379 1328 418 1358 et
455 1321 580 1357 navali
617 1321 748 1371 praelio
786 1321 1029 1359 decertantes
1068 1320 1253 1366 vicerunt,
1290 1327 1445 1358 centum
1483 1328 1608 1359 autem

169 1381 340 1418 triremes
370 1381 614 1418 barbarorum
644 1381 812 1432 captivas
846 1389 1042 1431 ceperunt,
1076 1381 1290 1419 universam
1322 1389 1448 1419 autem
1481 1383 1609 1420 Asiam

170 1442 383 1492 affligentes
410 1442 795 1492 circumnavigarunt,
827 1447 866 1478 et
892 1442 996 1491 quod
1021 1455 1209 1479 summum
1241 1448 1301 1480 est
1320 1442 1503 1488 victoriae,
1532 1456 1608 1480 non

166 1507 350 1553 tropaeum
368 1502 560 1540 Salamine
580 1509 748 1540 statuere
767 1502 949 1547 contenti,
965 1502 1031 1540 sed
1054 1503 1236 1540 terminos
1257 1503 1426 1540 barbaris
1447 1504 1608 1553 figentes

169 1564 234 1613 qui
262 1563 309 1601 ad
332 1563 496 1601 Graeciae
524 1564 737 1601 libertatem
766 1563 1009 1613 pertinerent,
1039 1563 1188 1613 hosque
1218 1563 1460 1613 prohibentes
1486 1571 1609 1601 trans-

167 1623 285 1674 gredi,
315 1625 460 1662 foedera
484 1625 725 1676 pepigerunt,
756 1631 797 1661 ut
824 1624 938 1674 longa
965 1625 1119 1674 quidem
1152 1637 1247 1662 nave
1280 1638 1355 1662 non
1385 1625 1611 1676 navigarent

168 1686 265 1723 intra
282 1686 460 1736 Cyaneas
481 1685 626 1723 insulas
648 1692 686 1722 et
702 1685 942 1722 Phaselidem
964 1697 1129 1729 amnem,
1147 1685 1274 1723 Graeci
1295 1692 1422 1722 autem
1442 1686 1608 1736 suijuris

168 1756 311 1791 essent,
331 1747 355 1783 ii
375 1747 490 1784 etiam
511 1746 574 1796 qui
595 1746 725 1783 Asiam
745 1745 969 1789 incolerent,
988 1758 1060 1782 non
1084 1745 1206 1784 solum
1225 1746 1289 1796 qui
1312 1747 1519 1797 Europam.
1558 1748 1610 1785 At

164 1820 254 1844 vero
276 1807 520 1852 arbitramini,
545 1807 575 1843 si
600 1819 731 1844 omnes
753 1807 944 1844 Leocratis
965 1806 1074 1843 istius
1102 1806 1233 1844 imbuti
1259 1814 1385 1845 mente
1409 1808 1608 1858 fugissent,

166 1868 301 1906 horum
319 1869 473 1919 aliquod
490 1870 632 1906 factum
650 1869 884 1918 egregiorum
907 1881 1061 1918 operum
1079 1880 1178 1912 esse,
1200 1875 1267 1906 aut
1283 1869 1383 1906 hanc
1399 1882 1465 1906 vos
1482 1870 1608 1908 adhue

166 1930 363 1980 regionem
389 1929 626 1967 inhabitare?
665 1928 805 1979 Operae
833 1929 994 1979 pretium
1022 1936 1081 1966 est
1107 1938 1211 1979 ergo,
1234 1929 1397 1980 judices,
1423 1931 1608 1980 quemad-

169 1991 326 2029 modum
340 1992 463 2028 bonos
483 1990 759 2028 commendatis
779 1997 818 2028 et
836 1990 977 2028 honore
997 1990 1155 2035 afficitis,
1176 1991 1229 2028 sic
1248 1998 1286 2029 et
1303 1992 1462 2042 ignavos
1482 1992 1610 2030 odisse

164 2059 204 2091 et
228 2053 383 2103 punire;
424 2054 584 2090 maxime
612 2064 701 2090 vero
729 2051 964 2097 Leocratem‚
988 2051 1052 2102 qui
1078 2064 1202 2102 neque
1229 2052 1363 2090 metuit
1390 2065 1514 2103 neque
1539 2066 1607 2091 vos

168 2119 227 2151 est
246 2114 441 2152 reveritus.

223 2176 282 2213 18.
313 2176 414 2213 Sane
430 2175 477 2213 de
497 2175 553 2212 his
569 2174 680 2212 rebus
696 2174 856 2225 qualiter
874 2174 1073 2221 statuistis,
1088 2175 1301 2225 qualesque
1317 2176 1393 2213 sint
1407 2178 1607 2214 sententiae

165 2241 314 2280 vestrae,
337 2236 656 2287 contemplamini.
713 2235 883 2286 Dignum
912 2243 969 2273 est
992 2237 1090 2274 enim
1118 2249 1183 2274 eas
1213 2237 1326 2274 etiam
1346 2237 1446 2288 apud
1469 2250 1607 2288 gnaros

166 2297 372 2335 earundem
400 2311 633 2348 percensere.
687 2297 926 2335 Praeconium
955 2297 1068 2343 enim,
1087 2297 1140 2335 ita
1160 2297 1249 2335 mihi
1270 2298 1445 2336 Minerva
1466 2298 1607 2341 faveat,

166 2360 269 2397 urbis
291 2367 381 2397 sunt
399 2367 545 2398 veteres
576 2361 679 2410 leges
708 2366 746 2397 et
770 2360 1066 2397 consuetudines
1094 2373 1223 2397 eorum
1245 2361 1309 2410 qui
1334 2361 1417 2398 haec
1445 2361 1606 2411 primum

166 2422 457 2465 constituerunt,
484 2422 620 2470 quibus
642 2421 671 2458 si
692 2420 898 2457 advertatis
920 2421 1100 2465 animum,
1114 2421 1219 2471 justa
1239 2421 1388 2459 facietis
1410 2423 1606 2460 omnibus-

165 2494 239 2532 que
261 2481 473 2519 hominibus
489 2481 634 2518 honesti
650 2481 830 2531 dignique
847 2481 939 2519 urbe
951 2481 1217 2532 judicabimini
1236 2495 1332 2520 esse.
1370 2482 1489 2520 Vobis
1507 2483 1605 2520 enim

167 2550 224 2581 est
254 2543 534 2594 jusjurandum,
567 2542 670 2592 quod
699 2542 829 2592 jurant
858 2555 989 2579 omnes
1023 2542 1138 2586 cives,
1170 2550 1373 2593 postquam
1405 2542 1441 2580 in
1476 2543 1605 2581 album

166 2604 293 2642 inserti
322 2603 473 2648 fuerint,
500 2604 731 2640 destinatum
756 2603 913 2653 ephebis
935 2604 999 2652 qui
1028 2603 1085 2640 sui
1114 2602 1188 2640 sint
1207 2603 1303 2653 juris
1333 2611 1369 2641 et
1394 2604 1603 2654 patriorum

165 2665 352 2702 bonorum
373 2664 697 2702 administratores
728 2676 809 2701 esse
829 2670 985 2714 queant,
1010 2676 1085 2714 quo
1106 2671 1274 2709 cavetur,
1302 2677 1349 2702 ne
1377 2678 1485 2703 sacra
1503 2679 1608 2704 arma

166 2725 411 2776 pudefaciant
441 2738 563 2775 neque
595 2725 793 2762 stationem
826 2732 891 2762 aut
919 2726 1036 2762 aciem
1069 2725 1261 2771 deserant,
1294 2725 1454 2776 patriam
1481 2734 1605 2766 autem

166 2787 377 2824 defendant
396 2793 435 2823 et
454 2786 647 2824 meliorem
677 2785 852 2824 reddant.
911 2786 1026 2828 Quod
1055 2785 1086 2823 si
1114 2786 1180 2823 illo
1207 2799 1246 2823 se
1266 2786 1514 2838 jurejurando
1541 2789 1607 2826 ob-

167 2848 316 2886 strinxit
338 2848 554 2894 Leocrates,
575 2848 701 2898 palam
726 2848 850 2885 factus
870 2854 930 2884 est
947 2847 1135 2898 perjuru5‚
1162 2854 1276 2897 atque
1296 2848 1333 2885 in
1355 2848 1447 2886 deos
1469 2848 1604 2899 impius

167 2910 252 2954 fuit,
282 2923 358 2947 non
389 2909 508 2947 solum
536 2921 603 2946 vos
631 2909 768 2959 injuria
799 2908 944 2946 affecit:
983 2908 1014 2947 si
1041 2916 1168 2947 autem
1195 2922 1270 2946 non
1294 2909 1447 2959 juravit,
1477 2911 1603 2948 statim'

862 2971 883 3006 3
904 2982 926 3006 o
