1870 3277
501 185 572 222 DE
601 182 822 222 CIRONIS
854 180 1223 219 HEREDITATE.
1507 178 1582 213 385

142 286 246 325 illinc
271 297 391 324 meam
418 285 455 323 in
483 286 638 324 domum
667 289 915 337 asportatum,
933 289 976 319 ut
1001 295 1022 319 e
1047 293 1124 331 qua
1144 280 1275 318 vellem
1298 280 1410 317 funus
1439 277 1581 318 efferri:

142 348 329 386 habebam
355 360 506 385 mecum
533 347 696 398 aliquem
726 345 1034 388 necessariorum,
1053 342 1171 393 patris
1196 342 1269 379 mei
1301 340 1581 385 consobrinum,

142 415 277 446 testem
302 408 391 447 mihi
408 409 577 447 futurum
596 421 729 446 eorum
746 419 833 457 quae
855 412 935 443 tum
954 404 1213 442 interventum
1227 402 1455 440 videbantur
1474 413 1580 439 esse:

142 469 194 508 ibi
213 481 288 520 ego
308 469 481 509 Dioclem
501 469 654 521 quidem
673 467 775 507 domi
795 466 943 504 Cironis
962 465 1066 504 haud
1085 464 1218 515 reperi,
1238 464 1434 513 ingressus
1454 470 1581 500 tamen

143 530 182 568 in
201 531 357 570 domum
378 532 607 582 accingebar
625 530 674 568 ad
691 530 805 566 funus
831 528 934 566 illinc
953 530 991 565 in
1018 527 1174 566 domum
1193 537 1317 563 meam
1347 524 1581 562 transferen-

143 591 410 639 dum‚habens
435 604 585 631 mecum
611 602 740 629 servos
760 589 808 627 ad
834 588 1099 640 bajulandum.
1156 587 1298 625 Verum
1324 583 1584 622 intercedebat

143 665 240 692 uxor
266 654 338 700 avi,
358 654 578 705 supplicans
607 659 649 690 ut
676 663 749 703 ego
768 650 904 689 vellem
930 663 952 688 e
971 650 1086 688 domo
1114 661 1184 687 sua
1212 647 1329 684 funus
1359 645 1418 684 avi
1438 644 1584 688 efferre,

144 714 339 764 spondens
359 726 514 766 operam
534 727 555 751 a
578 726 619 751 se
639 713 748 751 nobis
772 712 1031 763 praestandam
1051 711 1087 748 in
1109 721 1268 760 corpore
1287 708 1347 746 avi
1367 705 1584 749 tractando,

142 775 321 823 lavando,
339 783 379 815 et
395 776 618 815 adornando
645 775 723 826 [vel
744 774 1013 826 pollingendo]
1032 786 1041 810 τ
1071 771 1332 824 permovebar,
1352 768 1518 818 judices,
1538 766 1585 804 ab

141 837 308 876 oratione
335 837 586 889 supplicantis
609 837 865 888 lacrymisque
885 836 1024 887 quibus
1044 847 1127 873 eam
1150 832 1360 871 orationem
1380 841 1586 882 proseque-

139 898 265 945 batur,
286 906 328 937 ut
354 899 403 937 ad
426 899 574 937 Dioclis
599 898 757 936 domum
777 897 1014 942 accederem,
1033 897 1094 934 cui
1114 907 1241 933 coram
1262 893 1423 931 testibus
1441 890 1585 942 signifi-

140 960 276 997 cabam
292 974 352 999 me
369 960 586 999 decrevisse
602 959 750 998 Gitonis
767 972 787 996 e
803 959 919 996 domo
933 958 1050 995 funus
1070 957 1154 1008 ejus
1174 955 1327 998 efferre:
1358 953 1475 1003 idque
1495 952 1586 989 dare

139 1021 317 1071 precibus
336 1028 375 1059 et
394 1021 713 1060 obtestationibus
733 1020 872 1065 viduae,
894 1032 980 1070 quae
1000 1024 1100 1056 esset
1117 1017 1237 1068 ipsius
1259 1014 1446 1066 [Dioclis]
1465 1026 1584 1051 soror.

143 1081 300 1120 Diocles
318 1082 394 1120 ista
411 1096 458 1120 ex
476 1094 535 1121 me
555 1082 717 1120 audiens
737 1081 791 1119 nil
810 1080 1102 1130 obloquebatur,
1121 1079 1206 1116 haec
1227 1074 1495 1115 tantummodo
1519 1074 1588 1111 ad-

141 1143 322 1181 monebat
340 1143 483 1181 funeris
501 1156 592 1194 ergo
610 1155 694 1181 esse
714 1142 842 1180 nescio
863 1141 956 1193 quid
975 1148 1158 1192 emptum,
1174 1139 1284 1190 cujus
1299 1138 1347 1176 de
1362 1137 1482 1188 pretio
1501 1135 1588 1173 red-

141 1203 272 1241 dendo
289 1217 329 1242 se
349 1204 458 1242 arrha
477 1204 607 1242 danda
625 1204 794 1242 cavisse:
823 1203 986 1254 rogabat
1004 1215 1095 1253 ergo
1115 1209 1158 1239 ut
1176 1201 1342 1253 pretium
1361 1198 1432 1236 sibi
1448 1197 1586 1235 redde-

141 1276 236 1311 rem,
255 1265 490 1315 curabatque
508 1264 578 1303 sibi
597 1277 620 1303 a
638 1278 698 1303 me
719 1265 846 1303 statim
867 1263 1048 1315 sponderi
1068 1262 1117 1300 de
1143 1262 1264 1314 pretio
1289 1272 1414 1298 rerum
1440 1266 1586 1309 empta-

142 1339 225 1364 rum
251 1326 466 1373 reddendo,
490 1333 541 1371 et,
568 1327 706 1377 quibus
733 1339 756 1364 a
783 1338 823 1364 se
849 1325 980 1364 datam
1008 1325 1134 1362 aiebat
1159 1323 1309 1361 arrham
1335 1333 1434 1366 esse,
1455 1331 1523 1358 eos
1547 1330 1588 1356 se

142 1387 192 1425 ad
220 1400 278 1425 me
304 1388 562 1425 adducturum
584 1400 669 1425 esse
692 1388 861 1437 mihique
880 1399 1007 1425 coram
1028 1386 1297 1429 exhibiturum,
1316 1381 1546 1420 affirmantes
1566 1393 1589 1417 a

142 1448 280 1487 Diocle
300 1449 370 1487 sibi
389 1462 473 1487 esse
495 1449 748 1487 satisfactum.
805 1448 984 1486 Protinus
1006 1448 1135 1498 itaque
1161 1445 1318 1483 Diocles
1337 1443 1445 1481 velut
1469 1441 1591 1479 obiter

141 1517 181 1548 et
208 1510 312 1548 aliud
341 1511 490 1561 agendo
519 1510 684 1549 sermoni
713 1523 785 1548 suo
810 1510 1051 1547 immiscebat
1086 1508 1320 1545 mentionem
1358 1504 1443 1541 aeris
1479 1501 1589 1540 alieni

144 1572 296 1610 Cironis
318 1585 410 1623 ergo
428 1572 629 1618 contracti,
649 1572 759 1622 quasi
779 1571 894 1609 Ciron
913 1570 1006 1608 nihil
1021 1570 1059 1607 in
1079 1567 1327 1607 facultatibus
1348 1564 1588 1615 reliquisset:

142 1647 364 1685 quanquam
390 1646 463 1685 ego
489 1633 577 1671 nihil
597 1633 690 1672 dum
715 1633 765 1671 de
788 1631 1038 1670 facultatibus
1059 1629 1210 1669 Cironis
1226 1627 1463 1679 quaerebam.
1519 1624 1590 1661 At·

143 1695 222 1746 qui,
249 1695 280 1732 si
307 1695 457 1733 Cironis
489 1708 562 1746 ego
588 1708 608 1733 e
636 1696 715 1733 filia
741 1706 862 1746 nepos
889 1706 964 1731 non
996 1693 1166 1737 fuissem,
1192 1690 1364 1743 profecto
1392 1683 1589 1737 nunquam

145 1756 301 1794 Diocles
328 1756 424 1794 illud
454 1768 605 1794 mecum
634 1756 772 1794 fuisset
798 1761 949 1807 pactus,
976 1753 1044 1791 sed
1073 1753 1145 1791 hac
1174 1751 1301 1803 potius
1332 1749 1501 1787 oratione
1529 1758 1591 1783 me

142 1817 369 1869 repulisset:
412 1817 480 1855 Tu
500 1830 608 1856 vero
627 1818 765 1869 cujus
786 1816 861 1855 es?
898 1815 1011 1867 quid
1036 1815 1122 1852 tibi
1148 1826 1247 1851 cum
1273 1813 1439 1850 funere
1461 1808 1590 1846 Ciro-

144 1878 246 1916 nis?
274 1892 364 1930 ego
384 1886 429 1917 te
449 1892 538 1917 non
565 1880 691 1922 novi3
722 1879 819 1917 noli
843 1890 986 1916 meam
1008 1877 1053 1914 in
1074 1877 1259 1915 domum
1284 1873 1471 1910 intrare.
1504 1870 1590 1908 Hac

144 1952 232 1977 eum
252 1940 424 1978 oratione
442 1939 496 1977 uti
522 1946 602 1977 tum
624 1940 801 1986 decebat,
823 1952 936 1991 quam
956 1951 1059 1976 nunc
1079 1938 1173 1976 alios
1194 1935 1342 1973 induxit
1361 1940 1405 1971 ut
1424 1932 1514 1970 mihi
1534 1932 1590 1969 in—

145 2008 346 2051 gererent:
376 2009 457 2039 tum
486 2013 575 2038 vero
603 2001 696 2039 nihil
723 2002 859 2039 horum
890 2002 972 2052 ipse
1001 2000 1050 2038 ad
1077 2011 1152 2044 me,
1183 1996 1251 2035 sed
1281 1997 1353 2035 hoc
1381 1995 1522 2046 potius,
1548 2000 1593 2030 ut

144 2073 299 2114 operam
330 2063 458 2101 darem
485 2068 531 2100 ut
553 2062 614 2100 die
641 2071 729 2114 post
759 2076 813 2100 aes
841 2062 910 2100 sibi
941 2061 1206 2113 persolverem.
1269 2059 1404 2096 Testes
1429 2063 1470 2095 tu
1501 2054 1591 2093 mihi

144 2125 220 2162 cita
238 2124 524 2162 confirmaturos
544 2124 629 2162 haee
650 2137 671 2161 a
692 2137 753 2162 me
773 2136 861 2162 vera
881 2123 970 2161 dici.

766 2226 975 2266 TESTES.

200 2307 238 2343 8.
267 2304 403 2356 Neque
424 2305 582 2344 Diocles
603 2305 844 2344 solummodo
864 2317 906 2343 se
924 2317 948 2342 a
966 2303 1032 2342 tali
1051 2302 1220 2341 oratione
1245 2300 1440 2345 abstinuit,
1461 2310 1590 2337 verum

146 2365 260 2404 etiam
277 2365 340 2404 hic
359 2366 441 2417 ipse
460 2366 524 2416 qui
544 2367 609 2418 [ab
632 2379 678 2404 eo
702 2366 925 2417 instigatus]
951 2377 1055 2402 nunc
1074 2377 1226 2402 mecum
1247 2375 1362 2413 super
1379 2359 1591 2398 hereditate

147 2427 295 2465 Cironis
311 2427 530 2470 contendit:
560 2440 661 2465 nunc
679 2435 807 2466 autem
826 2428 858 2465 is
878 2440 902 2466 a
921 2427 1060 2465 Diocle
1079 2427 1309 2465 subornatus
1329 2434 1481 2460 mecum
1503 2433 1593 2459 con-

146 2490 281 2528 tendit.
337 2491 415 2532 Qui
441 2490 600 2529 Diocles
619 2503 705 2540 quae
729 2488 1008 2528 machinaretur
1031 2489 1150 2527 altero
1174 2487 1301 2525 statim
1320 2485 1382 2523 die
1401 2483 1591 2535 prodidit:

146 2564 221 2602 ego
240 2551 340 2589 enim
360 2564 414 2589 aes
433 2557 589 2602 pactum
609 2551 738 2589 Diocli
757 2551 916 2589 daturus
937 2561 1025 2589 cum
1049 2547 1235 2593 afferrem,
1255 2544 1376 2584 noluit
1402 2545 1465 2582 ille
1493 2543 1590 2582 acci-

148 2625 252 2663 pere,
271 2626 351 2664 prae
369 2625 410 2651 se
429 2613 554 2651 ferens
577 2613 624 2650 ab
650 2613 723 2651 hoc
747 2613 1015 2664 [competitore
1043 2610 1147 2658 meo]
1173 2609 1242 2647 sibi
1262 2609 1344 2660 jam
1370 2619 1456 2645 esse
1483 2606 1592 2644 satis·

147 2673 318 2718 factum3
357 2687 469 2713 nemo
498 2682 626 2715 tamen
653 2675 738 2714 ideo
768 2687 827 2712 me
859 2674 1085 2725 prohibebat
1112 2671 1317 2723 quominus
1349 2670 1387 2706 in
1421 2668 1593 2706 curando

151 2736 301 2773 Cironis
318 2736 451 2774 funere
465 2744 607 2788 praesto
619 2737 711 2789 ipsis
725 2750 863 2783 essem,
881 2736 948 2774 sed
966 2736 1079 2773 rebus
1093 2734 1128 2772 in
1144 2733 1321 2773 omnibus
1335 2743 1489 2783 operam
1505 2743 1593 2769 cum

150 2796 224 2834 illis
245 2809 486 2836 communem
506 2800 692 2837 navabam
713 2798 761 2836 de
781 2809 942 2848 meoque
961 2804 1138 2848 sumptus
1155 2796 1388 2847 praebebam,
1407 2794 1446 2832 hi
1465 2801 1591 2831 autem

151 2858 199 2895 de
220 2859 368 2902 alieno:
397 2871 483 2897 nam
504 2873 628 2911 neque
644 2860 705 2898 hic
726 2860 973 2911 [competitor
991 2859 1116 2906 meus]
1135 2871 1258 2909 neque
1278 2857 1434 2895 Diocles
1454 2856 1503 2894 de
1522 2867 1593 2896 suo

152 2921 376 2970 erogabant,
396 2921 463 2959 sed
488 2934 534 2959 ex
559 2921 766 2960 hereditate
787 2935 809 2959 a
830 2921 972 2958 Cirone
991 2920 1133 2958 relicta.
1191 2919 1319 2970 Atqui,
1340 2919 1371 2957 si
1390 2919 1481 2955 Ciro
1500 2927 1592 2954 avus

835 2984 856 3019 3
889 2994 913 3017 n
