<?xml version="1.0" encoding="UTF-8"?>
<!DOCTYPE html PUBLIC "-//W3C//DTD XHTML 1.0 Transitional//EN"
    "http://www.w3.org/TR/xhtml1/DTD/xhtml1-transitional.dtd">
<html xmlns="http://www.w3.org/1999/xhtml" xml:lang="en" lang="en">
 <head>
  <title>
</title>
<meta http-equiv="Content-Type" content="text/html;charset=utf-8" />
  <meta name='ocr-system' content='tesseract 3.04.00' />
  <meta name='ocr-capabilities' content='ocr_page ocr_carea ocr_par ocr_line ocrx_word'/>
</head>
<body>
  <div class='ocr_page' id='page_1' title='image "./oratoresatticie14dobs_0327.png"; bbox 0 0 1870 3277; ppageno 0'>
   <div class='ocr_carea' id='block_1_1' title="bbox 513 179 1641 222">
    <p class='ocr_par' dir='ltr' id='par_1_1' title="bbox 513 179 1641 222">
     <span class='ocr_line' id='line_1_1' title="bbox 513 179 1641 222; baseline 0.004 -4"><span class='ocrx_word' id='word_1_1' title='bbox 513 180 587 219; x_wconf 88' lang='lat' dir='ltr'>DE</span> <span class='ocrx_word' id='word_1_2' title='bbox 619 181 896 221; x_wconf 87' lang='lat' dir='ltr'><strong>MENECLIS</strong></span> <span class='ocrx_word' id='word_1_3' title='bbox 929 179 1314 220; x_wconf 85' lang='lat' dir='ltr'><strong>HEREDITATE.</strong></span> <span class='ocrx_word' id='word_1_4' title='bbox 1562 184 1641 222; x_wconf 87' lang='lat'>315</span> 
     </span>
    </p>
   </div>
   <div class='ocr_carea' id='block_1_2' title="bbox 151 282 1641 2426">
    <p class='ocr_par' dir='ltr' id='par_1_2' title="bbox 159 282 1641 998">
     <span class='ocr_line' id='line_1_2' title="bbox 172 282 1638 336; baseline 0.003 -16"><span class='ocrx_word' id='word_1_5' title='bbox 172 282 340 321; x_wconf 89' lang='lat' dir='ltr'>Proinde</span> <span class='ocrx_word' id='word_1_6' title='bbox 371 295 443 322; x_wconf 88' lang='lat' dir='ltr'>nos</span> <span class='ocrx_word' id='word_1_7' title='bbox 476 283 671 323; x_wconf 87' lang='lat' dir='ltr'>allocutus</span> <span class='ocrx_word' id='word_1_8' title='bbox 702 292 774 332; x_wconf 85' lang='lat' dir='ltr'>est,</span> <span class='ocrx_word' id='word_1_9' title='bbox 796 292 836 322; x_wconf 86' lang='lat' dir='ltr'>et</span> <span class='ocrx_word' id='word_1_10' title='bbox 860 296 1015 336; x_wconf 80' lang='lat' dir='ltr'>aequum</span> <span class='ocrx_word' id='word_1_11' title='bbox 1036 282 1133 322; x_wconf 85' lang='lat' dir='ltr'><strong>dixit</strong></span> <span class='ocrx_word' id='word_1_12' title='bbox 1153 284 1224 322; x_wconf 91' lang='lat' dir='ltr'>sibi</span> <span class='ocrx_word' id='word_1_13' title='bbox 1244 283 1380 331; x_wconf 84' lang='lat' dir='ltr'>videri,</span> <span class='ocrx_word' id='word_1_14' title='bbox 1401 297 1520 336; x_wconf 88' lang='lat' dir='ltr'>quum</span> <span class='ocrx_word' id='word_1_15' title='bbox 1539 285 1638 324; x_wconf 84' lang='lat' dir='ltr'>forte</span> 
     </span>
     <span class='ocr_line' id='line_1_3' title="bbox 169 345 1640 397; baseline 0.002 -15"><span class='ocrx_word' id='word_1_16' title='bbox 169 345 326 383; x_wconf 86' lang='lat' dir='ltr'>fortuna</span> <span class='ocrx_word' id='word_1_17' title='bbox 353 346 479 384; x_wconf 87' lang='lat' dir='ltr'>nullos</span> <span class='ocrx_word' id='word_1_18' title='bbox 503 360 552 386; x_wconf 82' lang='lat' dir='ltr'>ex</span> <span class='ocrx_word' id='word_1_19' title='bbox 579 360 706 386; x_wconf 88' lang='lat' dir='ltr'>sorore</span> <span class='ocrx_word' id='word_1_20' title='bbox 738 354 870 384; x_wconf 86' lang='lat' dir='ltr'>nostra</span> <span class='ocrx_word' id='word_1_21' title='bbox 888 346 1031 384; x_wconf 88' lang='lat' dir='ltr'>liberos</span> <span class='ocrx_word' id='word_1_22' title='bbox 1050 353 1310 397; x_wconf 82' lang='lat' dir='ltr'>procreasset,</span> <span class='ocrx_word' id='word_1_23' title='bbox 1332 359 1379 384; x_wconf 86' lang='lat' dir='ltr'>ex</span> <span class='ocrx_word' id='word_1_24' title='bbox 1400 347 1474 385; x_wconf 86' lang='lat' dir='ltr'>hac</span> <span class='ocrx_word' id='word_1_25' title='bbox 1493 346 1640 386; x_wconf 86' lang='lat' dir='ltr'>familia</span> 
     </span>
     <span class='ocr_line' id='line_1_4' title="bbox 167 406 1636 459; baseline 0.002 -16"><span class='ocrx_word' id='word_1_26' title='bbox 167 406 286 444; x_wconf 89' lang='lat' dir='ltr'>filium</span> <span class='ocrx_word' id='word_1_27' title='bbox 309 407 544 455; x_wconf 76' lang='lat' dir='ltr'>adsciscere,</span> <span class='ocrx_word' id='word_1_28' title='bbox 565 408 669 446; x_wconf 89' lang='lat' dir='ltr'>unde</span> <span class='ocrx_word' id='word_1_29' title='bbox 685 408 830 459; x_wconf 87' lang='lat' dir='ltr'>prolem</span> <span class='ocrx_word' id='word_1_30' title='bbox 854 407 1080 445; x_wconf 82' lang='lat' dir='ltr'>naturaliter</span> <span class='ocrx_word' id='word_1_31' title='bbox 1102 406 1287 444; x_wconf 88' lang='lat' dir='ltr'>habuisse</span> <span class='ocrx_word' id='word_1_32' title='bbox 1306 407 1517 445; x_wconf 89' lang='lat' dir='ltr'>voluisset:</span> <span class='ocrx_word' id='word_1_33' title='bbox 1541 407 1636 446; x_wconf 89' lang='lat' dir='ltr'>cui-</span> 
     </span>
     <span class='ocr_line' id='line_1_5' title="bbox 167 467 1639 520; baseline 0.002 -16"><span class='ocrx_word' id='word_1_34' title='bbox 167 479 360 519; x_wconf 85' lang='lat' dir='ltr'>cunque</span> <span class='ocrx_word' id='word_1_35' title='bbox 408 482 538 520; x_wconf 86' lang='lat' dir='ltr'>ergo,</span> <span class='ocrx_word' id='word_1_36' title='bbox 577 470 716 520; x_wconf 90' lang='lat' dir='ltr'>inquit,</span> <span class='ocrx_word' id='word_1_37' title='bbox 755 474 977 506; x_wconf 85' lang='lat' dir='ltr'>vestrum</span> <span class='ocrx_word' id='word_1_38' title='bbox 1019 468 1158 506; x_wconf 88' lang='lat' dir='ltr'>duum</span> <span class='ocrx_word' id='word_1_39' title='bbox 1196 467 1424 505; x_wconf 88' lang='lat' dir='ltr'>conditio</span> <span class='ocrx_word' id='word_1_40' title='bbox 1462 469 1639 519; x_wconf 87' lang='lat' dir='ltr'>placet,</span> 
     </span>
     <span class='ocr_line' id='line_1_6' title="bbox 164 528 1637 582; baseline 0.003 -17"><span class='ocrx_word' id='word_1_41' title='bbox 164 528 379 569; x_wconf 87' lang='lat' dir='ltr'>mihimet</span> <span class='ocrx_word' id='word_1_42' title='bbox 415 531 571 582; x_wconf 86' lang='lat' dir='ltr'>ipsum</span> <span class='ocrx_word' id='word_1_43' title='bbox 611 531 849 580; x_wconf 88' lang='lat' dir='ltr'>adoptare</span> <span class='ocrx_word' id='word_1_44' title='bbox 888 530 1013 568; x_wconf 91' lang='lat' dir='ltr'>volo.</span> <span class='ocrx_word' id='word_1_45' title='bbox 1081 529 1152 567; x_wconf 89' lang='lat' dir='ltr'>His</span> <span class='ocrx_word' id='word_1_46' title='bbox 1170 529 1326 576; x_wconf 87' lang='lat' dir='ltr'>auditis,</span> <span class='ocrx_word' id='word_1_47' title='bbox 1345 529 1437 580; x_wconf 89' lang='lat' dir='ltr'>quia</span> <span class='ocrx_word' id='word_1_48' title='bbox 1456 531 1637 569; x_wconf 89' lang='lat' dir='ltr'>omnibus</span> 
     </span>
     <span class='ocr_line' id='line_1_7' title="bbox 163 589 1641 641; baseline 0.002 -15"><span class='ocrx_word' id='word_1_49' title='bbox 163 601 235 627; x_wconf 88' lang='lat' dir='ltr'>nos</span> <span class='ocrx_word' id='word_1_50' title='bbox 255 591 492 641; x_wconf 80' lang='lat' dir='ltr'>praetulerat,</span> <span class='ocrx_word' id='word_1_51' title='bbox 511 591 629 629; x_wconf 86' lang='lat' dir='ltr'>frater</span> <span class='ocrx_word' id='word_1_52' title='bbox 648 602 758 627; x_wconf 88' lang='lat' dir='ltr'>meus</span> <span class='ocrx_word' id='word_1_53' title='bbox 775 602 992 627; x_wconf 85' lang='lat' dir='ltr'>sermonem</span> <span class='ocrx_word' id='word_1_54' title='bbox 1012 589 1097 640; x_wconf 90' lang='lat' dir='ltr'>ejus</span> <span class='ocrx_word' id='word_1_55' title='bbox 1119 590 1371 637; x_wconf 87' lang='lat' dir='ltr'>collaudavit,</span> <span class='ocrx_word' id='word_1_56' title='bbox 1385 597 1423 628; x_wconf 90' lang='lat' dir='ltr'>et</span> <span class='ocrx_word' id='word_1_57' title='bbox 1438 590 1568 629; x_wconf 82' lang='lat' dir='ltr'>fassus</span> <span class='ocrx_word' id='word_1_58' title='bbox 1582 598 1641 629; x_wconf 86' lang='lat' dir='ltr'>est</span> 
     </span>
     <span class='ocr_line' id='line_1_8' title="bbox 163 650 1640 703; baseline 0.002 -16"><span class='ocrx_word' id='word_1_59' title='bbox 163 651 269 689; x_wconf 84' lang='lat' dir='ltr'>aetati</span> <span class='ocrx_word' id='word_1_60' title='bbox 289 652 370 703; x_wconf 91' lang='lat' dir='ltr'>ejus</span> <span class='ocrx_word' id='word_1_61' title='bbox 390 658 429 689; x_wconf 87' lang='lat' dir='ltr'>et</span> <span class='ocrx_word' id='word_1_62' title='bbox 454 651 635 702; x_wconf 77' lang='lat' dir='ltr'>praesenti</span> <span class='ocrx_word' id='word_1_63' title='bbox 661 651 814 688; x_wconf 86' lang='lat' dir='ltr'>orbitati</span> <span class='ocrx_word' id='word_1_64' title='bbox 837 663 932 702; x_wconf 90' lang='lat' dir='ltr'>opus</span> <span class='ocrx_word' id='word_1_65' title='bbox 953 663 1041 688; x_wconf 84' lang='lat' dir='ltr'>esse</span> <span class='ocrx_word' id='word_1_66' title='bbox 1069 657 1113 688; x_wconf 90' lang='lat' dir='ltr'>ut</span> <span class='ocrx_word' id='word_1_67' title='bbox 1141 650 1323 688; x_wconf 86' lang='lat' dir='ltr'>comitem</span> <span class='ocrx_word' id='word_1_68' title='bbox 1345 651 1502 699; x_wconf 86' lang='lat' dir='ltr'>habeat,</span> <span class='ocrx_word' id='word_1_69' title='bbox 1519 652 1586 702; x_wconf 86' lang='lat' dir='ltr'>qui</span> <span class='ocrx_word' id='word_1_70' title='bbox 1605 652 1640 690; x_wconf 88' lang='lat' dir='ltr'>ei</span> 
     </span>
     <span class='ocr_line' id='line_1_9' title="bbox 162 712 1636 764; baseline 0.001 -13"><span class='ocrx_word' id='word_1_71' title='bbox 162 713 396 751; x_wconf 83' lang='lat' dir='ltr'>ministraret</span> <span class='ocrx_word' id='word_1_72' title='bbox 414 714 531 764; x_wconf 86' lang='lat' dir='ltr'>inque</span> <span class='ocrx_word' id='word_1_73' title='bbox 551 714 645 751; x_wconf 89' lang='lat' dir='ltr'>urbe</span> <span class='ocrx_word' id='word_1_74' title='bbox 660 720 904 750; x_wconf 84' lang='lat' dir='ltr'>versaretur:</span> <span class='ocrx_word' id='word_1_75' title='bbox 936 712 1049 750; x_wconf 90' lang='lat' dir='ltr'>mihi</span> <span class='ocrx_word' id='word_1_76' title='bbox 1076 712 1257 763; x_wconf 90' lang='lat' dir='ltr'>itaque,</span> <span class='ocrx_word' id='word_1_77' title='bbox 1271 713 1409 764; x_wconf 90' lang='lat' dir='ltr'>inquit,</span> <span class='ocrx_word' id='word_1_78' title='bbox 1431 726 1636 752; x_wconf 87' lang='lat' dir='ltr'>necesse</span> 
     </span>
     <span class='ocr_line' id='line_1_10' title="bbox 161 773 1640 824; baseline 0.001 -13"><span class='ocrx_word' id='word_1_79' title='bbox 161 780 234 811; x_wconf 87' lang='lat' dir='ltr'>est</span> <span class='ocrx_word' id='word_1_80' title='bbox 264 782 312 812; x_wconf 91' lang='lat' dir='ltr'>ut</span> <span class='ocrx_word' id='word_1_81' title='bbox 335 773 471 813; x_wconf 92' lang='lat' dir='ltr'>domo</span> <span class='ocrx_word' id='word_1_82' title='bbox 499 775 660 819; x_wconf 88' lang='lat' dir='ltr'>absim,</span> <span class='ocrx_word' id='word_1_83' title='bbox 685 774 731 811; x_wconf 93' lang='lat' dir='ltr'>id</span> <span class='ocrx_word' id='word_1_84' title='bbox 757 773 886 824; x_wconf 91' lang='lat' dir='ltr'>quod</span> <span class='ocrx_word' id='word_1_85' title='bbox 916 781 1084 811; x_wconf 87' lang='lat' dir='ltr'>notum</span> <span class='ocrx_word' id='word_1_86' title='bbox 1104 773 1223 818; x_wconf 90' lang='lat' dir='ltr'>tibi;</span> <span class='ocrx_word' id='word_1_87' title='bbox 1256 773 1337 813; x_wconf 92' lang='lat' dir='ltr'>hic</span> <span class='ocrx_word' id='word_1_88' title='bbox 1359 787 1468 814; x_wconf 82' lang='lat' dir='ltr'>vero</span> <span class='ocrx_word' id='word_1_89' title='bbox 1488 775 1640 813; x_wconf 83' lang='lat' dir='ltr'>frater</span> 
     </span>
     <span class='ocr_line' id='line_1_11' title="bbox 160 836 1638 886; baseline 0.001 -14"><span class='ocrx_word' id='word_1_90' title='bbox 160 847 290 872; x_wconf 88' lang='lat' dir='ltr'>meus</span> <span class='ocrx_word' id='word_1_91' title='bbox 323 837 400 884; x_wconf 91' lang='lat' dir='ltr'>(me</span> <span class='ocrx_word' id='word_1_92' title='bbox 419 836 569 885; x_wconf 90' lang='lat' dir='ltr'>dicens)</span> <span class='ocrx_word' id='word_1_93' title='bbox 602 849 676 874; x_wconf 88' lang='lat' dir='ltr'>res</span> <span class='ocrx_word' id='word_1_94' title='bbox 715 843 921 886; x_wconf 87' lang='lat' dir='ltr'>tuasque</span> <span class='ocrx_word' id='word_1_95' title='bbox 955 848 1190 886; x_wconf 87' lang='lat' dir='ltr'>measque</span> <span class='ocrx_word' id='word_1_96' title='bbox 1220 836 1428 883; x_wconf 88' lang='lat' dir='ltr'>curabit,</span> <span class='ocrx_word' id='word_1_97' title='bbox 1460 836 1498 875; x_wconf 88' lang='lat' dir='ltr'>si</span> <span class='ocrx_word' id='word_1_98' title='bbox 1533 849 1638 875; x_wconf 89' lang='lat' dir='ltr'>eum</span> 
     </span>
     <span class='ocr_line' id='line_1_12' title="bbox 160 895 1635 950; baseline 0.001 -17"><span class='ocrx_word' id='word_1_99' title='bbox 160 895 444 947; x_wconf 89' lang='lat' dir='ltr'>adoptatum</span> <span class='ocrx_word' id='word_1_100' title='bbox 475 898 632 936; x_wconf 88' lang='lat' dir='ltr'>iveris.</span> <span class='ocrx_word' id='word_1_101' title='bbox 654 897 783 948; x_wconf 82' lang='lat' dir='ltr'>Atque</span> <span class='ocrx_word' id='word_1_102' title='bbox 799 896 997 936; x_wconf 85' lang='lat' dir='ltr'>Menecles</span> <span class='ocrx_word' id='word_1_103' title='bbox 1009 897 1126 935; x_wconf 86' lang='lat' dir='ltr'>verba</span> <span class='ocrx_word' id='word_1_104' title='bbox 1139 896 1222 948; x_wconf 88' lang='lat' dir='ltr'>ejus</span> <span class='ocrx_word' id='word_1_105' title='bbox 1239 898 1482 950; x_wconf 85' lang='lat' dir='ltr'>approbavit,</span> <span class='ocrx_word' id='word_1_106' title='bbox 1494 910 1635 949; x_wconf 89' lang='lat' dir='ltr'>meque</span> 
     </span>
     <span class='ocr_line' id='line_1_13' title="bbox 159 956 830 998; baseline 0 -3"><span class='ocrx_word' id='word_1_107' title='bbox 159 956 233 996; x_wconf 89' lang='lat' dir='ltr'>hac</span> <span class='ocrx_word' id='word_1_108' title='bbox 252 959 398 997; x_wconf 88' lang='lat' dir='ltr'>ratione</span> <span class='ocrx_word' id='word_1_109' title='bbox 420 959 490 998; x_wconf 92' lang='lat' dir='ltr'>sibi</span> <span class='ocrx_word' id='word_1_110' title='bbox 508 959 630 998; x_wconf 84' lang='lat' dir='ltr'>filium</span> <span class='ocrx_word' id='word_1_111' title='bbox 653 959 830 997; x_wconf 83' lang='lat' dir='ltr'>adscivit.</span> 
     </span>
    </p>

    <p class='ocr_par' dir='ltr' id='par_1_3' title="bbox 151 1020 1641 2426">
     <span class='ocr_line' id='line_1_14' title="bbox 212 1020 1634 1072; baseline 0.001 -15"><span class='ocrx_word' id='word_1_112' title='bbox 212 1021 249 1057; x_wconf 92' lang='lat'>5.</span> <span class='ocrx_word' id='word_1_113' title='bbox 279 1021 397 1063; x_wconf 82' lang='lat' dir='ltr'>Quod</span> <span class='ocrx_word' id='word_1_114' title='bbox 417 1021 532 1072; x_wconf 87' lang='lat' dir='ltr'>igitur</span> <span class='ocrx_word' id='word_1_115' title='bbox 558 1020 772 1059; x_wconf 89' lang='lat' dir='ltr'>secundum</span> <span class='ocrx_word' id='word_1_116' title='bbox 802 1020 908 1071; x_wconf 79' lang='lat' dir='ltr'>leges</span> <span class='ocrx_word' id='word_1_117' title='bbox 940 1020 1035 1059; x_wconf 84' lang='lat' dir='ltr'>inita</span> <span class='ocrx_word' id='word_1_118' title='bbox 1062 1026 1123 1059; x_wconf 89' lang='lat' dir='ltr'>est</span> <span class='ocrx_word' id='word_1_119' title='bbox 1148 1020 1362 1072; x_wconf 87' lang='lat' dir='ltr'>adoptatio,</span> <span class='ocrx_word' id='word_1_120' title='bbox 1392 1021 1440 1059; x_wconf 92' lang='lat' dir='ltr'>de</span> <span class='ocrx_word' id='word_1_121' title='bbox 1468 1020 1544 1059; x_wconf 88' lang='lat' dir='ltr'>hoc</span> <span class='ocrx_word' id='word_1_122' title='bbox 1566 1033 1634 1059; x_wconf 83' lang='lat' dir='ltr'>vos</span> 
     </span>
     <span class='ocr_line' id='line_1_15' title="bbox 157 1082 1637 1134; baseline 0.001 -15"><span class='ocrx_word' id='word_1_123' title='bbox 157 1089 286 1120; x_wconf 89' lang='lat' dir='ltr'>certos</span> <span class='ocrx_word' id='word_1_124' title='bbox 306 1083 429 1121; x_wconf 84' lang='lat' dir='ltr'>factos</span> <span class='ocrx_word' id='word_1_125' title='bbox 450 1083 579 1134; x_wconf 88' lang='lat' dir='ltr'>cupio.</span> <span class='ocrx_word' id='word_1_126' title='bbox 636 1082 804 1121; x_wconf 82' lang='lat' dir='ltr'>Proinde</span> <span class='ocrx_word' id='word_1_127' title='bbox 826 1083 955 1133; x_wconf 87' lang='lat' dir='ltr'>legem</span> <span class='ocrx_word' id='word_1_128' title='bbox 981 1083 1116 1128; x_wconf 87' lang='lat' dir='ltr'>recita,</span> <span class='ocrx_word' id='word_1_129' title='bbox 1138 1096 1226 1134; x_wconf 80' lang='lat' dir='ltr'>quae</span> <span class='ocrx_word' id='word_1_130' title='bbox 1243 1084 1358 1133; x_wconf 85' lang='lat' dir='ltr'>jubet</span> <span class='ocrx_word' id='word_1_131' title='bbox 1377 1082 1497 1121; x_wconf 91' lang='lat' dir='ltr'>cuivis</span> <span class='ocrx_word' id='word_1_132' title='bbox 1521 1082 1637 1121; x_wconf 89' lang='lat' dir='ltr'>licere</span> 
     </span>
     <span class='ocr_line' id='line_1_16' title="bbox 159 1143 1636 1196; baseline 0 -15"><span class='ocrx_word' id='word_1_133' title='bbox 159 1143 208 1181; x_wconf 90' lang='lat' dir='ltr'>de</span> <span class='ocrx_word' id='word_1_134' title='bbox 222 1143 386 1182; x_wconf 89' lang='lat' dir='ltr'>fortunis</span> <span class='ocrx_word' id='word_1_135' title='bbox 408 1145 488 1182; x_wconf 89' lang='lat' dir='ltr'>suis</span> <span class='ocrx_word' id='word_1_136' title='bbox 508 1144 730 1196; x_wconf 86' lang='lat' dir='ltr'>disponere,</span> <span class='ocrx_word' id='word_1_137' title='bbox 751 1156 797 1182; x_wconf 90' lang='lat' dir='ltr'>ea</span> <span class='ocrx_word' id='word_1_138' title='bbox 823 1143 1045 1182; x_wconf 87' lang='lat' dir='ltr'>conditione</span> <span class='ocrx_word' id='word_1_139' title='bbox 1073 1150 1116 1181; x_wconf 87' lang='lat' dir='ltr'>ut</span> <span class='ocrx_word' id='word_1_140' title='bbox 1134 1144 1281 1182; x_wconf 88' lang='lat' dir='ltr'>nullam</span> <span class='ocrx_word' id='word_1_141' title='bbox 1308 1144 1455 1194; x_wconf 91' lang='lat' dir='ltr'>prolem</span> <span class='ocrx_word' id='word_1_142' title='bbox 1482 1156 1636 1182; x_wconf 88' lang='lat' dir='ltr'>mascu-</span> 
     </span>
     <span class='ocr_line' id='line_1_17' title="bbox 157 1204 1639 1256; baseline 0.001 -15"><span class='ocrx_word' id='word_1_143' title='bbox 157 1204 276 1243; x_wconf 87' lang='lat' dir='ltr'>linam</span> <span class='ocrx_word' id='word_1_144' title='bbox 303 1206 472 1256; x_wconf 86' lang='lat' dir='ltr'>legitime</span> <span class='ocrx_word' id='word_1_145' title='bbox 499 1206 702 1256; x_wconf 76' lang='lat' dir='ltr'>quaesitam</span> <span class='ocrx_word' id='word_1_146' title='bbox 728 1205 885 1244; x_wconf 84' lang='lat' dir='ltr'>habeat.</span> <span class='ocrx_word' id='word_1_147' title='bbox 943 1204 1098 1243; x_wconf 85' lang='lat' dir='ltr'>Etenim</span> <span class='ocrx_word' id='word_1_148' title='bbox 1128 1205 1342 1255; x_wconf 82' lang='lat' dir='ltr'>legislator,</span> <span class='ocrx_word' id='word_1_149' title='bbox 1361 1205 1447 1251; x_wconf 90' lang='lat' dir='ltr'>viri,</span> <span class='ocrx_word' id='word_1_150' title='bbox 1468 1204 1526 1242; x_wconf 85' lang='lat' dir='ltr'>sic</span> <span class='ocrx_word' id='word_1_151' title='bbox 1548 1204 1639 1256; x_wconf 85' lang='lat' dir='ltr'>lege</span> 
     </span>
     <span class='ocr_line' id='line_1_18' title="bbox 157 1266 1638 1319; baseline -0.001 -15"><span class='ocrx_word' id='word_1_152' title='bbox 157 1267 299 1314; x_wconf 85' lang='lat' dir='ltr'>sanxit,</span> <span class='ocrx_word' id='word_1_153' title='bbox 321 1268 463 1319; x_wconf 88' lang='lat' dir='ltr'>quippe</span> <span class='ocrx_word' id='word_1_154' title='bbox 490 1268 555 1319; x_wconf 92' lang='lat' dir='ltr'>qui</span> <span class='ocrx_word' id='word_1_155' title='bbox 585 1273 829 1318; x_wconf 88' lang='lat' dir='ltr'>compertum</span> <span class='ocrx_word' id='word_1_156' title='bbox 860 1267 1033 1312; x_wconf 88' lang='lat' dir='ltr'>haberet,</span> <span class='ocrx_word' id='word_1_157' title='bbox 1053 1267 1159 1303; x_wconf 86' lang='lat' dir='ltr'>hunc</span> <span class='ocrx_word' id='word_1_158' title='bbox 1190 1267 1317 1304; x_wconf 87' lang='lat' dir='ltr'>solum</span> <span class='ocrx_word' id='word_1_159' title='bbox 1346 1279 1431 1305; x_wconf 89' lang='lat' dir='ltr'>esse</span> <span class='ocrx_word' id='word_1_160' title='bbox 1458 1266 1638 1304; x_wconf 83' lang='lat' dir='ltr'>orbitatis</span> 
     </span>
     <span class='ocr_line' id='line_1_19' title="bbox 153 1326 1641 1379; baseline 0.001 -14"><span class='ocrx_word' id='word_1_161' title='bbox 153 1335 369 1379; x_wconf 84' lang='lat' dir='ltr'>receptum,</span> <span class='ocrx_word' id='word_1_162' title='bbox 382 1330 483 1367; x_wconf 86' lang='lat' dir='ltr'>hanc</span> <span class='ocrx_word' id='word_1_163' title='bbox 499 1341 632 1366; x_wconf 88' lang='lat' dir='ltr'>eorum</span> <span class='ocrx_word' id='word_1_164' title='bbox 650 1329 716 1379; x_wconf 93' lang='lat' dir='ltr'>qui</span> <span class='ocrx_word' id='word_1_165' title='bbox 731 1328 862 1365; x_wconf 87' lang='lat' dir='ltr'>liberis</span> <span class='ocrx_word' id='word_1_166' title='bbox 877 1333 1056 1365; x_wconf 87' lang='lat' dir='ltr'>carerent</span> <span class='ocrx_word' id='word_1_167' title='bbox 1073 1326 1161 1365; x_wconf 85' lang='lat' dir='ltr'>vitae</span> <span class='ocrx_word' id='word_1_168' title='bbox 1177 1327 1485 1366; x_wconf 87' lang='lat' dir='ltr'>consolationem</span> <span class='ocrx_word' id='word_1_169' title='bbox 1498 1357 1507 1374; x_wconf 92' lang='lat'>,</span> <span class='ocrx_word' id='word_1_170' title='bbox 1522 1327 1641 1366; x_wconf 89' lang='lat' dir='ltr'>licere</span> 
     </span>
     <span class='ocr_line' id='line_1_20' title="bbox 154 1388 1641 1440; baseline 0 -13"><span class='ocrx_word' id='word_1_171' title='bbox 154 1389 305 1427; x_wconf 80' lang='lat' dir='ltr'>scilicet,</span> <span class='ocrx_word' id='word_1_172' title='bbox 321 1402 420 1440; x_wconf 92' lang='lat' dir='ltr'>quos</span> <span class='ocrx_word' id='word_1_173' title='bbox 442 1389 588 1427; x_wconf 88' lang='lat' dir='ltr'>vellent</span> <span class='ocrx_word' id='word_1_174' title='bbox 609 1389 809 1440; x_wconf 86' lang='lat' dir='ltr'>adoptare.</span> <span class='ocrx_word' id='word_1_175' title='bbox 869 1388 1038 1433; x_wconf 87' lang='lat' dir='ltr'>Idcirco,</span> <span class='ocrx_word' id='word_1_176' title='bbox 1059 1400 1181 1438; x_wconf 88' lang='lat' dir='ltr'>quum</span> <span class='ocrx_word' id='word_1_177' title='bbox 1201 1388 1235 1425; x_wconf 89' lang='lat' dir='ltr'>ei</span> <span class='ocrx_word' id='word_1_178' title='bbox 1254 1389 1422 1426; x_wconf 89' lang='lat' dir='ltr'>orbitate</span> <span class='ocrx_word' id='word_1_179' title='bbox 1443 1388 1641 1427; x_wconf 88' lang='lat' dir='ltr'>laboranti</span> 
     </span>
     <span class='ocr_line' id='line_1_21' title="bbox 152 1445 1634 1502; baseline -0.001 -14"><span class='ocrx_word' id='word_1_180' title='bbox 152 1445 379 1495; x_wconf 85' lang='lat' dir='ltr'>facultatem</span> <span class='ocrx_word' id='word_1_181' title='bbox 414 1451 535 1489; x_wconf 82' lang='lat' dir='ltr'>filium</span> <span class='ocrx_word' id='word_1_182' title='bbox 572 1449 821 1489; x_wconf 88' lang='lat' dir='ltr'>adsciscendi</span> <span class='ocrx_word' id='word_1_183' title='bbox 860 1449 969 1501; x_wconf 82' lang='lat' dir='ltr'>leges</span> <span class='ocrx_word' id='word_1_184' title='bbox 1007 1449 1287 1500; x_wconf 89' lang='lat' dir='ltr'>impertissent,</span> <span class='ocrx_word' id='word_1_185' title='bbox 1311 1463 1375 1488; x_wconf 89' lang='lat' dir='ltr'>me</span> <span class='ocrx_word' id='word_1_186' title='bbox 1409 1449 1634 1502; x_wconf 85' lang='lat' dir='ltr'>adoptavit,</span> 
     </span>
     <span class='ocr_line' id='line_1_22' title="bbox 151 1511 1638 1563; baseline 0 -13"><span class='ocrx_word' id='word_1_187' title='bbox 151 1513 281 1550; x_wconf 90' lang='lat' dir='ltr'>nonin</span> <span class='ocrx_word' id='word_1_188' title='bbox 297 1519 543 1559; x_wconf 87' lang='lat' dir='ltr'>testamento,</span> <span class='ocrx_word' id='word_1_189' title='bbox 558 1513 641 1557; x_wconf 89' lang='lat' dir='ltr'>viri,</span> <span class='ocrx_word' id='word_1_190' title='bbox 658 1512 811 1563; x_wconf 80' lang='lat' dir='ltr'>legans,</span> <span class='ocrx_word' id='word_1_191' title='bbox 829 1511 1100 1559; x_wconf 87' lang='lat' dir='ltr'>moribundus,</span> <span class='ocrx_word' id='word_1_192' title='bbox 1119 1511 1221 1550; x_wconf 89' lang='lat' dir='ltr'>sicut</span> <span class='ocrx_word' id='word_1_193' title='bbox 1238 1512 1367 1550; x_wconf 87' lang='lat' dir='ltr'>nescio</span> <span class='ocrx_word' id='word_1_194' title='bbox 1384 1512 1452 1563; x_wconf 91' lang='lat' dir='ltr'>qui</span> <span class='ocrx_word' id='word_1_195' title='bbox 1471 1513 1638 1560; x_wconf 89' lang='lat' dir='ltr'>civium,</span> 
     </span>
     <span class='ocr_line' id='line_1_23' title="bbox 153 1574 1636 1626; baseline 0.001 -15"><span class='ocrx_word' id='word_1_196' title='bbox 153 1587 279 1625; x_wconf 89' lang='lat' dir='ltr'>neque</span> <span class='ocrx_word' id='word_1_197' title='bbox 308 1575 422 1626; x_wconf 84' lang='lat' dir='ltr'>plane</span> <span class='ocrx_word' id='word_1_198' title='bbox 443 1583 653 1626; x_wconf 81' lang='lat' dir='ltr'>aegrotans,</span> <span class='ocrx_word' id='word_1_199' title='bbox 674 1574 744 1612; x_wconf 88' lang='lat' dir='ltr'>sed</span> <span class='ocrx_word' id='word_1_200' title='bbox 764 1587 926 1625; x_wconf 86' lang='lat' dir='ltr'>corpore</span> <span class='ocrx_word' id='word_1_201' title='bbox 947 1586 1058 1620; x_wconf 88' lang='lat' dir='ltr'>sano,</span> <span class='ocrx_word' id='word_1_202' title='bbox 1079 1585 1175 1611; x_wconf 89' lang='lat' dir='ltr'>sana</span> <span class='ocrx_word' id='word_1_203' title='bbox 1197 1581 1342 1621; x_wconf 87' lang='lat' dir='ltr'>mente,</span> <span class='ocrx_word' id='word_1_204' title='bbox 1366 1575 1496 1612; x_wconf 88' lang='lat' dir='ltr'>animo</span> <span class='ocrx_word' id='word_1_205' title='bbox 1518 1587 1636 1621; x_wconf 88' lang='lat' dir='ltr'>sano,</span> 
     </span>
     <span class='ocr_line' id='line_1_24' title="bbox 153 1635 1638 1687; baseline 0 -13"><span class='ocrx_word' id='word_1_206' title='bbox 153 1649 214 1674; x_wconf 89' lang='lat' dir='ltr'>me</span> <span class='ocrx_word' id='word_1_207' title='bbox 234 1649 306 1675; x_wconf 91' lang='lat' dir='ltr'>ceu</span> <span class='ocrx_word' id='word_1_208' title='bbox 329 1636 450 1674; x_wconf 90' lang='lat' dir='ltr'>filium</span> <span class='ocrx_word' id='word_1_209' title='bbox 472 1636 701 1687; x_wconf 88' lang='lat' dir='ltr'>adoptatum</span> <span class='ocrx_word' id='word_1_210' title='bbox 720 1636 830 1674; x_wconf 90' lang='lat' dir='ltr'>hisce</span> <span class='ocrx_word' id='word_1_211' title='bbox 861 1635 1120 1687; x_wconf 81' lang='lat' dir='ltr'>praesentibus</span> <span class='ocrx_word' id='word_1_212' title='bbox 1151 1635 1257 1686; x_wconf 87' lang='lat' dir='ltr'>apud</span> <span class='ocrx_word' id='word_1_213' title='bbox 1284 1635 1491 1687; x_wconf 86' lang='lat' dir='ltr'>phratoras</span> <span class='ocrx_word' id='word_1_214' title='bbox 1512 1636 1638 1674; x_wconf 86' lang='lat' dir='ltr'>intro-</span> 
     </span>
     <span class='ocr_line' id='line_1_25' title="bbox 152 1697 1638 1749; baseline 0.002 -15"><span class='ocrx_word' id='word_1_215' title='bbox 152 1697 275 1744; x_wconf 86' lang='lat' dir='ltr'>duxit,</span> <span class='ocrx_word' id='word_1_216' title='bbox 293 1710 430 1749; x_wconf 91' lang='lat' dir='ltr'>meque</span> <span class='ocrx_word' id='word_1_217' title='bbox 450 1698 490 1735; x_wconf 88' lang='lat' dir='ltr'>in</span> <span class='ocrx_word' id='word_1_218' title='bbox 511 1698 642 1736; x_wconf 88' lang='lat' dir='ltr'>album</span> <span class='ocrx_word' id='word_1_219' title='bbox 659 1697 979 1749; x_wconf 88' lang='lat' dir='ltr'>demotarumque</span> <span class='ocrx_word' id='word_1_220' title='bbox 1000 1703 1039 1735; x_wconf 90' lang='lat' dir='ltr'>et</span> <span class='ocrx_word' id='word_1_221' title='bbox 1059 1709 1277 1748; x_wconf 82' lang='lat' dir='ltr'>orgeonum</span> <span class='ocrx_word' id='word_1_222' title='bbox 1295 1697 1453 1736; x_wconf 87' lang='lat' dir='ltr'>inscribi</span> <span class='ocrx_word' id='word_1_223' title='bbox 1471 1699 1638 1738; x_wconf 88' lang='lat' dir='ltr'>curavit.</span> 
     </span>
     <span class='ocr_line' id='line_1_26' title="bbox 157 1758 1637 1811; baseline 0.001 -15"><span class='ocrx_word' id='word_1_224' title='bbox 157 1758 291 1809; x_wconf 90' lang='lat' dir='ltr'>Atque</span> <span class='ocrx_word' id='word_1_225' title='bbox 310 1758 349 1796; x_wconf 90' lang='lat' dir='ltr'>hi</span> <span class='ocrx_word' id='word_1_226' title='bbox 368 1758 524 1810; x_wconf 86' lang='lat' dir='ltr'>quidem</span> <span class='ocrx_word' id='word_1_227' title='bbox 546 1765 639 1798; x_wconf 82' lang='lat' dir='ltr'>tunc</span> <span class='ocrx_word' id='word_1_228' title='bbox 658 1759 841 1811; x_wconf 80' lang='lat' dir='ltr'>temporiS</span> <span class='ocrx_word' id='word_1_229' title='bbox 867 1759 902 1797; x_wconf 92' lang='lat' dir='ltr'>ei</span> <span class='ocrx_word' id='word_1_230' title='bbox 922 1759 1034 1810; x_wconf 88' lang='lat' dir='ltr'>quasi</span> <span class='ocrx_word' id='word_1_231' title='bbox 1056 1758 1176 1796; x_wconf 91' lang='lat' dir='ltr'>deliro</span> <span class='ocrx_word' id='word_1_232' title='bbox 1199 1758 1293 1797; x_wconf 86' lang='lat' dir='ltr'>nihil</span> <span class='ocrx_word' id='word_1_233' title='bbox 1313 1759 1490 1798; x_wconf 89' lang='lat' dir='ltr'>oblocuti</span> <span class='ocrx_word' id='word_1_234' title='bbox 1524 1766 1637 1798; x_wconf 85' lang='lat' dir='ltr'>sunt:</span> 
     </span>
     <span class='ocr_line' id='line_1_27' title="bbox 152 1820 1637 1872; baseline 0.002 -15"><span class='ocrx_word' id='word_1_235' title='bbox 152 1833 378 1872; x_wconf 84' lang='lat' dir='ltr'>quanquam</span> <span class='ocrx_word' id='word_1_236' title='bbox 399 1821 522 1859; x_wconf 90' lang='lat' dir='ltr'>multo</span> <span class='ocrx_word' id='word_1_237' title='bbox 541 1820 677 1859; x_wconf 88' lang='lat' dir='ltr'>fuisset</span> <span class='ocrx_word' id='word_1_238' title='bbox 695 1821 897 1860; x_wconf 88' lang='lat' dir='ltr'>honestius</span> <span class='ocrx_word' id='word_1_239' title='bbox 918 1834 1006 1859; x_wconf 91' lang='lat' dir='ltr'>eum</span> <span class='ocrx_word' id='word_1_240' title='bbox 1026 1820 1155 1859; x_wconf 88' lang='lat' dir='ltr'>vivum</span> <span class='ocrx_word' id='word_1_241' title='bbox 1176 1821 1355 1872; x_wconf 89' lang='lat' dir='ltr'>precibus</span> <span class='ocrx_word' id='word_1_242' title='bbox 1381 1821 1637 1872; x_wconf 87' lang='lat' dir='ltr'>permovisse,</span> 
     </span>
     <span class='ocr_line' id='line_1_28' title="bbox 155 1882 1639 1935; baseline 0.001 -15"><span class='ocrx_word' id='word_1_243' title='bbox 155 1883 186 1921; x_wconf 92' lang='lat' dir='ltr'>si</span> <span class='ocrx_word' id='word_1_244' title='bbox 220 1883 315 1933; x_wconf 91' lang='lat' dir='ltr'>quid</span> <span class='ocrx_word' id='word_1_245' title='bbox 342 1883 568 1929; x_wconf 88' lang='lat' dir='ltr'>voluissent,</span> <span class='ocrx_word' id='word_1_246' title='bbox 590 1895 707 1935; x_wconf 89' lang='lat' dir='ltr'>quam</span> <span class='ocrx_word' id='word_1_247' title='bbox 740 1890 936 1922; x_wconf 85' lang='lat' dir='ltr'>mortuum</span> <span class='ocrx_word' id='word_1_248' title='bbox 971 1882 1232 1921; x_wconf 86' lang='lat' dir='ltr'>dehonestare</span> <span class='ocrx_word' id='word_1_249' title='bbox 1263 1883 1429 1933; x_wconf 85' lang='lat' dir='ltr'>ejusque</span> <span class='ocrx_word' id='word_1_250' title='bbox 1453 1882 1639 1921; x_wconf 86' lang='lat' dir='ltr'>familiam</span> 
     </span>
     <span class='ocr_line' id='line_1_29' title="bbox 154 1943 1636 1996; baseline 0.001 -14"><span class='ocrx_word' id='word_1_251' title='bbox 154 1944 373 1983; x_wconf 89' lang='lat' dir='ltr'>desolatum</span> <span class='ocrx_word' id='word_1_252' title='bbox 392 1944 460 1983; x_wconf 85' lang='lat' dir='ltr'>ire.</span> <span class='ocrx_word' id='word_1_253' title='bbox 517 1944 740 1996; x_wconf 83' lang='lat' dir='ltr'>Supervixit</span> <span class='ocrx_word' id='word_1_254' title='bbox 758 1946 861 1982; x_wconf 87' lang='lat' dir='ltr'>enim</span> <span class='ocrx_word' id='word_1_255' title='bbox 881 1957 966 1982; x_wconf 84' lang='lat' dir='ltr'>non</span> <span class='ocrx_word' id='word_1_256' title='bbox 982 1956 1103 1981; x_wconf 89' lang='lat' dir='ltr'>unum</span> <span class='ocrx_word' id='word_1_257' title='bbox 1125 1943 1353 1989; x_wconf 83' lang='lat' dir='ltr'>alterumve,</span> <span class='ocrx_word' id='word_1_258' title='bbox 1382 1943 1453 1982; x_wconf 89' lang='lat' dir='ltr'>sed</span> <span class='ocrx_word' id='word_1_259' title='bbox 1483 1950 1563 1983; x_wconf 90' lang='lat' dir='ltr'>tres</span> <span class='ocrx_word' id='word_1_260' title='bbox 1595 1951 1636 1983; x_wconf 89' lang='lat' dir='ltr'>et</span> 
     </span>
     <span class='ocr_line' id='line_1_30' title="bbox 155 2005 1638 2058; baseline 0.001 -14"><span class='ocrx_word' id='word_1_261' title='bbox 155 2006 292 2058; x_wconf 84' lang='lat' dir='ltr'>viginti</span> <span class='ocrx_word' id='word_1_262' title='bbox 327 2019 476 2052; x_wconf 88' lang='lat' dir='ltr'>annos;</span> <span class='ocrx_word' id='word_1_263' title='bbox 523 2019 670 2058; x_wconf 89' lang='lat' dir='ltr'>perque</span> <span class='ocrx_word' id='word_1_264' title='bbox 708 2013 864 2057; x_wconf 89' lang='lat' dir='ltr'>tempus</span> <span class='ocrx_word' id='word_1_265' title='bbox 904 2012 982 2044; x_wconf 89' lang='lat' dir='ltr'>tam</span> <span class='ocrx_word' id='word_1_266' title='bbox 1021 2005 1257 2056; x_wconf 87' lang='lat' dir='ltr'>productum</span> <span class='ocrx_word' id='word_1_267' title='bbox 1295 2005 1390 2044; x_wconf 88' lang='lat' dir='ltr'>sacti</span> <span class='ocrx_word' id='word_1_268' title='bbox 1428 2019 1518 2044; x_wconf 91' lang='lat' dir='ltr'>eum</span> <span class='ocrx_word' id='word_1_269' title='bbox 1557 2020 1638 2046; x_wconf 89' lang='lat' dir='ltr'>non</span> 
     </span>
     <span class='ocr_line' id='line_1_31' title="bbox 155 2066 1640 2120; baseline 0.001 -14"><span class='ocrx_word' id='word_1_270' title='bbox 155 2068 351 2120; x_wconf 88' lang='lat' dir='ltr'>poenituit‚</span> <span class='ocrx_word' id='word_1_271' title='bbox 385 2074 593 2120; x_wconf 87' lang='lat' dir='ltr'>propterea</span> <span class='ocrx_word' id='word_1_272' title='bbox 619 2068 726 2119; x_wconf 89' lang='lat' dir='ltr'>quod</span> <span class='ocrx_word' id='word_1_273' title='bbox 752 2081 814 2106; x_wconf 88' lang='lat' dir='ltr'>res</span> <span class='ocrx_word' id='word_1_274' title='bbox 851 2067 1032 2107; x_wconf 88' lang='lat' dir='ltr'>omnibus</span> <span class='ocrx_word' id='word_1_275' title='bbox 1060 2067 1100 2104; x_wconf 92' lang='lat' dir='ltr'>in</span> <span class='ocrx_word' id='word_1_276' title='bbox 1133 2066 1359 2104; x_wconf 87' lang='lat' dir='ltr'>confessum</span> <span class='ocrx_word' id='word_1_277' title='bbox 1396 2067 1516 2114; x_wconf 83' lang='lat' dir='ltr'>venit,</span> <span class='ocrx_word' id='word_1_278' title='bbox 1550 2081 1640 2107; x_wconf 89' lang='lat' dir='ltr'>eum</span> 
     </span>
     <span class='ocr_line' id='line_1_32' title="bbox 155 2128 1640 2183; baseline -0.001 -14"><span class='ocrx_word' id='word_1_279' title='bbox 155 2144 297 2183; x_wconf 90' lang='lat' dir='ltr'>nempe</span> <span class='ocrx_word' id='word_1_280' title='bbox 318 2137 466 2169; x_wconf 87' lang='lat' dir='ltr'>rectum</span> <span class='ocrx_word' id='word_1_281' title='bbox 485 2130 687 2169; x_wconf 89' lang='lat' dir='ltr'>consilium</span> <span class='ocrx_word' id='word_1_282' title='bbox 706 2130 853 2168; x_wconf 91' lang='lat' dir='ltr'>iniisse.</span> <span class='ocrx_word' id='word_1_283' title='bbox 910 2129 1014 2167; x_wconf 89' lang='lat' dir='ltr'>Vera</span> <span class='ocrx_word' id='word_1_284' title='bbox 1034 2135 1163 2167; x_wconf 83' lang='lat' dir='ltr'>autem</span> <span class='ocrx_word' id='word_1_285' title='bbox 1185 2128 1295 2167; x_wconf 92' lang='lat' dir='ltr'>vobis</span> <span class='ocrx_word' id='word_1_286' title='bbox 1316 2134 1361 2166; x_wconf 89' lang='lat' dir='ltr'>ut</span> <span class='ocrx_word' id='word_1_287' title='bbox 1380 2135 1535 2167; x_wconf 84' lang='lat' dir='ltr'>constet</span> <span class='ocrx_word' id='word_1_288' title='bbox 1553 2128 1640 2169; x_wconf 86' lang='lat' dir='ltr'>haec</span> 
     </span>
     <span class='ocr_line' id='line_1_33' title="bbox 157 2190 1641 2245; baseline -0.001 -13"><span class='ocrx_word' id='word_1_289' title='bbox 157 2207 244 2232; x_wconf 87' lang='lat' dir='ltr'>esse</span> <span class='ocrx_word' id='word_1_290' title='bbox 275 2206 361 2245; x_wconf 88' lang='lat' dir='ltr'>quae</span> <span class='ocrx_word' id='word_1_291' title='bbox 389 2193 490 2239; x_wconf 90' lang='lat' dir='ltr'>dico,</span> <span class='ocrx_word' id='word_1_292' title='bbox 520 2199 643 2231; x_wconf 90' lang='lat' dir='ltr'>testes</span> <span class='ocrx_word' id='word_1_293' title='bbox 679 2193 814 2231; x_wconf 88' lang='lat' dir='ltr'>sistam</span> <span class='ocrx_word' id='word_1_294' title='bbox 842 2191 1044 2244; x_wconf 84' lang='lat' dir='ltr'>phratores</span> <span class='ocrx_word' id='word_1_295' title='bbox 1079 2198 1118 2229; x_wconf 92' lang='lat' dir='ltr'>et</span> <span class='ocrx_word' id='word_1_296' title='bbox 1146 2191 1323 2229; x_wconf 86' lang='lat' dir='ltr'>demotas</span> <span class='ocrx_word' id='word_1_297' title='bbox 1344 2190 1399 2241; x_wconf 76' lang='lat' dir='ltr'>{et</span> <span class='ocrx_word' id='word_1_298' title='bbox 1432 2203 1641 2242; x_wconf 82' lang='lat' dir='ltr'>orgeones,</span> 
     </span>
     <span class='ocr_line' id='line_1_34' title="bbox 157 2251 1637 2306; baseline -0.001 -13"><span class='ocrx_word' id='word_1_299' title='bbox 157 2255 222 2306; x_wconf 91' lang='lat' dir='ltr'>qui</span> <span class='ocrx_word' id='word_1_300' title='bbox 241 2254 479 2306; x_wconf 83' lang='lat' dir='ltr'>adoptationi</span> <span class='ocrx_word' id='word_1_301' title='bbox 494 2253 726 2298; x_wconf 86' lang='lat' dir='ltr'>intererant;</span> <span class='ocrx_word' id='word_1_302' title='bbox 751 2260 868 2304; x_wconf 85' lang='lat' dir='ltr'>utque</span> <span class='ocrx_word' id='word_1_303' title='bbox 883 2252 1003 2290; x_wconf 89' lang='lat' dir='ltr'>filiurn</span> <span class='ocrx_word' id='word_1_304' title='bbox 1021 2251 1243 2290; x_wconf 88' lang='lat' dir='ltr'>adsciscere</span> <span class='ocrx_word' id='word_1_305' title='bbox 1259 2257 1446 2303; x_wconf 84' lang='lat' dir='ltr'>appareat</span> <span class='ocrx_word' id='word_1_306' title='bbox 1462 2252 1637 2299; x_wconf 86' lang='lat' dir='ltr'>licuisse,</span> 
     </span>
     <span class='ocr_line' id='line_1_35' title="bbox 158 2312 1637 2367; baseline -0.001 -13"><span class='ocrx_word' id='word_1_307' title='bbox 158 2317 285 2354; x_wconf 87' lang='lat' dir='ltr'>scriba</span> <span class='ocrx_word' id='word_1_308' title='bbox 308 2316 418 2354; x_wconf 92' lang='lat' dir='ltr'>vobis</span> <span class='ocrx_word' id='word_1_309' title='bbox 436 2315 560 2367; x_wconf 84' lang='lat' dir='ltr'>ipsam</span> <span class='ocrx_word' id='word_1_310' title='bbox 582 2314 756 2354; x_wconf 85' lang='lat' dir='ltr'>recitabit</span> <span class='ocrx_word' id='word_1_311' title='bbox 773 2315 919 2365; x_wconf 83' lang='lat' dir='ltr'>legem,</span> <span class='ocrx_word' id='word_1_312' title='bbox 938 2313 1154 2352; x_wconf 90' lang='lat' dir='ltr'>secundum</span> <span class='ocrx_word' id='word_1_313' title='bbox 1174 2325 1293 2364; x_wconf 88' lang='lat' dir='ltr'>quam</span> <span class='ocrx_word' id='word_1_314' title='bbox 1314 2312 1514 2365; x_wconf 83' lang='lat' dir='ltr'>adoptatio</span> <span class='ocrx_word' id='word_1_315' title='bbox 1531 2313 1637 2353; x_wconf 82' lang='lat' dir='ltr'>facta</span> 
     </span>
     <span class='ocr_line' id='line_1_36' title="bbox 159 2375 1341 2426; baseline -0.002 -10"><span class='ocrx_word' id='word_1_316' title='bbox 159 2383 232 2416; x_wconf 86' lang='lat' dir='ltr'>est.</span> <span class='ocrx_word' id='word_1_317' title='bbox 290 2376 457 2416; x_wconf 88' lang='lat' dir='ltr'>Proinde</span> <span class='ocrx_word' id='word_1_318' title='bbox 478 2377 570 2414; x_wconf 87' lang='lat' dir='ltr'>mihi</span> <span class='ocrx_word' id='word_1_319' title='bbox 592 2377 729 2417; x_wconf 86' lang='lat' dir='ltr'>recites</span> <span class='ocrx_word' id='word_1_320' title='bbox 749 2375 969 2415; x_wconf 81' lang='lat' dir='ltr'>testimonia</span> <span class='ocrx_word' id='word_1_321' title='bbox 988 2376 1120 2414; x_wconf 87' lang='lat' dir='ltr'>haecce</span> <span class='ocrx_word' id='word_1_322' title='bbox 1141 2382 1180 2415; x_wconf 88' lang='lat' dir='ltr'>et</span> <span class='ocrx_word' id='word_1_323' title='bbox 1199 2375 1341 2426; x_wconf 81' lang='lat' dir='ltr'>legem.</span> 
     </span>
    </p>
   </div>
   <div class='ocr_carea' id='block_1_3' title="bbox 639 2482 1148 2521">
    <p class='ocr_par' dir='ltr' id='par_1_4' title="bbox 639 2482 1148 2521">
     <span class='ocr_line' id='line_1_37' title="bbox 639 2482 1148 2521; baseline 0 -1"><span class='ocrx_word' id='word_1_324' title='bbox 639 2482 996 2521; x_wconf 86' lang='lat' dir='ltr'><strong>TESTIMONIA.</strong></span> <span class='ocrx_word' id='word_1_325' title='bbox 1028 2483 1148 2520; x_wconf 87' lang='lat' dir='ltr'><strong>LEX.</strong></span> 
     </span>
    </p>
   </div>
   <div class='ocr_carea' id='block_1_4' title="bbox 156 2568 1638 2993">
    <p class='ocr_par' dir='ltr' id='par_1_5' title="bbox 156 2568 1638 2993">
     <span class='ocr_line' id='line_1_38' title="bbox 209 2568 1638 2625; baseline -0.001 -15"><span class='ocrx_word' id='word_1_326' title='bbox 209 2573 248 2610; x_wconf 87' lang='lat'>6.</span> <span class='ocrx_word' id='word_1_327' title='bbox 280 2571 451 2623; x_wconf 89' lang='lat' dir='ltr'>Ipsamet</span> <span class='ocrx_word' id='word_1_328' title='bbox 469 2573 535 2611; x_wconf 87' lang='lat' dir='ltr'>lex</span> <span class='ocrx_word' id='word_1_329' title='bbox 555 2572 654 2611; x_wconf 90' lang='lat' dir='ltr'>adeo</span> <span class='ocrx_word' id='word_1_330' title='bbox 668 2573 856 2620; x_wconf 84' lang='lat' dir='ltr'>declarat,</span> <span class='ocrx_word' id='word_1_331' title='bbox 872 2572 994 2625; x_wconf 88' lang='lat' dir='ltr'>quod,</span> <span class='ocrx_word' id='word_1_332' title='bbox 1016 2584 1132 2624; x_wconf 87' lang='lat' dir='ltr'>quern</span> <span class='ocrx_word' id='word_1_333' title='bbox 1146 2570 1279 2617; x_wconf 85' lang='lat' dir='ltr'>vellet,</span> <span class='ocrx_word' id='word_1_334' title='bbox 1300 2568 1478 2608; x_wconf 84' lang='lat' dir='ltr'>Menecli</span> <span class='ocrx_word' id='word_1_335' title='bbox 1494 2569 1638 2609; x_wconf 89' lang='lat' dir='ltr'>licebat</span> 
     </span>
     <span class='ocr_line' id='line_1_39' title="bbox 156 2632 1634 2686; baseline -0.001 -14"><span class='ocrx_word' id='word_1_336' title='bbox 156 2633 362 2686; x_wconf 84' lang='lat' dir='ltr'>adoptare;</span> <span class='ocrx_word' id='word_1_337' title='bbox 393 2635 573 2686; x_wconf 89' lang='lat' dir='ltr'>quodque</span> <span class='ocrx_word' id='word_1_338' title='bbox 598 2635 718 2673; x_wconf 85' lang='lat' dir='ltr'>filium</span> <span class='ocrx_word' id='word_1_339' title='bbox 739 2635 915 2680; x_wconf 87' lang='lat' dir='ltr'>adscivit,</span> <span class='ocrx_word' id='word_1_340' title='bbox 936 2634 1219 2685; x_wconf 87' lang='lat' dir='ltr'>phratoresque</span> <span class='ocrx_word' id='word_1_341' title='bbox 1241 2632 1494 2681; x_wconf 82' lang='lat' dir='ltr'>demotaeque</span> <span class='ocrx_word' id='word_1_342' title='bbox 1515 2638 1554 2670; x_wconf 88' lang='lat' dir='ltr'>et</span> <span class='ocrx_word' id='word_1_343' title='bbox 1572 2645 1634 2671; x_wconf 88' lang='lat' dir='ltr'>or·</span> 
     </span>
     <span class='ocr_line' id='line_1_40' title="bbox 157 2697 1633 2748; baseline -0.003 -14"><span class='ocrx_word' id='word_1_344' title='bbox 157 2708 301 2746; x_wconf 87' lang='lat' dir='ltr'>geones</span> <span class='ocrx_word' id='word_1_345' title='bbox 332 2697 527 2736; x_wconf 86' lang='lat' dir='ltr'>testificati</span> <span class='ocrx_word' id='word_1_346' title='bbox 558 2704 674 2735; x_wconf 86' lang='lat' dir='ltr'>sunt:</span> <span class='ocrx_word' id='word_1_347' title='bbox 718 2702 953 2748; x_wconf 82' lang='lat' dir='ltr'>quapropter</span> <span class='ocrx_word' id='word_1_348' title='bbox 974 2701 1113 2733; x_wconf 88' lang='lat' dir='ltr'>testem</span> <span class='ocrx_word' id='word_1_349' title='bbox 1133 2706 1225 2731; x_wconf 83' lang='lat' dir='ltr'>vera</span> <span class='ocrx_word' id='word_1_350' title='bbox 1254 2699 1514 2744; x_wconf 78' lang='lat' dir='ltr'>protestatum</span> <span class='ocrx_word' id='word_1_351' title='bbox 1534 2706 1633 2740; x_wconf 86' lang='lat' dir='ltr'>esse,</span> 
     </span>
     <span class='ocr_line' id='line_1_41' title="bbox 159 2754 1634 2805; baseline -0.001 -11"><span class='ocrx_word' id='word_1_352' title='bbox 159 2757 390 2804; x_wconf 87' lang='lat' dir='ltr'>luculenter,</span> <span class='ocrx_word' id='word_1_353' title='bbox 423 2759 457 2795; x_wconf 95' lang='grc' dir='ltr'>Ο</span> <span class='ocrx_word' id='word_1_354' title='bbox 491 2759 574 2805; x_wconf 91' lang='lat' dir='ltr'>viri,</span> <span class='ocrx_word' id='word_1_355' title='bbox 601 2771 624 2797; x_wconf 88' lang='lat' dir='ltr'>a</span> <span class='ocrx_word' id='word_1_356' title='bbox 650 2759 760 2797; x_wconf 90' lang='lat' dir='ltr'>nobis</span> <span class='ocrx_word' id='word_1_357' title='bbox 794 2759 1106 2796; x_wconf 85' lang='lat' dir='ltr'>demonstratum</span> <span class='ocrx_word' id='word_1_358' title='bbox 1137 2763 1212 2801; x_wconf 89' lang='lat' dir='ltr'>est,</span> <span class='ocrx_word' id='word_1_359' title='bbox 1242 2754 1358 2804; x_wconf 86' lang='lat' dir='ltr'>hique</span> <span class='ocrx_word' id='word_1_360' title='bbox 1393 2767 1442 2792; x_wconf 90' lang='lat' dir='ltr'>ne</span> <span class='ocrx_word' id='word_1_361' title='bbox 1473 2756 1634 2793; x_wconf 88' lang='lat' dir='ltr'>verbum</span> 
     </span>
     <span class='ocr_line' id='line_1_42' title="bbox 159 2815 1633 2871; baseline -0.001 -16"><span class='ocrx_word' id='word_1_362' title='bbox 159 2817 315 2868; x_wconf 89' lang='lat' dir='ltr'>quidem</span> <span class='ocrx_word' id='word_1_363' title='bbox 335 2818 482 2856; x_wconf 87' lang='lat' dir='ltr'>habent</span> <span class='ocrx_word' id='word_1_364' title='bbox 494 2820 599 2870; x_wconf 90' lang='lat' dir='ltr'>quod</span> <span class='ocrx_word' id='word_1_365' title='bbox 613 2818 852 2871; x_wconf 88' lang='lat' dir='ltr'>adoptationi</span> <span class='ocrx_word' id='word_1_366' title='bbox 873 2817 1148 2867; x_wconf 85' lang='lat' dir='ltr'>obloquantur.</span> <span class='ocrx_word' id='word_1_367' title='bbox 1190 2816 1278 2859; x_wconf 87' lang='lat' dir='ltr'>Quo</span> <span class='ocrx_word' id='word_1_368' title='bbox 1298 2815 1403 2854; x_wconf 88' lang='lat' dir='ltr'>facto</span> <span class='ocrx_word' id='word_1_369' title='bbox 1424 2816 1633 2867; x_wconf 89' lang='lat' dir='ltr'>conjugem</span> 
     </span>
     <span class='ocr_line' id='line_1_43' title="bbox 161 2877 1634 2943; baseline -0.001 -27"><span class='ocrx_word' id='word_1_370' title='bbox 161 2878 254 2917; x_wconf 86' lang='lat' dir='ltr'>mibi</span> <span class='ocrx_word' id='word_1_371' title='bbox 274 2880 531 2931; x_wconf 87' lang='lat' dir='ltr'>prospiciebat</span> <span class='ocrx_word' id='word_1_372' title='bbox 553 2881 773 2943; x_wconf 58' lang='lat' dir='ltr'>Menegles,</span> <span class='ocrx_word' id='word_1_373' title='bbox 796 2892 931 2929; x_wconf 90' lang='lat' dir='ltr'>meque</span> <span class='ocrx_word' id='word_1_374' title='bbox 950 2877 1274 2928; x_wconf 83' lang='lat' dir='ltr'>connubiojungi</span> <span class='ocrx_word' id='word_1_375' title='bbox 1294 2877 1542 2921; x_wconf 77' lang='lat' dir='ltr'>hortabatur3</span> <span class='ocrx_word' id='word_1_376' title='bbox 1576 2884 1634 2915; x_wconf 89' lang='lat' dir='ltr'>at-</span> 
     </span>
     <span class='ocr_line' id='line_1_44' title="bbox 163 2939 1634 2993; baseline -0.003 -15"><span class='ocrx_word' id='word_1_377' title='bbox 163 2953 239 2992; x_wconf 88' lang='lat' dir='ltr'>que</span> <span class='ocrx_word' id='word_1_378' title='bbox 260 2953 335 2993; x_wconf 87' lang='lat' dir='ltr'>ego</span> <span class='ocrx_word' id='word_1_379' title='bbox 357 2941 472 2980; x_wconf 86' lang='lat' dir='ltr'>filiam</span> <span class='ocrx_word' id='word_1_380' title='bbox 494 2941 713 2980; x_wconf 87' lang='lat' dir='ltr'>Philonidae</span> <span class='ocrx_word' id='word_1_381' title='bbox 739 2954 902 2980; x_wconf 85' lang='lat' dir='ltr'>uxorem</span> <span class='ocrx_word' id='word_1_382' title='bbox 939 2940 1044 2978; x_wconf 85' lang='lat' dir='ltr'>duxi.</span> <span class='ocrx_word' id='word_1_383' title='bbox 1115 2939 1153 2977; x_wconf 89' lang='lat' dir='ltr'>Is</span> <span class='ocrx_word' id='word_1_384' title='bbox 1183 2939 1359 2978; x_wconf 85' lang='lat' dir='ltr'>nimirum</span> <span class='ocrx_word' id='word_1_385' title='bbox 1389 2939 1439 2977; x_wconf 87' lang='lat' dir='ltr'>de</span> <span class='ocrx_word' id='word_1_386' title='bbox 1466 2951 1527 2977; x_wconf 88' lang='lat' dir='ltr'>me</span> <span class='ocrx_word' id='word_1_387' title='bbox 1549 2950 1634 2976; x_wconf 83' lang='lat' dir='ltr'>eam</span> 
     </span>
    </p>
   </div>
  </div>
 </body>
</html>
