1870 3277
238 146 312 181 266
831 146 1113 183 lsoCRATls

908 286 1024 324 LEX.

294 366 329 401 7.
360 364 464 406 Quid
485 364 541 402 eis
565 363 678 414 igitur
697 370 755 401 est
775 363 978 414 reliquum,
1000 377 1117 416 quum
1138 372 1176 402 et
1196 365 1263 415 ipsi
1291 370 1556 403 testamentum
1577 364 1648 403 hoc
1669 378 1691 402 a

240 425 504 477 Thrasylocho
519 426 690 464 relictum
708 438 792 463 esse
814 425 1018 472 fateantur,
1034 434 1072 465 et
1092 427 1196 478 leges
1217 426 1292 464 illis
1305 426 1435 471 nullae,
1449 426 1539 464 mihi
1558 440 1690 465 omnes

243 487 554 537 patrocinentur?
591 487 750 538 primum
774 494 897 525 vestra
917 488 979 526 lex
1008 489 1070 539 qui
1103 488 1150 526 de
1181 488 1336 539 negotio
1358 487 1566 539 judicaturi
1588 489 1692 534 estis,

241 548 380 588 deinde
409 549 469 588 lex
490 549 752 600 Siphniorum,
782 549 883 587 unde
904 557 1037 588 auctor
1065 549 1285 588 testamenti
1314 549 1497 587 oriundus
1523 549 1608 594 fuit,
1627 562 1694 600 po-

240 620 381 650 stremo
413 626 458 651 ea
485 626 570 662 quae
603 611 705 662 apud
739 612 830 650 istos
851 611 953 650 valet
978 612 1043 663 qui
1072 613 1181 651 nobis
1213 613 1508 651 controversiam
1538 612 1695 649 faciunt.

242 673 343 715 Quid
367 687 453 712 vcro
472 687 548 712 non
569 673 769 712 audebunt
784 673 860 720 isti,
873 674 936 724 qui
951 674 1058 712 vobis
1075 674 1305 725 persuadere
1322 682 1510 713 conantur
1522 682 1563 711 ut
1578 680 1696 712 testa-

240 743 411 773 mentum
429 735 649 786 repudietis,
665 748 783 787 quum
799 743 838 773 et
855 735 939 773 haec
955 735 1083 787 legum
1100 737 1291 775 sententia
1307 737 1370 782 sit,
1387 744 1425 774 et
1440 734 1696 786 vobisjuratis

241 796 452 834 secundum
470 810 533 835 eas
550 797 600 836 sit
617 797 967 848 pronuntiandum?

296 859 333 896 8.
364 858 423 895 De
443 858 527 910 ipsa
548 859 664 910 igitur
693 872 730 896 re
759 871 819 896 me
847 859 940 897 satis
962 860 1175 898 ostendisse
1201 859 1400 898 existimo:
1429 872 1477 896 ne
1499 859 1584 910 quis
1605 871 1695 896 vero

241 932 301 957 me
322 927 429 970 putet
456 933 594 971 parvas
617 921 666 958 ob
686 933 824 958 causas
848 920 1112 958 haereditatem
1138 920 1320 971 adeptum
1341 927 1408 958 aut
1432 921 1545 958 istam
1567 920 1696 958 officio

240 993 334 1031 erga
351 981 653 1032 Thrasylochum
674 982 843 1019 functam
866 995 911 1019 ea
931 982 1111 1028 fraudari,
1138 982 1198 1020 his
1220 983 1333 1021 etiam
1355 982 1402 1020 de
1419 983 1532 1020 rebus
1556 983 1696 1021 dicam.

243 1042 344 1080 Nam
362 1043 534 1082 defuncti
550 1044 671 1081 vicem
700 1057 758 1081 me
779 1043 958 1094 puderet,
979 1044 1051 1082 nisi
1067 1043 1172 1082 vobis
1193 1044 1368 1082 omnibus
1389 1043 1695 1094 persuaderetur,

240 1116 327 1142 eum
341 1104 423 1143 haec
444 1117 519 1142 non
538 1112 685 1143 tantum
707 1105 920 1143 secundum
942 1105 1063 1156 leges,
1083 1106 1150 1144 sed
1168 1106 1281 1144 etiam
1297 1106 1382 1158 jure
1403 1107 1548 1157 egisse:
1579 1106 1696 1157 idque

242 1178 302 1202 me
317 1165 427 1203 facile
449 1167 692 1216 probaturum
713 1166 881 1204 confido.
936 1167 1103 1205 Tantum
1124 1167 1223 1205 enim
1243 1167 1340 1205 inter
1359 1180 1430 1205 nos
1451 1167 1635 1214 interfuit,
1654 1174 1698 1205 ut

242 1227 329 1275 ista,
350 1242 437 1279 quae
458 1243 499 1267 se
520 1243 662 1280 genere
689 1229 898 1280 proximam
919 1242 1003 1268 esse
1028 1230 1240 1276 contendit,
1259 1237 1445 1281 perpetuo
1468 1243 1554 1268 cum
1577 1230 1640 1268 illo
1661 1238 1700 1268 et

243 1290 425 1340 Sopolide
447 1298 486 1329 et
502 1291 639 1329 horum
667 1299 786 1329 matre
807 1291 964 1342 litigarit
983 1297 1022 1329 et
1043 1291 1256 1329 inimicitias
1276 1292 1503 1338 exercuerit,
1519 1305 1590 1341 ego
1611 1304 1700 1329 vero

241 1364 318 1389 non
339 1359 488 1390 tanturn
511 1366 605 1403 erga
626 1352 933 1404 Thrasylochum
954 1360 993 1391 et
1015 1353 1170 1391 fratrem
1195 1353 1379 1404 praeclare
1404 1367 1465 1392 me
1485 1353 1603 1404 gessi,
1628 1352 1698 1391 sed

241 1413 310 1451 has
339 1414 442 1464 ipsas
475 1413 679 1452 facultates
706 1415 754 1453 de
779 1414 920 1466 quibus
951 1415 1214 1453 controversia
1247 1422 1308 1454 est
1334 1416 1564 1454 amicissime
1587 1423 1701 1467 atque

241 1475 385 1526 optima
403 1475 479 1513 fide
496 1476 699 1515 custodivi.

294 1539 333 1576 9.
365 1539 423 1577 Ac
438 1539 487 1577 de
505 1539 564 1577 his
579 1538 733 1589 quidem
749 1552 836 1590 quae
857 1539 948 1578 olim
967 1539 1073 1578 facta
1090 1546 1180 1578 sunt
1195 1539 1323 1579 dicere
1344 1553 1547 1592 operosum
1567 1540 1700 1580 fuerit:

239 1612 358 1650 quum
380 1606 508 1638 autem
535 1600 700 1638 Pasinus
722 1600 862 1638 Parum
888 1601 1003 1652 cepit,
1026 1601 1228 1639 maximam
1258 1608 1406 1654 partem
1433 1615 1564 1640 eorum
1584 1615 1702 1654 opum

240 1660 337 1699 clam
368 1669 607 1713 exportatam
641 1660 746 1713 apud
771 1661 944 1714 hospites
972 1675 1079 1701 meos
1104 1663 1309 1715 jacebant;
1348 1663 1453 1714 quod
1473 1664 1576 1702 hanc
1595 1664 1701 1702 insu-

240 1722 316 1760 lam
343 1723 512 1761 omnium
539 1735 626 1761 esse
658 1723 890 1761 tutissimam
918 1725 1168 1775 putabamus.
1226 1725 1353 1769 Quum
1383 1738 1472 1764 vero
1500 1725 1553 1763 illi
1582 1739 1700 1777 ange-

241 1790 373 1822 rentur
388 1797 433 1823 ac
450 1798 498 1823 ne
512 1785 642 1823 omnia
660 1784 860 1836 periissent
879 1785 1070 1833 timerent,
1084 1799 1157 1838 ego
1175 1793 1291 1825 noctu
1313 1800 1530 1826 conscenso
1549 1788 1701 1838 navigio

241 1847 438 1897 exportavi
459 1847 511 1884 illi
531 1846 714 1898 pecunias
735 1860 824 1885 cum
845 1848 933 1886 vitae
954 1861 1052 1886 meae
1072 1848 1247 1899 periculo
1265 1862 1275 1887 ι
1303 1850 1341 1887 in
1361 1849 1461 1900 agris
1482 1849 1580 1887 enim
1597 1856 1704 1887 erant

240 1907 422 1958 praesidia
442 1908 645 1958 disposita,
666 1916 706 1947 et
726 1909 861 1945 urbem
888 1909 1045 1958 quidam
1074 1917 1292 1947 nostrorum
1324 1911 1501 1948 exsulum
1530 1924 1699 1962 occupa-

241 1977 342 2016 rant,
372 1970 437 2020 qui
457 1983 535 2008 uno
564 1970 625 2008 die
646 1976 686 2008 et
703 1976 853 2021 patrem
882 1982 1009 2007 meum
1031 1976 1070 2007 et
1090 1975 1267 2021 patruum
1290 1975 1327 2009 et
1348 1972 1500 2010 affinem
1521 1986 1646 2011 meum
1664 1982 1704 2011 et

242 2038 382 2082 praeter
400 2031 470 2069 hos
488 2037 565 2069 tres
584 2031 835 2070 consobrinos
856 2044 924 2082 per
941 2031 1069 2069 scelus
1083 2032 1323 2070 occiderunt.
1381 2033 1448 2071 Me
1463 2040 1592 2072 tamen
1608 2035 1701 2072 nihil

242 2091 378 2130 horum
407 2093 558 2138 avertit,
580 2106 700 2144 quum
730 2105 958 2144 persuasum
989 2092 1169 2132 haberem
1196 2094 1286 2132 mihi
1314 2107 1391 2132 non
1411 2094 1537 2134 minus
1557 2109 1628 2147 pro
1648 2098 1702 2135 eis

245 2167 362 2205 quam
386 2168 454 2204 pro
473 2154 622 2206 meipso
642 2154 813 2205 pericula
832 2168 917 2193 esse
939 2155 1155 2193 subeunda.

299 2217 361 2253 10.
393 2215 544 2253 Deinde
561 2229 679 2266 quum
701 2217 795 2254 urbe
813 2216 1043 2267 pelleremur
1059 2223 1165 2255 tanto
1186 2230 1273 2256 curn
1290 2218 1456 2256 tumultu
1479 2225 1519 2256 et
1537 2220 1717 2273 trepida—K

242 2277 362 2323 tione,
393 2283 436 2315 ut
466 2276 640 2314 nonnulli
672 2290 762 2314 suos
794 2278 908 2316 etiam
936 2278 1190 2329 negligerent,
1217 2280 1350 2317 necin
1381 2279 1439 2318 his
1472 2280 1580 2318 malis
1609 2282 1702 2320 satis

242 2337 359 2376 habui
374 2338 606 2376 domesticos
626 2351 732 2376 meos
754 2351 1019 2384 conservasse,
1034 2339 1101 2377 sed
1118 2339 1208 2390 quia
1224 2346 1304 2378 tum
1326 2340 1545 2392 Sopolidem
1567 2343 1705 2381 abesse

243 2406 325 2438 tum
340 2400 445 2438 illum
458 2400 584 2451 ipsum
597 2407 783 2451 aegrotare
800 2400 982 2447 sciebam,
997 2414 1073 2439 una
1086 2415 1172 2440 cum
1188 2415 1234 2440 eo
1251 2411 1289 2440 et
1301 2410 1458 2442 matrem
1478 2409 1517 2441 et
1537 2416 1701 2443 sororem

245 2469 284 2501 et
303 2475 393 2515 opes
414 2463 610 2501 universas
629 2462 765 2501 extuli.
808 2463 934 2505 Quem
954 2462 1071 2513 igitur
1090 2477 1156 2502 eas
1176 2464 1326 2515 aequius
1347 2472 1406 2503 est
1425 2465 1566 2503 habere
1586 2478 1703 2516 quam

245 2524 311 2575 qui
331 2531 370 2563 et
383 2531 463 2563 tum
483 2523 739 2570 conservavit,
757 2530 796 2562 et
814 2537 917 2563 nunc
936 2525 984 2562 ab
1005 2524 1050 2562 iis
1070 2538 1233 2575 quorum
1253 2525 1329 2563 illae
1350 2527 1506 2564 fuerunt
1523 2527 1702 2579 accepit?

303 2588 363 2624 11.
395 2587 446 2624 Et
463 2587 547 2624 haec
573 2586 621 2624 de
640 2586 684 2624 iis
705 2586 941 2637 temporibus
967 2585 1072 2624 dicta
1091 2586 1178 2633 sint,
1198 2586 1335 2638 quibus
1356 2587 1527 2639 pericula
1547 2588 1700 2639 quidem

247 2647 336 2693 adii,
366 2647 432 2686 sed
453 2648 547 2686 nihil
573 2647 664 2685 mali
685 2648 883 2685 contraxi:
915 2647 985 2685 sed
1009 2653 1047 2684 et
1066 2660 1112 2685 ea
1131 2648 1301 2698 proferre
1328 2661 1481 2700 possum
1507 2663 1574 2701 per
1601 2664 1702 2701 quae,

247 2710 338 2759 dum
358 2711 411 2748 illi
431 2711 635 2761 obsequor,
658 2710 739 2762 ipse
757 2710 795 2747 in
815 2709 1053 2748 calamitates
1073 2710 1259 2749 maximas
1277 2711 1407 2750 incidi.

304 2772 364 2808 12.
385 2771 530 2809 Melum
545 2772 645 2810 enim
662 2784 780 2825 quum
792 2772 1047 2818 venissemus,
1059 2784 1206 2823 nosque
1223 2773 1410 2811 sensisset
1425 2773 1475 2811 ibi
1489 2786 1702 2822 mansuros,

246 2833 395 2885 rogavit
415 2840 458 2871 ut
476 2834 694 2873 Troezenem
722 2847 852 2873 secum
873 2834 1094 2884 navigarem
1121 2840 1161 2872 et
1179 2846 1220 2872 se
1247 2847 1491 2886 nequaquam
1512 2836 1701 2888 relinque-

246 2910 336 2943 rem,
351 2903 388 2935 et
407 2897 576 2947 corporis
592 2896 811 2937 infirmitate
823 2903 862 2936 et
875 2896 1121 2937 multitudine
1137 2896 1372 2936 inimicorum
1388 2906 1702 2944 commemorata,
