1870 3277
196 184 272 220 510
504 180 736 219 GORGIAE
769 178 1007 218 HELENAE
1041 179 1361 218 ENCOMIUM.

194 282 421 335 persuadet3
451 281 620 334 denique
648 296 668 320 e
699 282 975 334 philosophicis
1001 282 1344 334 disputationibus,
1366 283 1403 320 in
1423 283 1561 334 quibus
1582 283 1667 336 opi.

194 345 319 383 nionis
341 344 578 382 mutabilitas
592 345 781 383 ‚omnibus
809 351 940 395 patet:
988 345 1119 394 Atque
1148 344 1312 382 eandem
1334 345 1452 382 habet
1481 345 1518 382 in
1540 345 1667 384 animo

193 407 269 445 vim
290 419 430 452 sermo,
449 419 566 458 qnam
598 407 635 444 in
669 419 830 456 corpore
852 418 1056 443 venenum.
1117 405 1460 449 Quemadmodum
1482 406 1580 443 enim
1602 420 1668 443 ve-

193 481 294 506 nena
311 469 383 506 alia
397 469 491 507 alios
506 469 687 506 humores
703 468 854 519 corpori
873 467 1047 512 demunt,
1065 474 1103 505 et
1119 481 1222 505 nunc
1241 469 1417 505 morbum
1433 480 1537 505 nunc
1551 468 1667 505 vitani

192 530 383 577 auferunt,
404 532 457 569 ita
475 543 669 569 sermones
691 530 753 567 alii
775 530 962 575 dolorem,
983 529 1043 567 alii
1060 529 1374 574 delectationem,
1396 529 1570 566 nonnulli
1592 542 1666 567 me-

191 599 286 637 tum,
313 593 469 643 quidam
497 592 773 630 confidentiam
803 590 981 636 afferunt,
1009 590 1126 642 aliqui
1155 590 1269 629 etiam
1304 590 1558 641 persuasione
1588 603 1666 627 non

192 661 297 692 recta
319 655 486 692 animum
511 654 687 692 inficiunt
709 662 827 704 atque
849 653 1057 691 fascinant.

247 720 285 754 5.
317 718 445 768 Atque
467 717 569 755 illam
590 717 761 768 quidem,
782 717 812 754 si
832 716 958 754 verbis
972 723 1033 754 est
1052 729 1252 767 persuasa,
1273 728 1350 754 non
1366 715 1579 766 improbam
1601 714 1667 752 sed

192 779 384 817 infelicem
422 780 546 818 fuisse
587 780 829 818 declaratum
866 787 944 817 est:
989 793 1092 817 nunc
1129 787 1259 817 autem
1297 787 1471 830 quartam
1509 792 1668 817 causam

191 847 330 891 quarta
362 843 508 880 ratione
544 854 768 892 persequar.
835 841 988 879 Etenim
1016 841 1045 878 si
1076 854 1182 878 amor
1203 841 1288 878 haee
1310 840 1453 887 effecit,
1474 854 1550 878 non
1573 840 1668 878 diffi-

192 903 317 940 culter
333 903 503 954 culpam,
517 917 604 954 quae
624 902 832 940 commissa
846 902 999 948 dicitur,
1021 901 1194 952 effugiet.
1246 902 1346 943 Quae
1362 902 1463 939 enim
1477 903 1666 947 videmus,

193 977 270 1001 non
304 978 388 1002 eam
418 977 533 1015 quam
562 978 632 1002 nos
666 964 839 1002 volumus
871 971 1048 1001 naturam
1076 965 1235 1009 habent,
1267 963 1335 1001 sed
1364 977 1480 1013 quam
1505 964 1668 1013 singulis

191 1039 305 1064 casus
337 1027 489 1064 obtulit.
547 1025 771 1077 Adspeetus
807 1033 935 1063 antem
965 1026 1065 1064 varie
1094 1026 1265 1063 animum
1295 1025 1428 1064 afficit.
1456 1031 1534 1072 †††
1566 1026 1668 1062 Nam

192 1088 250 1126 vel
272 1088 428 1126 hostilia
448 1100 610 1139 corpora
626 1096 741 1138 atque
756 1094 987 1125 armaturam
1006 1086 1187 1125 hostilem
1203 1087 1233 1125 si
1248 1086 1462 1137 adspectus
1483 1086 1668 1138 percepit,

192 1151 441 1200 perturbatur
462 1157 501 1187 et
525 1150 728 1200 perturbat
757 1149 922 1187 animum
942 1162 952 1192 ;
983 1149 1086 1187 unde
1109 1150 1165 1195 fit,
1197 1155 1241 1186 ut
1266 1161 1384 1198 saepe,
1405 1148 1478 1186 etsi
1505 1156 1667 1187 eventus

194 1212 367 1262 periculo
395 1213 442 1250 sit
468 1218 668 1256 cauturus,
695 1211 872 1249 nonnulli
899 1211 1067 1262 perculsi
1098 1212 1277 1262 fugiant:
1308 1211 1416 1248 fortis
1441 1211 1542 1248 enim
1569 1211 1666 1262 legis

193 1273 332 1311 veritas
353 1280 454 1310 metu
475 1273 676 1324 expellitur
697 1287 813 1324 quem
837 1273 1048 1325 adspectus
1065 1272 1190 1318 affert,
1205 1276 1316 1320 cnjus
1334 1273 1526 1311 adventus
1547 1280 1586 1311 et
1601 1273 1670 1311 ho-

195 1335 293 1372 nesti
314 1335 419 1385 quod
440 1336 503 1372 lex
532 1335 715 1386 proponit
735 1342 773 1372 et
795 1335 897 1372 utilis
918 1335 1024 1385 quod
1040 1347 1108 1385 per
1125 1335 1188 1385 jus
1210 1335 1487 1385 consequimur
1506 1334 1668 1372 adducit

193 1404 474 1448 contemptum.
532 1397 637 1439 Quid
663 1397 767 1447 quod
795 1410 870 1434 non
901 1410 986 1435 raro
1009 1397 1167 1447 quidam
1187 1397 1276 1435 visis
1308 1399 1425 1435 rebus
1455 1397 1667 1435 tremendis

193 1467 424 1510 praesentem
461 1459 590 1496 statim
623 1459 794 1496 animum
827 1458 1100 1509 perdiderunt:
1144 1458 1242 1496 adeo
1275 1466 1445 1496 mentem
1485 1459 1669 1510 abegerat

193 1527 320 1558 metus
338 1528 452 1570 atque
473 1521 728 1558 exstinxerat.
788 1520 902 1557 Multi
920 1533 1076 1570 quoque
1097 1520 1135 1556 in
1153 1533 1273 1557 vanos
1294 1521 1448 1558 dolores
1464 1533 1508 1558 ac
1530 1534 1667 1570 graves

193 1584 349 1621 morbos
374 1591 412 1620 et
442 1582 678 1620 insanabiles
709 1582 859 1620 furores
881 1581 1123 1618 inciderunt:
1155 1594 1275 1632 usque
1293 1594 1339 1618 eo
1362 1595 1487 1619 rerum
1508 1595 1671 1632 conspe-

193 1654 343 1684 ctarum
365 1644 553 1694 imagines
574 1644 703 1682 animo
725 1644 935 1696 adspectus
963 1643 1227 1694 impresserat.
1285 1645 1415 1695 Atque
1443 1657 1490 1682 ea
1509 1645 1667 1695 quidem

193 1721 282 1758 quae
307 1713 491 1744 terrorem
521 1706 714 1744 incutiunt
745 1712 787 1743 ut
812 1706 1043 1743 omittuntur
1063 1705 1198 1750 multa,
1219 1705 1273 1743 ita
1294 1706 1467 1745 similiter
1487 1720 1532 1745 ac
1552 1721 1668 1758 supe-

193 1770 292 1807 riora
314 1782 354 1806 se
375 1768 535 1806 liabent.
592 1767 692 1805 Cum
720 1774 848 1806 autem
872 1782 891 1805 e
914 1767 1043 1805 multis
1071 1768 1267 1806 coloribus
1294 1775 1412 1819 atque
1442 1770 1666 1819 corporibus

194 1843 313 1866 unum
353 1842 493 1879 corpus
527 1835 644 1879 atque
676 1842 791 1867 unam
820 1830 981 1880 figuram
1014 1829 1225 1880 perfectam
1258 1830 1426 1880 pictores
1454 1830 1667 1877 effecerint,

194 1891 331 1930 oculos
353 1890 564 1929 delectant.
622 1891 766 1929 Verum
797 1891 1091 1929 simulacrorum
1121 1899 1160 1930 et
1180 1899 1395 1930 statuarum
1426 1894 1667 1944 conspectio,

194 1961 307 2005 prout
330 1953 396 2005 illa
423 1953 598 2004 jucunde
626 1954 903 2005 conspicimus,
924 1953 978 1991 ita
1002 1953 1106 1991 aliud
1129 1953 1276 2004 fugere,
1308 1953 1412 1992 aliud
1434 1954 1665 2006 adspectum

194 2015 413 2053 desiderare
446 2015 552 2052 facit.
618 2015 674 2052 Ac
705 2015 916 2052 multarum
944 2028 1071 2052 rerum
1101 2022 1140 2053 et
1169 2028 1375 2066 corporum
1398 2028 1528 2054 amore
1549 2025 1667 2068 atque

195 2076 386 2114 desiderio
407 2076 516 2114 multi
538 2083 731 2115 tenentur.
788 2077 940 2119 Quodsi
960 2089 1054 2128 ergo
1076 2076 1289 2114 Alexandri
1308 2090 1466 2128 corpore
1493 2078 1665 2116 delecta-

196 2149 256 2177 tus
286 2139 448 2176 Helenae
478 2139 614 2177 oculus
636 2139 776 2177 amoris
798 2139 985 2177 fervorem
1013 2139 1141 2177 animo
1167 2138 1374 2184 concessit,
1401 2153 1516 2189 quarn
1540 2154 1586 2179 ea
1606 2154 1666 2179 res

193 2201 489 2239 admirationem
512 2200 658 2238 habet?
688 2201 937 2252 Quapropter
957 2201 1037 2239 sive
1052 2200 1149 2238 deus
1170 2200 1300 2239 divina
1320 2208 1512 2251 potestate
1533 2202 1665 2248 utitur,

196 2262 394 2315 quomodo
415 2262 519 2301 hunc
540 2263 696 2300 inferior
718 2263 840 2313 possit
860 2262 1071 2315 repellere?
1107 2263 1195 2301 Sive
1216 2263 1411 2302 humanus
1432 2272 1492 2302 est
1513 2266 1665 2303 morbus

195 2333 233 2363 et
252 2324 367 2363 animi
387 2324 619 2376 ignorantia,
635 2338 711 2362 non
733 2338 801 2375 pro
820 2333 984 2375 peccato
1004 2325 1243 2376 culpandum
1266 2325 1356 2372 hoc,
1372 2339 1503 2365 verum
1523 2340 1592 2378 pro
1612 2327 1666 2365 in-

195 2388 364 2425 fortunio
387 2393 446 2424 est
471 2385 721 2430 habendum3
755 2387 862 2424 venit
889 2387 990 2424 enim
1016 2387 1073 2425 uti
1093 2388 1198 2425 venit
1224 2388 1338 2425 animi
1366 2389 1665 2439 captationibus,

194 2462 272 2488 non
294 2449 430 2486 mentis
451 2447 637 2493 consiliis,
658 2455 697 2486 et
717 2447 854 2486 amoris
875 2450 1123 2494 necessitate,
1145 2462 1223 2488 non
1242 2450 1334 2487 artis
1355 2459 1555 2501 apparatu.

248 2511 287 2548 6.
318 2510 417 2552 Quis
449 2510 566 2561 igitur
592 2509 765 2565 ,Helenae
794 2510 1131 2562 reprehensionem
1148 2512 1298 2562 justam
1326 2512 1532 2557 existimet,
1563 2526 1664 2564 quae,

195 2573 276 2623 sive
296 2584 426 2610 amore
446 2577 563 2622 capta
579 2570 659 2610 sive
675 2571 804 2620 verbis
825 2585 1011 2623 persuasa
1032 2572 1111 2610 sive
1141 2573 1176 2610 vi
1204 2581 1313 2624 rapta
1339 2574 1418 2612 sive
1448 2574 1576 2612 divina
1597 2588 1663 2612 ne-

195 2633 374 2672 cessitate
391 2633 528 2671 fecerit
545 2646 632 2684 quae
652 2633 758 2679 fecit,
779 2634 932 2684 culpam
952 2647 1107 2685 prorsus
1123 2635 1288 2673 evadat?

251 2697 288 2732 7.
320 2694 468 2733 Sustuli
488 2695 615 2734 verbis
639 2696 811 2734 mulieris
831 2696 1043 2741 infamiam,
1064 2709 1180 2747 quam
1201 2696 1310 2735 initio
1329 2697 1517 2735 sermonis
1538 2698 1662 2749 legem

195 2756 473 2795 constitueram
496 2757 657 2804 servavi,
679 2758 989 2809 reprehensionis
1017 2757 1242 2809 injustitiam
1270 2765 1309 2796 et
1329 2759 1521 2810 opinionis
1541 2760 1662 2811 impe-

197 2818 321 2856 ritiam
346 2826 517 2857 evertere
549 2832 633 2857 sum
661 2827 838 2864 conatus,
867 2820 1083 2859 orationem
1105 2820 1206 2859 volui
1235 2821 1490 2867 conscribere,
1511 2835 1597 2873 quie
1622 2830 1664 2861 ut

198 2879 363 2919 Helenae
383 2880 500 2927 laudi,
520 2880 574 2919 ita
594 2881 685 2919 milii
705 2889 810 2921 esset
831 2882 993 2922 ludicro.
