1870 3277
271 138 344 171 40⁴2
943 138 1050 175 {SAEI

271 249 438 286 unquam
455 238 609 288 egerim,
626 244 667 275 ut
684 238 809 288 potius
826 251 871 276 ne
891 252 959 290 pro
981 246 1121 276 memet
1141 240 1223 290 ipso
1239 239 1390 289 quidem
1413 251 1565 278 causam
1584 239 1715 283 ullam,

271 309 348 334 non
376 297 489 335 modo
515 297 716 348 publicam,
738 298 805 335 scd
829 312 875 336 ne
897 299 1077 349 privatam
1099 299 1253 350 quidem
1275 299 1456 344 dixerim
1487 307 1717 351 quapropter

272 371 425 408 aequum
446 360 495 396 sit
516 372 693 410 magnam
716 360 802 396 mihi
824 361 971 398 veniam
993 361 1092 412 apud
1111 374 1178 398 vos
1199 374 1283 398 esse
1303 369 1487 411 paratam.

328 422 364 457 2.
399 421 494 458 Nam
519 430 728 472 propterea,
745 422 910 472 judices,
926 423 1027 472 quod
1045 423 1091 460 ab
1111 423 1168 460 his
1184 423 1247 472 jus
1269 422 1356 458 mihi
1378 422 1543 459 debitam
1564 422 1714 472 exigere

272 494 435 532 nequeo,
465 491 621 520 coactus
651 484 702 520 fui
733 484 768 519 in
797 483 969 520 examine
998 492 1155 521 matrem
1186 496 1307 520 meam
1346 483 1510 533 profiteri
1548 494 1712 519 sororem

271 543 497 589 Aristarchi,
514 552 626 593 atque
643 545 697 581 sic
715 557 851 581 nomen
868 545 948 595 ejus
965 558 986 582 a
1002 547 1125 582 scriba
1140 545 1313 595 publicas
1335 545 1371 580 in
1392 544 1540 581 tabulas
1561 543 1712 580 referri:

273 604 391 640 nihilo
413 612 538 642 tamen
560 605 644 642 ideo
665 618 780 642 causa
799 606 881 643 haec
899 606 1004 643 vobis
1021 607 1090 644 erit
1105 606 1153 644 ad
1175 605 1468 655 disceptandum
1489 604 1716 655 impeditior,

272 665 338 702 sed
360 665 432 703 hoc
454 679 553 703 nuuc
573 679 592 703 e
608 666 757 717 legibus
773 668 877 704 vobis
897 675 955 705 est
975 668 1247 712 definiendum,
1270 675 1393 704 utrum
1416 666 1635 704 Aristarcho
1650 666 1715 716 jus

272 733 309 764 et
337 726 500 764 facultas
528 728 640 765 fuerit
667 727 753 765 huic
780 729 1003 778 [Xenocrati
1025 729 1180 780 juniori,
1201 729 1276 766 filio
1298 727 1518 780 Cyronidis]
1545 727 1645 765 bona
1663 727 1718 764 le-

271 787 402 838 gendi,
423 796 460 825 et
482 795 605 826 utrum
633 788 714 827 haec
743 790 845 827 bona
864 790 1072 828 Aristarchi
1101 791 1241 828 fuerint
1269 804 1315 827 an
1342 789 1466 826 aliena
1493 796 1531 826 et
1559 790 1605 826 ab
1633 789 1716 838 ipso

270 861 338 898 per
359 849 466 887 nefas
487 859 684 901 usurpata.
743 851 909 902 AEquum
926 859 996 894 est,
1010 851 1176 902 judices,
1193 858 1282 888 ante
1297 851 1423 887 omnia
1437 850 1510 888 hoc
1527 850 1575 887 de
1591 850 1716 900 capite

271 910 473 948 constitui:
504 925 590 949 nam
610 912 674 949 lex
696 912 850 962 quidem
870 913 1090 950 facultatem
1111 912 1246 962 cuique
1268 911 1334 949 dat
1350 912 1453 949 bona
1471 924 1541 949 sua
1563 911 1717 949 cuicun-

272 984 348 1021 que
370 972 461 1008 velit
487 972 655 1022 legandi,
682 973 750 1010 sed
781 986 863 1018 sua,
891 986 966 1011 non
997 973 1086 1010 item
1118 972 1267 1015 aliena;
1299 985 1386 1009 nam
1415 972 1622 1010 alienorum
1656 971 1719 1010 lex

271 1033 460 1071 hominem
484 1035 631 1071 nullum
654 1035 744 1073 facit
766 1036 960 1074 arbitrum.
1018 1035 1167 1079 Quodsi
1185 1048 1274 1085 ergo
1291 1047 1351 1072 me
1368 1035 1545 1072 secundis
1565 1034 1720 1072 auribus

273 1095 403 1133 audire
425 1096 558 1141 velitis,
580 1104 667 1134 ante
687 1098 814 1135 omnia
833 1111 899 1135 vos
918 1098 991 1136 hoc
1015 1098 1063 1136 de
1089 1097 1176 1135 loco
1203 1097 1383 1135 certiores
1407 1096 1572 1135 faciam:
1603 1097 1720 1134 nitar-

274 1170 348 1208 que
365 1170 432 1195 vos
454 1157 591 1195 docere
612 1159 864 1197 hereditatem
880 1160 979 1197 hanc
996 1173 1016 1197 a
1032 1159 1216 1210 principio
1238 1172 1313 1196 non
1332 1159 1468 1196 horum
1486 1158 1604 1196 fuisse
1624 1158 1721 1209 [qui-

273 1218 435 1256 buscum
462 1233 564 1257 nunc
594 1233 709 1271 super
735 1234 781 1258 ea
806 1221 1034 1269 contendo]‚
1055 1220 1123 1258 sed
1149 1221 1266 1258 fuisse
1291 1219 1422 1257 matris
1447 1232 1541 1256 meae
1567 1232 1589 1256 a
1613 1225 1720 1270 patre

273 1278 344 1329 ipsi
371 1280 567 1324 relictam;
601 1280 739 1319 deinde
765 1281 1024 1320 Aristarchum
1053 1294 1135 1319 eam
1164 1281 1271 1318 nulla
1297 1281 1382 1331 lege
1409 1280 1624 1326 addicente,
1650 1279 1721 1318 sed

271 1338 422 1391 legibus
442 1342 616 1380 omnibus
637 1343 761 1381 invitis
784 1352 899 1394 atque
919 1343 1230 1389 reclamantibus,
1250 1342 1445 1394 eripu1sse‚
1463 1355 1584 1393 eoque
1609 1355 1720 1380 enor-

273 1414 372 1438 mem
392 1402 566 1453 injuriam
588 1410 626 1441 et
645 1404 801 1455 reliquis
821 1405 960 1442 nostris
981 1405 1207 1442 necessariis
1228 1411 1267 1442 et
1286 1403 1468 1454 imprimis
1493 1403 1600 1441 matri
1623 1417 1718 1441 meae

272 1462 469 1500 obtulisse.
527 1463 643 1501 Unde
670 1473 796 1503 autem
817 1479 884 1503 vos
911 1479 989 1504 rem
1016 1466 1266 1517 liquidissime
1292 1466 1506 1516 percepturi
1526 1465 1718 1512 videmini,

274 1521 360 1560 inde
383 1536 454 1573 ego
474 1537 630 1575 quoque
651 1525 816 1563 docendi
837 1540 983 1564 sumam
1003 1527 1216 1564 exordium.

328 1585 363 1620 3.
394 1585 640 1623 Aristarchus
661 1586 816 1636 quidam
844 1595 938 1633 erat,
959 1588 1126 1639 judices,
1149 1587 1405 1639 Sypalletius3
1438 1590 1502 1638 qui
1522 1588 1722 1626 Xenaeneti

275 1643 530 1682 Acharnensis
570 1646 685 1683 filiam
721 1660 809 1684 cum
842 1648 998 1685 domum
1029 1649 1219 1695 duxisset,
1246 1663 1296 1687 ex
1318 1663 1364 1687 ea
1389 1657 1554 1700 quatuor
1581 1649 1720 1688 liberos

274 1707 458 1757 suscepit,
476 1706 708 1757 Cyronidem
729 1715 767 1745 et
787 1708 1082 1755 Democharem,
1101 1723 1188 1747 curn
1207 1710 1358 1748 duabus
1378 1711 1543 1756 filiabus,
1560 1724 1721 1761 quarum

272 1766 393 1804 altera
412 1766 483 1804 fuit
502 1774 623 1805 mater
643 1782 739 1807 mea.
797 1769 1023 1821 Cyronides,
1043 1771 1107 1821 qui
1131 1777 1238 1821 pater
1261 1779 1321 1809 est
1344 1771 1458 1822 hujus
1482 1772 1720 1822 [Xenaeneti]

273 1834 311 1865 et
326 1828 480 1866 alterius
498 1828 742 1879 [Aristarchi]
758 1831 822 1881 qui
840 1838 980 1869 sortem
996 1831 1097 1869 hanc
1116 1845 1183 1882 per
1202 1832 1307 1870 nefas
1325 1841 1589 1883 occupaverat,
1606 1833 1720 1871 aliam

272 1889 309 1925 in
337 1888 492 1926 domum
519 1891 779 1941 emancipatus
804 1899 884 1934 est;
916 1906 992 1942 quo
1017 1893 1161 1931 factum
1187 1901 1259 1939 est,
1279 1900 1323 1931 ut
1341 1894 1407 1945 jus
1432 1908 1543 1933 omne
1562 1895 1600 1932 in
1619 1895 1720 1934 hanc

270 1948 524 1987 hereditatem
555 1950 741 1990 amiserit:
775 1953 1036 1991 Demochares
1069 1954 1197 2005 itaque
1226 1955 1353 1993 factus
1379 1962 1438 1993 est
1465 1955 1574 1994 heres
1602 1957 1720 2008 patri-

273 2013 390 2050 monii
418 2014 655 2061 ArIStarcho,
681 2016 746 2066 qui
775 2023 883 2067 pater
913 2017 1047 2054 horum
1080 2025 1247 2068 quatuor
1277 2019 1480 2056 liberorum
1518 2028 1612 2066 erat,
1642 2021 1722 2059 vita

274 2073 470 2111 defuncto.
526 2074 716 2118 Quoniam
744 2091 831 2116 vero
861 2078 1125 2117 Demochares
1159 2078 1286 2118 adhuc
1317 2079 1443 2117 infans
1478 2081 1720 2127 moriebatur,

273 2147 423 2172 necnon
455 2135 575 2173 altera
607 2150 726 2186 soror,
753 2139 836 2177 sola
865 2139 997 2177 relicta
1029 2140 1100 2177 fuit
1132 2153 1216 2178 mea
1246 2147 1365 2178 mater
1393 2142 1580 2179 universae
1609 2141 1720 2181 heres

274 2196 522 2240 substantiae3
552 2198 620 2235 sed
641 2199 710 2246 sic,
726 2208 770 2238 ut
784 2208 1073 2239 controversum
1089 2210 1203 2248 esset,
1218 2203 1303 2252 quis
1322 2215 1405 2240 eam
1424 2203 1462 2240 in
1481 2204 1721 2243 matrimonio

271 2257 413 2296 habere
439 2266 478 2295 et
503 2258 553 2296 ad
580 2259 717 2300 liberos
745 2276 790 2300 ex
817 2276 862 2302 ea
886 2264 1140 2315 procreandos
1166 2264 1304 2303 avitam
1328 2265 1576 2304 hereditatem
1596 2273 1734 2311 trans-,

272 2319 369 2357 ferre
395 2319 567 2358 deberet.
624 2321 686 2359 Ad
712 2323 815 2361 hunc
841 2325 997 2362 modum
1019 2339 1040 2363 a
1059 2326 1245 2377 principio
1271 2339 1352 2364 sors
1376 2327 1461 2364 haec
1479 2328 1654 2366 universa
1671 2328 1720 2368 de

267 2381 354 2431 jure
381 2393 477 2419 meae
503 2382 634 2420 matris
662 2391 766 2422 erat:
796 2398 941 2432 verum,
961 2399 1050 2424 curn
1078 2387 1310 2438 oportuisset
1337 2388 1548 2440 proximum
1575 2402 1719 2441 cogna-

273 2448 355 2480 tum
378 2454 463 2480 eam
491 2443 530 2480 in
552 2445 790 2483 matrimonio
815 2446 956 2484 habere
984 2460 1135 2499 unaque
1160 2463 1248 2487 cum
1274 2463 1321 2488 ea
1349 2450 1532 2488 tuendum
1561 2450 1721 2502 adipisci

272 2503 540 2553 patrimonium
568 2505 663 2556 ejus,
688 2506 862 2558 injuriam
896 2509 1047 2559 accepit
1076 2516 1195 2548 mater
1221 2524 1319 2556 mea,
1337 2504 1504 2562 judices,
1527 2512 1720 2551 atrocissi-

273 2577 376 2602 mam
395 2572 508 2616 atque
527 2564 846 2617 indignissimam.
905 2569 996 2607 Erat
1015 2583 1150 2621 nempe
1167 2573 1276 2610 matri
1293 2585 1387 2610 meae
1402 2579 1560 2622 patruus
1577 2574 1721 2612 Aristo-

274 2640 417 2674 menes,
437 2628 553 2666 frater
577 2628 680 2668 illius
701 2631 934 2670 Aristarchi:
963 2632 1050 2671 huic
1073 2634 1304 2673 Aristomeni
1328 2647 1413 2672 cum
1434 2642 1474 2673 et
1495 2635 1594 2675 filius
1614 2645 1721 2677 esset

272 2701 349 2727 una
379 2702 465 2727 cum
495 2689 584 2737 filia,
609 2692 873 2744 potuissetque
904 2694 996 2732 ideo’
1024 2694 1101 2732 sive
1130 2695 1210 2746 ipse
1238 2696 1309 2733 sibi
1338 2695 1479 2734 habere
1507 2698 1564 2734 sui
1593 2698 1720 2737 fratris

271 2749 389 2787 filiam
407 2750 603 2799 heredem,
623 2753 703 2792 sive
722 2754 799 2793 filio
821 2769 891 2794 suo
911 2768 997 2794 eam
1017 2755 1206 2795 collocare
1229 2763 1344 2808 atque
1373 2758 1568 2810 providere
1594 2767 1636 2798 ut
1663 2761 1717 2800 illi

273 2810 350 2849 filio
365 2823 435 2849 suo
454 2810 520 2849 illa
540 2826 611 2852 sua
629 2816 753 2867 neptis
772 2829 839 2869 per
848 2817 1030 2868 judicum
1048 2818 1275 2866 sententiam
1295 2819 1463 2870 legitime
1483 2819 1719 2872 adjudicare-

272 2878 346 2919 tur,
366 2879 541 2910 neutrum
561 2873 695 2915 horum
716 2877 821 2923 fecit,
842 2877 908 2916 sed
928 2878 1043 2917 filiam
1063 2891 1170 2917 suam
1191 2879 1374 2930 Cyronidi
1390 2880 1608 2931 despondit,
1627 2894 1718 2920 una·
