1870 3277
742 551 1211 609 ISOCRATIS

577 708 1378 761 AEGINETICUS.

315 902 347 939 l.
381 902 612 948 PUTABAM,
633 904 699 940 viri
722 905 921 955 AEginetae,
942 907 1244 956 Thrasylochum
1275 909 1354 946 suis
1383 910 1495 946 rebus
1522 909 1573 947 ita
1601 918 1701 948 recte

257 964 511 1009 consuluisse,
532 972 574 1002 ut
601 978 712 1004 nemo
743 980 909 1017 unquam
943 968 1175 1006 adventurus
1206 978 1318 1015 esset,
1339 971 1401 1020 qui
1431 978 1699 1009 testamentum

255 1025 357 1075 quod
379 1027 408 1063 is
431 1027 580 1076 reliquit
606 1035 867 1078 oppugnaret:
900 1042 1018 1079 quum
1050 1037 1175 1068 autem
1206 1032 1431 1069 adversariis
1455 1032 1528 1070 hoc
1550 1033 1703 1070 omnino

256 1089 508 1127 deliberatum
529 1090 589 1136 sit,
606 1092 848 1141 quantumvis
869 1093 983 1143 probe
999 1092 1215 1130 confectum
1238 1100 1364 1130 tamen
1382 1101 1565 1138 evertere,
1587 1107 1702 1144 expe-

254 1151 314 1187 riri
342 1163 460 1201 cogor
487 1164 535 1189 an
561 1152 662 1202 apud
683 1165 752 1190 vos
780 1165 905 1191 meum
927 1153 991 1204 jus
1022 1167 1160 1204 queam
1189 1154 1361 1206 adipisci.
1420 1155 1549 1205 Longe
1576 1163 1702 1192 autom

253 1214 361 1251 aliter
387 1213 547 1252 affectus
578 1228 662 1252 sum
688 1228 803 1265 quam
832 1216 1004 1267 plerique
1035 1217 1229 1255 mortales.
1287 1218 1387 1255 Nam
1418 1218 1512 1256 alios
1541 1219 1704 1270 graviter

253 1276 349 1314 ferre
369 1275 494 1321 video,
516 1277 546 1314 si
576 1290 652 1327 qua
677 1277 725 1315 de
752 1291 789 1315 re
815 1290 882 1329 per
902 1278 1074 1328 injuriam
1108 1278 1142 1315 in
1164 1280 1371 1329 periculum
1392 1288 1600 1318 vocantur:
1630 1292 1703 1331 ego

252 1350 341 1376 vero
360 1352 494 1389 parum
515 1339 650 1376 absum
670 1339 761 1389 quin
784 1340 863 1377 istis
883 1340 1043 1390 gratiam
1060 1341 1218 1378 habeam
1243 1341 1346 1391 quod
1366 1341 1455 1378 mihi
1478 1341 1578 1379 litem
1601 1342 1702 1379 hanc

253 1401 510 1439 intenderunt.
568 1401 651 1438 Nisi
670 1401 769 1438 enim
793 1414 850 1438 res
870 1401 1104 1452 injudicium
1126 1402 1292 1440 adducta
1311 1410 1427 1448 esset,
1447 1403 1550 1440 haud
1571 1404 1702 1440 scivis-

253 1463 360 1500 setis
381 1476 467 1512 quae
498 1475 583 1499 mea
602 1463 638 1499 in
659 1462 886 1500 defunctum
914 1463 1063 1507 merita,
1083 1464 1192 1515 cujus
1223 1463 1428 1501 haereditas
1457 1463 1546 1500 mihi
1573 1465 1705 1502 relicta

252 1531 324 1569 est,
338 1525 588 1563 exstitissent:
613 1538 650 1562 re
665 1531 793 1562 autem
812 1525 968 1575 cognita
983 1537 1118 1562 omnes
1137 1525 1358 1575 intelligetis
1376 1540 1435 1564 me
1451 1526 1574 1577 majus
1590 1528 1703 1564 etiam

253 1588 446 1638 praemium
477 1587 672 1625 meruisse.
731 1587 806 1624 Par
834 1594 963 1624 autem
995 1595 1096 1625 esset
1127 1596 1166 1625 et
1196 1588 1304 1625 istam
1335 1601 1421 1638 quae
1453 1589 1502 1626 de
1532 1590 1704 1639 pecuniis

252 1650 546 1687 controversiam
575 1649 679 1691 facit,
701 1662 777 1686 non
807 1648 1009 1686 facultates
1038 1662 1061 1686 a
1088 1649 1351 1700 Thrasylocho
1384 1649 1532 1688 relictas
1558 1663 1580 1687 a
1599 1651 1704 1688 vobis

252 1711 411 1762 experiri
433 1710 602 1761 adipisci,
625 1710 707 1756 sed,
728 1710 791 1747 ubi
813 1711 1046 1748 ostendisset
1065 1724 1106 1748 se
1128 1710 1250 1749 officio
1272 1723 1364 1761 erga
1387 1710 1492 1748 illum
1515 1724 1598 1748 esse
1618 1711 1704 1749 fun-

252 1779 368 1818 ctam,
388 1779 469 1810 tum
490 1773 643 1810 demum
666 1771 751 1823 lege
771 1785 883 1823 agere
900 1774 937 1810 in
952 1773 1229 1811 haereditatem.
1290 1773 1404 1811 Nunc
1423 1779 1573 1810 tantum
1595 1775 1705 1812 abest.

253 1841 295 1873 ut
313 1848 398 1872 eam
418 1835 602 1884 poeniteat
621 1847 713 1884 erga
727 1834 917 1872 viventem
928 1826 1151 1885 deliquisse,
1167 1841 1210 1871 ut
1223 1847 1268 1872 eo
1284 1835 1397 1872 etiam
1419 1833 1602 1872 defuncto
1623 1842 1703 1872 tum

251 1903 521 1935 testamentum
542 1896 624 1947 ejus
646 1896 791 1933 irritum
809 1896 936 1934 facere
957 1903 1037 1933 tum
1053 1896 1235 1934 familiam
1253 1896 1498 1945 exstinguere
1519 1903 1558 1933 et
1577 1896 1704 1934 fundi-

252 1965 312 1996 tus
343 1958 471 1996 delere
500 1965 672 1997 conetur.
730 1958 848 1996 Miror
878 1957 991 1995 etiam
1023 1965 1206 2009 patronos
1240 1957 1421 2002 mulieris,
1440 1958 1470 1994 si
1502 1965 1704 2008 propterea

250 2026 388 2070 putant
408 2019 611 2057 honestum
631 2032 715 2057 esse
734 2027 927 2057 certamen
945 2020 1034 2063 hoc,
1051 2019 1153 2070 quod
1171 2019 1285 2056 etiam
1302 2019 1392 2056 victi
1412 2019 1557 2056 nullam
1573 2019 1702 2070 jactu-

251 2093 331 2118 ram
351 2081 489 2118 facturi
510 2081 597 2119 sint.
656 2081 741 2132 Ego
762 2081 862 2118 enim
884 2087 922 2118 et
940 2081 1042 2118 illam
1066 2093 1244 2130 magnam
1264 2080 1413 2118 cladem
1435 2093 1522 2118 esse
1542 2088 1651 2131 puto,
1672 2082 1702 2118 si

251 2158 368 2195 quum
383 2146 543 2183 actionis
562 2159 628 2196 per
642 2145 871 2183 calumniam
887 2145 1072 2182 institutae
1088 2145 1251 2182 convicti
1270 2144 1426 2190 fuerint,
1441 2144 1579 2182 exinde
1594 2143 1702 2182 vobis

250 2207 497 2258 improbiores
516 2207 740 2245 habeantur.
798 2207 879 2244 Sed
907 2207 1064 2244 istorum
1085 2206 1268 2243 malitiam
1293 2219 1352 2243 res
1380 2207 1462 2256 ipsa
1482 2206 1703 2252 declarabit,

252 2269 317 2306 ubi
339 2275 424 2306 acta
441 2268 570 2306 omnia
588 2269 635 2306 ab
654 2268 760 2305 initio
784 2268 833 2305 ad
854 2275 1067 2305 extremum
1087 2266 1329 2304 audiveritis:
1360 2267 1447 2304 inde
1469 2273 1594 2304 autem
1617 2272 1719 2304 na1·-‘

251 2330 360 2369 randi
389 2330 597 2381 primordia
622 2329 783 2380 capiam,
815 2330 919 2367 unde
953 2342 1022 2367 vos
1056 2329 1254 2367 celerrime
1281 2335 1376 2380 puto
1408 2329 1703 2367 controversiam

251 2392 489 2443 cognituros.

303 2456 341 2491 2.
372 2453 610 2505 Thrasyllus,
625 2459 734 2504 pater
752 2452 835 2502 ejus
855 2452 918 2502 qui
937 2464 997 2489 me
1017 2458 1249 2490 testamento
1268 2451 1463 2490 haeredem
1490 2451 1660 2499 instituit,
1681 2464 1703 2489 a

251 2516 458 2568 majoribus
476 2515 603 2553 nullas
622 2527 716 2566 opes
735 2513 882 2557 habuit,
903 2513 971 2550 sed
991 2512 1146 2563 hospitii
1168 2513 1457 2552 necessitudine
1480 2526 1567 2551 cum
1584 2511 1699 2550 haru-

252 2578 356 2628 spice
376 2577 636 2615 Polemaeneto
651 2582 850 2614 contracta
863 2574 917 2612 ita
932 2587 974 2611 se
987 2573 1024 2611 in
1040 2575 1121 2625 ejus
1134 2575 1335 2612 amicitiam
1350 2573 1566 2619 insinuavit,
1579 2581 1622 2611 ut
1637 2574 1699 2612 ille

252 2639 417 2677 moriens
436 2639 470 2677 ei
488 2644 528 2677 et
542 2638 657 2676 libros
676 2636 912 2675 divinationis
939 2635 1131 2685 reliquerit
1148 2642 1186 2673 et
1205 2635 1430 2673 facultatum
1457 2649 1544 2685 quae
1572 2636 1698 2673 adhuc

251 2707 459 2751 supersunt
474 2707 623 2752 partem
641 2699 802 2738 dederit.
867 2696 1091 2748 Thrasyllus
1119 2703 1246 2734 autem
1274 2696 1335 2734 his
1361 2696 1700 2735 commoditatibus

253 2774 346 2799 usus
367 2768 487 2799 artem
507 2761 698 2799 exercuit:
728 2760 807 2811 qui,
829 2771 949 2810 quum
969 2758 1090 2796 multa
1110 2757 1197 2795 loca
1215 2757 1392 2795 circuiret
1411 2765 1449 2795 et
1469 2758 1506 2795 in
1527 2758 1698 2809 pluribus

253 2822 468 2860 civitatibus
484 2828 795 2866 commoraretur,
814 2827 893 2858 tum
910 2832 997 2857 cum
1014 2818 1096 2856 aliis
1117 2819 1351 2857 mulierculis
1368 2820 1581 2863 consuevit,
1603 2832 1697 2870 qua·-

254 2897 335 2922 rum
351 2884 545 2922 nonnullae
564 2884 704 2923 liberos
723 2883 838 2921 etiam
857 2887 1097 2933 pepererunt,
1114 2893 1211 2931 quos
1231 2880 1292 2918 ille
1310 2894 1505 2931 nunquam
1521 2894 1589 2931 pro
1604 2881 1698 2931 legi-

255 2946 355 2984 timis
369 2946 513 2991 habuit‚
525 2952 605 2983 tum
621 2944 850 2983 adversariae
865 2950 1024 2981 matrem
1041 2942 1116 2980 illis
1131 2942 1366 2993 temporibus
1381 2943 1539 2993 accepit.
1571 2943 1699 2985 Quum
