1870 3277
609 183 828 221 CONTRA
860 183 1186 222 PHILOCLEM.
1539 188 1614 223 447

186 282 462 333 improbitatem
499 297 604 323 suam
643 287 854 335 ignorante.
932 284 1082 329 Nonne,
1113 285 1378 332 Athenienses,
1408 299 1484 325 uno
1525 300 1616 326 con-

186 356 297 381 sensu
335 358 420 382 eum
459 346 679 394 interficitis,
712 346 777 395 qui
811 346 846 383 in
882 345 995 382 talem
1030 346 1303 395 turpitudinem
1341 355 1379 385 et
1410 348 1618 399 nequitiam

185 410 263 443 tam
282 405 421 443 multos
441 406 611 457 impellit,
637 407 761 457 ipsum
781 405 923 455 recepti
956 405 1036 443 auri
1057 413 1251 444 auctorem
1276 413 1470 459 totamque
1490 409 1617 448 civita·

184 469 260 501 tem
288 466 326 502 in
356 467 616 504 controversia
648 465 928 504 collocantem?
975 466 1052 503 Sed
1084 466 1137 503 illi
1168 467 1232 518 qui
1262 474 1368 506 tanta
1392 476 1525 508 contra
1551 484 1619 510 vos

184 525 336 563 molitus
362 534 419 564 est
447 527 663 565 auscultare
690 526 858 577 pergitis,
879 526 968 577 quia
987 527 1161 565 nimirum
1182 529 1498 579 Areopagitarum
1517 533 1622 570 curia

182 585 279 623 falsa
298 587 521 637 praejudicia
538 587 712 633 confecit,
733 594 772 624 et
790 587 879 638 quia
890 591 1020 636 justus
1035 588 1099 626 ille
1119 595 1157 626 et
1176 588 1276 639 frugi
1302 595 1341 627 et
1360 602 1383 627 a
1400 592 1619 629 muneribus

184 647 404 695 abhorrens,
425 650 701 700 conciliumque
718 649 915 700 Areopagi
930 650 1107 688 universa
1126 650 1191 688 illa
1209 650 1305 688 lucri
1323 658 1361 689 et
1379 651 1518 690 favoris
1535 666 1621 703 gra-

182 707 237 745 tia
268 708 454 747 conficit?
502 710 612 747 Anne
640 710 797 747 novistis
824 710 929 760 quod
958 711 1022 760 qui
1042 711 1080 748 in
1107 710 1191 749 aliis
1219 712 1438 751 criminibus
1466 726 1623 753 accura-

183 768 327 806 tissime
353 770 642 819 inquisiverunt,
661 784 748 808 cum
769 784 909 822 magna
936 772 1065 822 quiete
1085 778 1259 821 oporteat
1278 780 1315 809 et
1334 786 1461 811 verum
1481 788 1623 826 expen—

185 828 288 874 dere,
307 830 360 866 ita
392 830 542 880 injustis
570 831 799 882 supplicium
825 832 1069 877 constituere,
1087 831 1125 868 in
1155 832 1315 883 publicis
1334 847 1424 872 vero
1451 842 1490 873 et
1520 837 1624 887 apud

182 901 315 927 omnes
336 903 382 928 ex
408 891 645 929 confessione
669 892 835 942 cognitis
864 892 1137 942 proditionibus
1155 892 1249 931 iram
1273 893 1436 944 primum
1456 896 1622 948 irrogare

181 962 409 1001 poenamque
447 952 481 989 ei
512 952 781 1002 congenitam?
829 952 932 996 Quid
965 953 1064 990 enim
1094 954 1208 992 istum
1239 957 1427 994 universae
1458 958 1621 999 civitatis

182 1014 504 1052 studiosissimum
532 1014 749 1052 vendidisse
784 1027 861 1051 non
887 1014 1174 1061 existimamini,
1206 1016 1361 1067 quando
1388 1030 1456 1056 vos
1493 1026 1536 1057 ut
1563 1021 1624 1071 ju-

181 1080 282 1112 stum
300 1075 406 1112 illum
426 1075 652 1124 fidelemque
673 1075 872 1113 custodem
892 1076 1168 1114 constituistis?
1199 1078 1333 1128 quales
1352 1092 1429 1118 non
1451 1080 1621 1120 triremes

181 1146 229 1171 ex
248 1134 291 1172 iis
323 1148 409 1185 quae
437 1142 527 1173 sunt
552 1136 589 1173 in
613 1136 812 1173 navalibus
839 1136 1080 1186 prodidisse?
1108 1137 1168 1175 vel
1196 1138 1346 1188 qualem
1366 1152 1444 1177 non
1470 1154 1624 1192 prospe-

181 1201 332 1233 cturum
347 1209 550 1241 carcerem,
572 1204 790 1248 sperantem
807 1197 1005 1248 effringere
1025 1205 1064 1235 et
1079 1198 1239 1249 duplum
1259 1208 1507 1251 accepturum
1527 1203 1622 1250 auri,

179 1256 289 1307 cujus
316 1270 417 1295 nunc
438 1264 583 1308 partem
607 1258 782 1309 accepit?
822 1258 940 1303 Nihil,
969 1259 1002 1295 Ο
1023 1259 1103 1304 viri,
1126 1259 1219 1297 nihil
1247 1267 1306 1298 est
1333 1261 1438 1311 quod
1464 1275 1540 1301 non
1559 1264 1624 1302 ille

178 1317 464 1368 perpetraverit.
521 1318 590 1356 Ille
608 1319 708 1356 enim
727 1332 860 1357 aurum
884 1327 1159 1371 argentumque
1180 1334 1249 1372 pro
1268 1322 1411 1373 majore
1431 1325 1534 1375 apud
1553 1338 1622 1365 vos

179 1378 256 1415 fide
280 1378 432 1429 accipit,
452 1392 577 1429 neque
597 1381 708 1418 etiam
737 1381 944 1430 juramenti
972 1394 1042 1419 nec
1063 1382 1307 1433 turpitudinis
1334 1396 1404 1422 nec
1423 1386 1521 1436 aequi
1541 1399 1623 1425 ma-

173 1439 296 1490 jorem
316 1441 499 1478 rationem
519 1441 638 1479 habet
655 1455 769 1491 quam
792 1450 832 1479 ut
851 1443 946 1479 illud
967 1443 1129 1489 auferat,
1147 1444 1211 1481 ille
1232 1445 1480 1495 Munychiam
1500 1460 1622 1498 quan-

181 1508 262 1538 tum
282 1501 331 1539 ad
357 1515 397 1539 se
426 1501 618 1549 divendet‚
646 1510 855 1554 emptorem
878 1503 907 1540 si
934 1504 1109 1554 reperiat,
1137 1504 1200 1542 ille
1225 1512 1363 1544 contra
1379 1519 1446 1545 vos
1471 1508 1624 1559 signnm

178 1563 354 1602 hostibus
370 1567 614 1611 transmittet,
633 1565 698 1603 ille
718 1566 930 1616 pedestrem
950 1567 1255 1618 maritimamque
1271 1571 1476 1618 potentiam
1496 1571 1624 1622 prodi-

178 1624 280 1663 tione
300 1625 455 1663 delebit.

233 1689 269 1724 3.
299 1686 389 1724 Non
408 1686 535 1736 igitur,
554 1687 824 1732 Athenienses,
846 1686 894 1723 de
924 1689 1148 1738 perpetratis
1170 1689 1292 1727 solum
1313 1702 1335 1728 a
1360 1690 1531 1731 Philocle
1551 1694 1623 1732 cri-

178 1747 340 1785 minibus
363 1747 552 1799 judicium
583 1747 728 1785 sactum
756 1749 801 1785 iri
828 1749 1113 1794 existimamini,
1141 1749 1209 1788 sed
1236 1750 1351 1788 etiam
1374 1751 1458 1790 aliis
1483 1753 1621 1802 quibus

178 1809 426 1847 conficiendis
452 1809 514 1847 ille
533 1815 716 1859 tanquam
745 1818 863 1861 caput
882 1810 1047 1860 praefuit.
1104 1810 1154 1848 Et
1173 1811 1247 1848 diis
1274 1812 1431 1862 quidem
1458 1814 1620 1863 gratiam

178 1870 366 1909 habebitis
398 1884 443 1909 eo
473 1870 576 1921 quod
610 1871 703 1908 nihil
733 1871 807 1909 isto
844 1871 1009 1909 deterius
1038 1871 1245 1921 patiemini,
1277 1872 1382 1909 illum
1413 1874 1538 1923 qualis
1572 1875 1622 1914 sit

175 1937 454 1982 cognoscentes
471 1944 480 1968 ε
510 1931 626 1981 digne
644 1931 760 1982 igitur
779 1933 886 1970 vobis
906 1933 997 1984 ipsis
1017 1939 1056 1969 et
1074 1932 1277 1971 facinorosi
1296 1933 1459 1972 hominis
1479 1935 1620 1987 impro-

177 1993 295 2031 bitate
313 1993 349 2030 in
368 1993 495 2044 ipsum
516 1992 823 2037 animadvertite;
855 1995 919 2044 qui
940 2000 995 2031 ter
1015 2000 1211 2044 quaterve,
1226 1993 1492 2041 Athenienses,
1512 1998 1620 2048 equi-

178 2059 258 2092 tum
292 2055 497 2105 praefectus
528 2054 691 2092 virorum
729 2055 990 2105 praestantium
1029 2055 1348 2106 optimorumque,
1381 2056 1619 2107 frequentius

177 2128 265 2153 vero
288 2123 380 2166 puta
400 2116 526 2154 decies
552 2116 630 2153 dux
649 2115 810 2154 militum
828 2129 852 2155 a
870 2116 978 2154 vobis
1007 2116 1254 2164 constitutus,
1274 2117 1455 2168 indignus
1475 2126 1617 2167 tamen,

177 2178 399 2217 ambitiosus
428 2186 466 2217 et
500 2178 652 2217 invidus
681 2185 836 2230 propter
868 2179 970 2218 hanc
996 2193 1083 2230 quae
1113 2180 1216 2231 apud
1246 2193 1316 2218 vos
1354 2187 1414 2219 est
1437 2181 1553 2220 fidem
1580 2190 1619 2221 et

175 2240 434 2280 auctoritatem
459 2240 606 2292 imperii
634 2241 753 2279 nostri
778 2241 1004 2292 dignitatem
1029 2240 1202 2279 vendidit
1226 2241 1484 2292 prodiditque,
1513 2250 1552 2281 et
1578 2244 1616 2282 in

175 2299 251 2338 hoc
275 2300 440 2351 seipsum
467 2301 719 2352 Aristogitoni
744 2301 965 2352 praeposuit,
991 2308 1030 2339 et
1055 2314 1100 2339 ex
1126 2301 1287 2339 militum
1320 2302 1545 2352 imperatore
1577 2303 1615 2340 in

175 2362 446 2400 mercenarium
467 2376 511 2401 ac
541 2363 774 2414 proditorem
794 2363 1051 2414 degeneravit.
1109 2363 1285 2414 Denique
1313 2364 1405 2413 quid
1426 2365 1531 2402 vobis
1548 2378 1615 2403 ne-

175 2425 384 2463 cessarium
403 2433 462 2463 est
486 2434 621 2465 contra
649 2427 868 2478 hujusmodi
895 2426 1085 2464 hominem
1105 2426 1388 2464 contentionem
1410 2427 1614 2472 remittere,

176 2493 215 2525 et
243 2487 405 2536 injustos
432 2487 578 2537 pudore
607 2501 683 2526 non
713 2487 945 2534 suffundere,
977 2489 1040 2539 qui
1068 2488 1158 2525 talia
1187 2495 1320 2526 contra
1346 2501 1413 2526 vos
1442 2489 1614 2540 aliosque

173 2547 295 2586 moliri
313 2561 388 2585 non
407 2548 569 2599 puduit?
616 2549 751 2600 Neque
770 2550 990 2601 hujusmodi
1009 2549 1182 2586 homines
1203 2555 1319 2594 recte,
1340 2549 1614 2596 Athenienses,

174 2609 277 2659 apud
298 2622 363 2648 vos
383 2610 493 2648 venia
513 2610 765 2655 donarentur;
794 2612 967 2649 minime:
999 2611 1064 2648 sed
1085 2610 1148 2659 qui
1165 2623 1187 2648 a
1206 2609 1378 2648 Philocle
1397 2611 1560 2662 decepti,
1581 2612 1613 2650 si

173 2682 287 2721 quam
304 2670 366 2708 ille
387 2671 590 2710 multarum
612 2671 826 2711 divitiarum
855 2672 1016 2722 sumpsit
1043 2671 1295 2708 occasionem.
1354 2672 1396 2708 In
1418 2672 1555 2721 quibus
1574 2680 1614 2712 et

173 2731 278 2770 sinus
297 2731 410 2769 maris
429 2738 468 2770 et
489 2733 676 2771 maritima
697 2740 786 2770 sunt
805 2733 915 2770 litora
941 2732 1179 2781 navaliaque,
1205 2745 1291 2781 quae
1310 2732 1472 2782 majores
1492 2735 1611 2772 nostri

173 2798 437 2842 comparantes
462 2793 566 2831 vobis
589 2794 834 2844 reliquerunt.
893 2794 1061 2836 Quorum
1081 2806 1162 2837 vos,
1189 2793 1455 2840 Athenienses,
1483 2807 1609 2834 recor-

174 2854 310 2892 dantes
329 2852 429 2890 circa
442 2853 522 2903 jam
538 2853 615 2892 lata
629 2868 651 2892 a
665 2855 826 2893 concilio
841 2854 1061 2906 praejudicia
1074 2853 1208 2904 frigide
1229 2866 1342 2905 agere
1360 2869 1435 2893 non
1449 2864 1610 2907 oportet,

175 2915 242 2953 sed
264 2921 522 2953 consentanee
541 2906 592 2954 'iis
610 2928 695 2966 quae
722 2917 799 2966 jam
821 2925 934 2954 antea
955 2915 1130 2965 judicata
1156 2922 1266 2954 suut:
1299 2922 1408 2967 turpe
1429 2917 1527 2956 enim
1553 2926 1613 2957 est
