1870 3277
600 194 673 232 DE
704 191 1173 232 PERMUTATIONE.
1547 189 1623 226 199

155 299 288 339 ctrinae
304 311 444 350 genere
459 309 640 345 versarer,
656 309 704 335 ne
721 296 773 335 sic
790 295 896 334 velut
914 294 1063 333 indicta
1082 306 1203 332 causa
1220 305 1280 331 me
1296 290 1471 330 damnari
1488 291 1624 330 talium

154 361 353 401 criminum
375 361 553 406 sinerem,
578 371 650 397 nec
669 361 728 408 (ut
748 356 864 396 modo
885 357 1047 403 factum)
1069 356 1106 394 in
1125 355 1402 393 maledicorum
1430 359 1627 404 potestate

152 435 291 462 essem.
349 423 449 465 Quae
470 434 587 473 quum
611 421 736 459 animo
757 419 957 470 agitarem,
979 431 1039 456 me
1059 430 1139 456 non
1156 417 1232 456 alia
1251 416 1397 454 ratione
1418 415 1568 454 facilius
1583 414 1624 452 id

154 491 423 522 assecuturum
445 481 713 526 animadverti,
741 493 857 531 quam
885 480 916 519 si
936 481 1057 519 oratio
1085 487 1269 531 tanquam
1295 478 1424 528 imago
1444 477 1559 515 animi
1587 483 1627 516 et

152 546 270 584 totius
286 545 374 584 vitae
394 558 489 583 meae
510 543 766 583 scriberetur:
797 555 865 593 per
885 556 970 580 eam
992 543 1094 581 enim
1114 555 1204 594 spes
1225 547 1308 580 erat
1327 552 1434 578 meas
1455 539 1625 578 rationes

155 607 319 645 maxime
348 607 547 658 cognitum
570 605 627 652 iri,
658 611 698 642 et
722 617 807 642 eam
836 604 961 656 ipsam
988 606 1106 659 longe
1133 604 1306 657 pulcrius
1331 609 1626 642 monumentum

154 669 229 707 mei
250 669 425 706 relictum
443 668 486 705 iri
506 679 624 718 quam
642 678 744 703 aerea
764 665 938 704 donaria.

205 733 243 768 4.
274 730 332 768 Ac
354 730 386 767 si
416 742 477 766 me
505 727 663 779 quidem
697 727 857 765 laudare
877 727 1033 771 vellem,
1066 727 1278 765 sentiebam
1311 739 1384 764 nec
1411 724 1541 764 omnia
1566 735 1626 761 me

152 793 357 844 complecti
386 805 502 844 posse
529 788 618 842 quae
644 790 919 836 decrevissem,
947 803 1019 828 nec
1047 803 1136 828 cum
1164 790 1288 841 gratia
1319 789 1368 827 de
1399 789 1445 827 iis
1474 794 1514 826 et
1545 787 1627 826 sine

154 855 297 893 invidia
324 867 441 906 posse
471 854 623 892 dicere:
654 853 685 891 si
706 859 835 891 autem
863 865 923 891 me
944 852 982 890 in
1002 852 1193 903 judicium
1215 864 1302 890 esse
1322 858 1502 890 vocatum
1530 858 1569 888 et
1589 849 1627 887 in

152 917 357 958 discrimen
378 915 590 954 adductum
610 927 810 966 ponerem,
832 921 871 964 et
892 913 957 966 qui
978 913 1070 952 mihi
1091 913 1220 951 dicam
1240 913 1466 964 impegisset
1493 925 1538 951 ac
1557 925 1627 949 ne-

155 979 300 1030 gotium
313 979 524 1017 facesseret
536 990 621 1016 esse
637 976 973 1022 calumniatorem,
989 975 1227 1028 quiquidem
1241 975 1285 1013 iis
1299 973 1629 1014 criminationibus

156 1046 328 1078 uteretur
349 1052 446 1090 quas
473 1040 510 1076 in
531 1038 680 1090 judicio
710 1037 1006 1089 permutationis
1025 1036 1235 1082 attulisset,
1261 1048 1323 1074 me
1351 1042 1481 1074 autem
1510 1035 1628 1073 verba

154 1101 281 1140 facere
311 1114 377 1153 per
405 1101 574 1152 speciem
602 1099 853 1146 defensionis,
882 1100 938 1138 sic
968 1099 1061 1136 mihi
1086 1098 1242 1137 demum
1270 1097 1496 1149 praeclaram
1519 1109 1630 1136 occa-

155 1162 301 1201 sionem
319 1162 450 1200 datum
466 1161 510 1199 iri
529 1161 577 1199 de
598 1161 712 1199 rebus
734 1161 910 1199 omnibus
927 1160 1113 1198 arbitratu
1133 1172 1221 1197 meo
1238 1158 1467 1197 disserendi.

208 1226 246 1261 5.
277 1224 375 1261 Haec
397 1223 514 1273 igitur
532 1223 661 1261 animo
676 1223 828 1273 agitans
849 1221 950 1260 hanc
966 1222 1179 1259 orationem
1196 1220 1347 1270 scripsi,
1368 1232 1446 1257 non
1466 1220 1628 1258 florente

155 1294 284 1333 aetate,
299 1286 367 1324 sed
382 1293 496 1323 natus
515 1298 637 1323 annos
654 1286 752 1322 duos
774 1291 813 1322 et
834 1284 1046 1334 octoginta.
1104 1284 1353 1334 Quapropter
1366 1282 1479 1320 venia
1499 1281 1632 1320 danda

155 1348 238 1393 erit,
260 1347 290 1385 si
320 1346 424 1398 prius
445 1359 467 1384 a
498 1359 559 1384 me
579 1345 692 1384 editis
715 1345 866 1382 mollior
892 1357 978 1382 esse
998 1343 1205 1382 videbitur.
1263 1342 1348 1381 Nec
1378 1343 1480 1380 enim
1507 1342 1630 1380 facilis

153 1408 227 1447 fuit
256 1421 383 1459 neque
415 1407 593 1459 simplex,
624 1406 690 1445 sed
724 1406 889 1444 multum
922 1405 1065 1444 laboris
1098 1404 1321 1455 variamque
1359 1405 1629 1443 tractationem

154 1470 374 1522 postulavit.
433 1469 535 1507 Nam
555 1481 643 1520 quae
664 1468 728 1506 hic
749 1468 894 1521 scripta
914 1474 1004 1505 sunt
1029 1467 1168 1519 partim
1189 1466 1227 1504 in
1254 1466 1413 1517 judiciis
1430 1467 1506 1505 dici
1526 1479 1631 1505 com-

155 1532 270 1570 mode
290 1537 453 1583 queunt,
473 1531 610 1582 partim
633 1530 683 1568 ad
703 1529 796 1568 talia
819 1529 1030 1568 certamina
1054 1542 1130 1567 non
1158 1528 1366 1580 quadrant,
1388 1528 1458 1567 sed
1478 1527 1525 1566 de
1545 1528 1631 1580 phi-

155 1593 332 1644 losophia
356 1593 475 1630 libere
509 1592 614 1630 dicta
640 1592 713 1629 vim
748 1591 831 1643 ejus
862 1590 1104 1629 ostendunt:
1132 1596 1193 1629 est
1219 1589 1334 1628 etiam
1363 1589 1444 1628 tale
1470 1589 1632 1641 aliquid,

157 1655 263 1706 quod
286 1653 596 1693 adolescentibus
618 1653 912 1705 disciplinarum
940 1659 980 1691 et
1007 1651 1233 1691 eruditionis
1259 1651 1410 1703 cupidis
1438 1651 1631 1690 audivisse

157 1717 366 1764 conducat,
395 1716 517 1754 multa
544 1729 699 1767 quoque
729 1715 819 1753 olim
849 1728 871 1753 a
900 1728 960 1753 me
989 1714 1131 1765 scripta
1158 1713 1301 1752 inserta
1337 1720 1427 1751 sunt
1453 1714 1514 1752 his
1543 1726 1630 1764 quae

157 1792 261 1817 nunc
281 1778 464 1817 dicuntur
486 1790 563 1816 non
585 1784 730 1816 temere
750 1789 822 1815 nec
843 1776 1126 1828 intempestive,
1143 1775 1210 1813 sed
1232 1774 1410 1813 instituto
1431 1787 1517 1813 meo
1536 1787 1629 1813 con-

155 1841 365 1880 venienter.
423 1841 589 1878 Tantam
622 1837 739 1890 igitur
771 1838 954 1877 orationis
983 1837 1244 1890 prolixitatem
1280 1837 1468 1883 contueri,
1502 1843 1542 1875 et
1573 1843 1632 1876 tot

155 1903 299 1943 formas
332 1903 511 1954 adeoque
544 1902 646 1940 inter
675 1915 717 1940 se
749 1901 942 1940 distantes
974 1901 1211 1952 conjungere
1245 1907 1286 1939 et
1318 1901 1558 1946 contrahere,
1594 1906 1632 1938 et

156 1972 364 2017 sequentes
381 1964 622 2016 antegressis
654 1963 854 2014 adaptare,
876 1969 994 2014 atque
1016 1962 1166 2001 efficere
1185 1969 1230 2000 ut
1255 1963 1354 2001 inter
1375 1975 1416 2002 se
1438 1963 1631 2001 universae

155 2027 428 2073 consentirent,
444 2039 522 2065 non
543 2025 650 2077 parvi
671 2025 828 2063 omnino
848 2024 992 2063 laboris
1016 2023 1103 2062 fuit.
1159 2024 1306 2063 Tamen
1327 2037 1404 2063 non
1430 2024 1572 2071 destiti,
1593 2031 1633 2063 et

157 2090 188 2127 si
209 2089 308 2127 adeo
324 2095 418 2126 natu
435 2087 603 2139 grandis,
626 2087 849 2138 priusquam
872 2099 957 2124 eam
976 2085 1246 2133 absolvissem,
1262 2087 1505 2126 verissimam
1525 2086 1630 2125 illam

155 2151 313 2190 omnino
333 2150 503 2201 quidem,
525 2149 594 2188 sed
615 2156 758 2188 caetera
774 2149 890 2187 talem
913 2148 1039 2199 qualis
1061 2148 1253 2187 videbitur
1275 2148 1537 2187 audientibus.

210 2215 249 2252 6.
281 2213 485 2265 Oportebit
499 2219 629 2251 autem
650 2212 765 2250 etiam
783 2211 869 2250 illos
885 2211 951 2262 qui
967 2223 1051 2249 eam
1068 2210 1203 2262 legent
1222 2217 1288 2249 aut
1304 2211 1537 2257 recitabunt,
1554 2212 1631 2262 pri-

157 2288 260 2313 mum
283 2275 393 2326 quasi
423 2275 544 2313 mixta
565 2275 613 2312 sit
633 2274 756 2313 oratio
777 2280 817 2311 et
837 2273 886 2311 ad
906 2272 991 2310 haec
1013 2278 1242 2323 argumenta
1262 2272 1393 2310 omnia
1413 2284 1633 2310 accommo-

157 2338 249 2377 data
263 2338 318 2376 sic
335 2337 569 2383 auscultare,
583 2335 724 2374 deinde
740 2334 955 2374 studiosius
972 2333 1170 2372 advertere
1183 2333 1277 2385 quid
1292 2332 1502 2371 dicendum
1517 2340 1633 2371 restet

158 2412 276 2451 quam
294 2399 388 2449 quid
409 2404 497 2436 ante
519 2398 569 2435 sit
587 2397 750 2442 dictum,
772 2403 960 2447 praeterea
979 2408 1057 2433 non
1084 2395 1123 2432 id
1147 2407 1263 2446 agere
1282 2402 1326 2433 ut
1345 2395 1465 2446 primo
1486 2395 1631 2445 impetu

158 2469 279 2502 totam
294 2461 508 2513 perlegant,
527 2459 598 2498 sed
613 2465 761 2497 tantam
781 2459 864 2510 ejus
880 2464 1027 2509 partem
1047 2470 1135 2508 quae
1155 2457 1395 2496 auditoribus
1416 2456 1633 2495 molestiam

159 2539 236 2565 non
258 2526 392 2577 pariat.
450 2523 550 2561 Nam
567 2523 625 2561 bis
641 2521 866 2568 observatis,
882 2521 1024 2559 rectius
1039 2519 1279 2571 perspicietis
1297 2532 1345 2558 an
1366 2519 1511 2569 aliquid
1529 2519 1634 2558 dixe-

160 2588 276 2627 rimus
296 2594 429 2626 nostra
448 2584 730 2624 existimatione
751 2583 927 2634 dignum.

215 2652 253 2687 7.
284 2649 334 2687 Et
346 2649 535 2686 haetenus
550 2646 706 2699 quidem
720 2645 963 2696 praefandum
976 2643 1067 2681 fuit:
1100 2655 1205 2681 nunc
1219 2649 1348 2681 autem
1366 2641 1633 2682 defensionem

161 2711 292 2764 legite,
306 2724 394 2762 quae
407 2710 562 2762 quidem
576 2708 733 2761 fingitur
749 2707 797 2746 de
811 2707 960 2759 judicio
978 2718 1064 2743 esse
1081 2705 1237 2756 scripta,
1254 2704 1321 2742 sed
1338 2704 1376 2742 id
1393 2705 1633 2756 propositum

161 2773 278 2811 habet
297 2780 340 2810 ut
369 2779 408 2811 et
427 2772 629 2811 veritatem
655 2771 702 2809 de
731 2783 793 2808 me
824 2768 1005 2808 ostendat
1033 2774 1071 2805 et
1100 2767 1322 2817 ignorantes
1351 2766 1503 2814 doceat,
1529 2774 1568 2806 et
1595 2768 1634 2807 id

163 2835 306 2874 efficiat
331 2841 374 2872 ut
405 2835 470 2886 qui
500 2834 611 2873 nobis
641 2833 814 2872 invident
846 2831 972 2882 magis
1000 2829 1115 2868 etiam
1148 2841 1194 2867 eo
1223 2829 1358 2868 morbo
1385 2830 1631 2869 crucientur:

163 2897 321 2949 gravius
340 2897 440 2934 enim
460 2897 515 2936 eis
532 2896 763 2948 supplicium
784 2895 951 2946 irrogare
972 2904 1048 2930 non
1070 2903 1244 2943 possum.

218 2962 254 2997 8.
286 2958 367 2997 Eos
389 2971 464 3008 ego
486 2957 790 3010 improbissimos
812 2954 981 2995 omnium
1000 2960 1038 2992 et
1057 2952 1226 2993 maxima
1252 2965 1366 3005 poena
1386 2952 1528 3005 dignos
1549 2965 1633 2992 esse
