1870 3277
618 508 1151 599 Iso'CRATIS

435 699 558 746 AD
643 698 1335 746 DEMONICUM

672 837 1098 875 ADMONITORIA.

821 947 950 954 ———

213 1022 245 1056 l.
276 1021 413 1062 QUUM
441 1021 587 1066 multis,
617 1021 844 1066 Demonice,
871 1021 907 1058 in
935 1021 1048 1058 rebus
1078 1019 1241 1057 multum
1271 1020 1457 1057 interesse
1485 1018 1617 1055 videas

155 1081 471 1119 interbonorum
504 1083 670 1120 rationes
703 1089 742 1120 et
771 1082 1033 1132 improborum
1059 1081 1342 1131 cogitationes:
1374 1087 1454 1117 tum
1491 1079 1529 1116 in
1561 1079 1619 1116 fa-

155 1141 435 1179 miliaritatibus
456 1142 573 1191 longe
594 1142 803 1178 maximum
825 1142 1033 1178 discrimen
1052 1141 1210 1178 habent.
1267 1141 1369 1177 Nam
1395 1139 1503 1177 alteri
1523 1139 1618 1176 ami-

155 1214 236 1248 cos,
251 1202 342 1239 dum
360 1202 502 1239 adsunt
518 1209 683 1248 tantum,
699 1202 857 1245 colunt;
890 1202 999 1239 alteri
1017 1202 1132 1238 etiam
1145 1201 1261 1250 longe
1277 1208 1444 1238 remotos
1460 1204 1616 1238 amant:

155 1274 200 1299 ac
230 1262 492 1313 improborum
524 1263 681 1312 quidem
709 1262 1018 1300 necessitudines
1050 1262 1168 1312 paulo
1202 1267 1398 1298 momento
1430 1267 1618 1310 pereunt3

154 1323 344 1360 bonorum
375 1329 503 1360 autem
544 1323 738 1362 amicitias.
766 1323 874 1360 nulla
904 1323 1088 1373 temporis
1123 1321 1385 1372 longinquitas
1418 1320 1619 1358 deleverit.

156 1383 285 1426 Quum
308 1383 422 1433 igitur
439 1384 485 1421 iis
506 1383 572 1433 qui
591 1384 751 1433 gloriam
773 1389 997 1435 expeterent
1016 1390 1056 1421 et
1075 1383 1298 1421 liberalibus
1319 1382 1464 1420 artibus
1486 1381 1621 1419 stude—

154 1444 392 1489 rent‚·bonos
413 1451 451 1481 et
470 1457 547 1481 non
572 1444 765 1494 improbos
796 1444 1002 1483 imitandos
1032 1457 1247 1488 censerem,
1275 1444 1379 1482 hanc
1407 1444 1620 1481 orationem

156 1504 258 1542 dono
279 1504 344 1541 tibi
372 1505 471 1551 misi,
490 1518 577 1555 quae
604 1512 643 1543 et
667 1505 948 1544 benevolentiae
976 1513 1120 1543 nostrae
1150 1505 1290 1556 pignus
1320 1512 1437 1551 esset,
1459 1511 1498 1542 et
1523 1517 1621 1542 meae

155 1578 242 1602 cum
264 1565 481 1616 Hipponico
500 1565 766 1604 familiaritatis
787 1566 953 1617 signum.
1013 1568 1067 1604 Ut
1087 1567 1189 1604 enim
1210 1567 1263 1604 rei
1282 1566 1480 1604 familiaris
1508 1567 1564 1605 sic
1583 1573 1623 1604 et

155 1626 333 1664 amicitiae
353 1633 524 1677 paternae
543 1627 672 1665 liberis
692 1628 882 1678 capienda
900 1635 959 1666 est
977 1628 1188 1667 hereditas.

209 1689 247 1724 2.
277 1688 334 1725 Ac
365 1689 474 1726 nobis
509 1695 547 1726 et
574 1688 767 1726 fortunam
801 1689 1001 1739 suffragari
1033 1697 1072 1727 et
1103 1689 1230 1740 ipsum
1266 1695 1414 1740 tempus
1440 1689 1621 1741 opitulari

155 1749 294 1786 video:
328 1762 412 1787 nam
433 1756 471 1787 et
490 1757 528 1786 tu
550 1750 694 1788 erudiri
713 1750 836 1801 cupis,
858 1757 896 1787 et
916 1763 988 1802 ego
1009 1751 1047 1788 in
1070 1751 1154 1789 aliis
1186 1751 1407 1789 erudiendis
1437 1750 1620 1796 elabor0;

157 1816 200 1846 tu
222 1809 377 1859 quidem
408 1810 446 1845 in
472 1822 518 1846 eo
547 1810 671 1847 aetatis
700 1811 794 1848 flore
823 1824 865 1848 es
893 1818 936 1848 ut
964 1811 1082 1849 literis
1112 1811 1287 1856 studeas,
1319 1824 1393 1862 ego
1421 1811 1622 1848 literarum

160 1869 340 1907 studiosis
373 1870 473 1907 viam
508 1877 780 1908 commonstro.
853 1872 936 1908 Etsi
970 1879 1100 1910 autem
1135 1873 1158 1909 ii
1192 1874 1257 1923 qui
1291 1873 1341 1911 ad
1376 1873 1519 1910 amicos
1553 1884 1620 1909 ex-

154 1931 390 1968 hortationes
424 1931 610 1976 scribunt,
640 1944 720 1968 rem
749 1938 852 1969 certe
882 1932 1107 1981 praeclaram
1137 1933 1366 1982 suscipiunt,
1397 1945 1475 1969 non
1503 1933 1544 1969 in
1573 1945 1621 1969 eo

154 1997 282 2029 tamen
311 1998 512 2029 versantur
546 1991 653 2040 quod
683 1998 743 2029 est
776 1992 815 2028 in
846 1992 1044 2041 sapientiae
1072 1991 1198 2029 studio
1227 1991 1619 2042 praestantissimum;

156 2052 223 2101 qui
242 2065 331 2089 vero
362 2051 676 2088 adolescentibus
707 2051 866 2089 tradunt
895 2064 940 2088 ea
966 2065 1044 2089 non
1071 2065 1158 2102 quae
1185 2052 1223 2089 in
1254 2051 1409 2089 dicendi
1438 2052 1623 2090 exercita-

155 2114 259 2151 tione
278 2120 316 2150 et
336 2112 501 2150 oratoria
520 2113 704 2150 facultate
734 2126 800 2150 eos
829 2120 984 2159 acuant,
1011 2113 1080 2151 sed
1108 2126 1196 2163 quae
1225 2113 1274 2151 ad
1302 2113 1478 2151 naturale
1499 2114 1621 2152 decus

154 2173 367 2212 honestatis
387 2173 643 2220 conforment,
672 2187 718 2211 eo
750 2174 836 2225 plus
863 2188 978 2224 quam
1010 2174 1063 2211 illi
1091 2175 1241 2212 fructus
1272 2174 1438 2212 afferunt
1467 2175 1622 2213 audito-

153 2234 273 2279 ribus,
290 2234 410 2284 quod,
432 2242 474 2271 ut
494 2234 604 2278 alteri
625 2234 674 2272 ad
694 2235 947 2273 eruditionem
970 2236 1174 2274 verborum
1195 2236 1385 2274 duntaxat
1405 2236 1621 2283 hortantur,

154 2294 208 2331 sic
230 2294 338 2333 alteri
367 2294 483 2332 etiam
515 2307 640 2333 mores
673 2309 804 2333 eorum
837 2297 1046 2348 corrigunt.
1104 2297 1188 2335 Nos
1217 2297 1345 2348 igitur,
1367 2310 1445 2335 non
1468 2306 1622 2349 arrepta

155 2356 384 2400 hortatione,
407 2356 475 2394 sed
495 2357 713 2407 conscripta
736 2358 1008 2408 praeceptione,
1037 2358 1102 2396 tibi
1130 2359 1344 2397 consulturi
1364 2372 1512 2406 sumus,
1531 2373 1619 2410 quae

155 2430 214 2455 res
234 2417 542 2455 adolescentibus
569 2418 796 2468 expetendae
817 2432 980 2470 quaeque
1010 2419 1114 2457 facta
1144 2420 1330 2470 fugienda
1352 2420 1443 2465 sint,
1463 2426 1504 2458 et
1522 2433 1620 2470 quo-

157 2490 239 2513 rum
258 2478 454 2514 hominum
474 2478 760 2519 consuetudine
790 2480 859 2526 uti,
880 2487 919 2517 et
944 2492 1021 2529 quo
1048 2487 1162 2530 pacto
1181 2480 1298 2518 vitam
1324 2481 1523 2519 instituere
1549 2481 1619 2519 de-

156 2538 286 2580 beant.
346 2538 461 2583 Nam,
481 2538 650 2587 qui-hoc
678 2540 768 2576 vitae
796 2541 909 2590 quasi
936 2541 1006 2578 iter
1035 2541 1197 2591 ingressi
1227 2548 1332 2585 suut,
1361 2541 1399 2578 bi
1426 2542 1498 2579 soli
1517 2555 1620 2580 verae

156 2599 304 2636 virtutis
325 2606 523 2649 compotes
545 2599 625 2637 fieri
646 2607 877 2650 potuerunt;
908 2614 984 2651 qua
1004 2602 1110 2639 nulla
1128 2601 1326 2652 possessio
1347 2615 1474 2652 neque
1495 2603 1621 2653 splen-

158 2658 283 2696 didior
314 2666 372 2696 est
403 2671 525 2708 neque
551 2661 802 2698 constantior.
861 2661 962 2699 Nam
984 2662 1107 2700 forma
1127 2662 1284 2711 quidem
1303 2669 1371 2700 aut
1391 2669 1506 2700 aetate
1527 2676 1620 2701 con·

157 2720 316 2758 sumitur
348 2728 416 2757 aut
446 2721 579 2758 morbo
612 2721 855 2759 deflorescit:
886 2721 1029 2760 divitiae
1048 2735 1138 2760 vero
1158 2722 1335 2761 vitiorum
1358 2725 1478 2774 magis
1501 2737 1622 2774 quam

157 2780 308 2817 virtutis
331 2780 512 2818 ministrae
534 2787 639 2827 sunt,
657 2794 746 2820 cum
765 2783 871 2833 quod
891 2783 1054 2834 ignaviae
1085 2783 1306 2822 facultatem
1339 2784 1518 2833 offerunt,
1537 2792 1620 2822 tum

158 2840 264 2890 quod
283 2841 552 2880 adolescentes
573 2842 622 2879 ad
638 2843 858 2895 voluptates
879 2844 1052 2882 invitant.
1109 2844 1198 2882 Jam
1218 2845 1318 2882 vires
1339 2845 1510 2895 corporis
1532 2858 1620 2882 cum

160 2899 363 2950 prudentia
382 2905 598 2950 conjunctae
616 2917 710 2942 sane
727 2912 903 2956 prosunt,
919 2905 994 2958 *sed
1015 2905 1094 2944 sine
1113 2905 1187 2944 hac
1208 2905 1295 2956 plus
1312 2906 1357 2944 iis
1370 2906 1462 2956 ipsis
1477 2913 1623 2945 nocent

870 2978 892 3001 Β
