1870 3277
248 182 324 217 478
847 183 1082 222 LYCURGI

245 276 307 320 ille
328 281 616 333 ignominiosam
639 283 825 322 reddidit:
855 286 939 323 talis
959 288 1057 324 enim
1079 286 1142 324 filii
1165 294 1270 336 pater
1289 288 1511 338 appellatur.
1570 289 1680 326 Hanc

244 342 292 379 ob
312 355 388 379 rem
409 355 482 380 non
503 356 635 394 parum
657 345 761 382 multi
785 355 1032 385 accesserunt
1052 360 1125 396 me,
1139 347 1302 398 judices,
1324 349 1597 400 interrogantes
1616 363 1682 388 cur

244 402 355 441 etiam
376 403 500 441 isthuc
521 417 596 442 non
617 405 871 455 inscripserim
892 409 1138 452 accusationi,
1160 409 1261 459 quod
1281 410 1455 446 nimirum
1478 409 1682 460 prodiderit

245 463 446 514 imaginem
466 466 584 515 patris
606 466 676 511 sui,
696 467 731 503 in
753 467 859 505 Jovis
881 468 1088 507 Servatoris
1110 470 1271 507 delubro
1291 479 1565 508 consecratam.
1597 471 1682 521 Ego

245 537 348 571 vero,
365 526 447 571 viri,
468 526 568 564 haud
592 527 812 577 ignorabam
834 528 906 566 hoc
927 529 1108 569 delictum
1129 531 1208 582 ejus
1228 531 1385 582 dignum
1412 534 1576 569 maximo
1596 545 1683 582 sup-

244 588 368 637 plicio,
390 589 456 626 sed
483 602 557 627 non
577 590 757 640 putabam
779 598 965 640 oportere,
985 605 1100 641 quum
1133 593 1254 643 ipsum
1286 592 1509 643 proditionis
1529 592 1681 630 nomine

236 650 384 701 judicio
405 652 550 696 sistam,
569 665 705 689 nomen
726 652 831 690 Jovis
853 654 1063 692 Servatoris
1084 655 1288 693 inscribere
1308 656 1554 693 accusationi.
1598 656 1678 692 Ob-

244 712 369 762 stupui
391 719 517 750 autem
536 713 776 752 veliementer
795 727 909 764 super
929 714 984 761 iis,
997 716 1061 766 qui
1083 729 1204 766 neque
1221 729 1358 767 genere
1376 729 1499 766 neque
1518 716 1682 754 amicitia

240 772 312 823 ipsi
332 773 524 824 conjuncti
544 782 645 819 sunt,
660 788 726 825 pro
740 775 915 813 mercede
937 783 1061 813 autem
1077 778 1256 815 conducti
1274 778 1529 816 defensionem
1547 785 1682 828 parant

240 848 389 886 semper
408 836 492 881 reis,
514 836 546 873 si
566 837 741 886 ignorent
761 850 828 874 vos
844 845 1010 875 extrema
1031 850 1122 887 erga
1150 839 1251 887 ipsos
1271 839 1532 889 indignatione
1548 839 1681 889 justis-

242 896 333 934 sime
352 898 595 934 commoveri.
629 897 741 942 Nam,
761 898 864 948 quod
882 911 949 948 pro
963 898 1169 936 sceleribus
1189 899 1449 936 defensionem
1469 900 1682 945 instituunt,

240 964 502 1007 argumentum
525 965 597 1001 est,
619 958 723 1007 quod
743 966 780 996 et
799 965 1100 1008 perpetratorum
1122 959 1308 997 scelerum
1330 960 1379 996 illi
1396 960 1467 1010 ipsi
1487 959 1577 996 socii
1597 973 1681 997 esse

239 1018 369 1056 velint.
427 1018 515 1056 Non
534 1019 631 1055 enim
650 1026 782 1056 contra
797 1032 864 1056 vos
879 1032 1031 1070 gravem
1051 1032 1136 1057 esse
1155 1021 1334 1071 oportuit,
1354 1020 1421 1058 sed
1437 1033 1503 1071 pro
1520 1021 1625 1058 vobis
1644 1028 1683 1058 et

239 1079 386 1129 legibus
416 1085 453 1116 et
479 1086 581 1116 statu
609 1080 754 1130 reipub.
775 1080 961 1131 populari.
1017 1083 1067 1118 At
1094 1094 1180 1119 vero
1207 1081 1379 1119 nonnulli
1406 1094 1479 1119 non
1511 1083 1681 1120 oratione

239 1148 304 1179 aut
325 1142 448 1178 verbis
466 1154 533 1180 vos
550 1142 726 1192 decipere
741 1150 931 1192 quaerunt,
947 1143 1011 1180 sed
1029 1144 1076 1180 ob
1091 1144 1211 1180 suain
1227 1145 1399 1195 rempub.
1417 1143 1542 1182 officia
1557 1157 1638 1183 reos
1659 1158 1682 1182 a

238 1202 343 1240 vobis
365 1202 501 1239 dimitti
522 1203 591 1240 sibi
613 1203 864 1241 contendent:
895 1205 944 1241 ob
959 1217 1044 1254 quae
1059 1203 1132 1241 illis
1148 1218 1220 1255 ego
1236 1205 1440 1256 plurimum
1459 1218 1681 1244 succenseo.

239 1264 338 1301 Nam
359 1276 446 1301 cum
465 1276 594 1301 eorum
623 1264 827 1302 officiorum
856 1265 1022 1302 fructum
1044 1265 1215 1315 privatim
1245 1265 1401 1304 domum
1420 1266 1595 1312 retulere,
1614 1280 1681 1317 pu-

237 1325 354 1363 blicas
369 1324 510 1375 gratias
532 1338 554 1362 a
572 1326 678 1363 vobis
699 1333 917 1376 reposcunt.
975 1326 1065 1363 Non
1085 1327 1196 1370 enim,
1218 1326 1249 1364 si
1265 1327 1348 1378 quis
1365 1340 1485 1378 equos
1501 1327 1595 1365 aluit
1615 1335 1681 1366 aut

238 1393 430 1438 sumptum
450 1386 541 1424 fecit
559 1386 597 1423 in
618 1386 729 1425 ludos
751 1387 924 1425 scenicos
944 1388 1125 1438 praeclare
1145 1388 1266 1425 autin
1287 1388 1360 1426 alia
1385 1401 1462 1426 non
1483 1388 1680 1427 dissimilia

235 1448 439 1499 quicquam
455 1448 651 1499 impendit,
668 1448 806 1498 dignus
823 1456 881 1486 est
903 1448 968 1486 tali
988 1455 1170 1500 tantaque
1186 1462 1207 1486 a
1223 1450 1327 1487 vobis
1348 1450 1470 1499 gratia
1489 1450 1612 1488 ornari
1630 1473 1681 1478 —

237 1512 286 1548 ob
305 1510 491 1562 ejusmodi
508 1510 606 1548 enim
621 1510 828 1548 ministeria
847 1523 916 1548 sua
933 1510 1037 1549 solus
1050 1511 1129 1562 ipse
1143 1519 1360 1557 coronatur,
1375 1511 1457 1548 aliis
1470 1511 1562 1548 nihil
1579 1525 1681 1550 com-

236 1572 397 1610 modans
417 1594 481 1617 —-,
502 1571 583 1617 sed,
605 1571 635 1608 si
654 1572 856 1621 quisquam
878 1572 1082 1609 triremium
1108 1573 1373 1623 praefecturam
1395 1572 1591 1623 splendide
1611 1574 1679 1611 ad-

236 1633 459 1670 ministravit
478 1639 543 1670 aut
564 1632 701 1669 moenia
719 1632 851 1683 patriae
871 1632 1031 1670 firmavit
1045 1640 1109 1670 aut
1125 1633 1162 1670 in
1178 1633 1369 1684 publica-m
1390 1633 1549 1671 salutem
1566 1647 1588 1671 a
1602 1635 1680 1673 suis

236 1694 481 1732 facultatibus
503 1693 708 1745 quicquam
736 1693 940 1731 liberaliter
966 1694 1147 1732 contulit:
1176 1694 1260 1731 haec
1289 1696 1387 1732 enim
1415 1694 1451 1732 in
1480 1708 1680 1734 commune

234 1756 350 1794 vestri
370 1756 538 1794 omnium
559 1756 856 1793 emolumentum
878 1763 1051 1806 vergunt.
1107 1757 1233 1807 Atque
1255 1756 1290 1793 in
1309 1756 1367 1794 his
1387 1756 1515 1794 videre
1535 1764 1591 1794 est
1607 1759 1679 1794 vir-

234 1827 355 1857 tutem
374 1833 502 1858 eorum
523 1820 587 1869 qui
615 1819 888 1870 impertierunt,
918 1818 955 1855 in
983 1818 1055 1856 illis
1087 1826 1212 1856 autem
1239 1819 1388 1868 copiam
1415 1819 1680 1857 tantummodo

235 1895 311 1932 qua
330 1882 367 1918 in
389 1880 573 1918 faciendis
595 1880 808 1931 sumptibus
828 1880 1095 1917 exuberarunt.
1151 1880 1326 1917 Arbitror
1343 1887 1467 1917 autem
1490 1881 1678 1918 neminem

234 1942 331 1980 adeo
349 1942 494 1992 ingenti
513 1941 697 1979 beneficio
717 1942 846 1978 urbem
866 1939 1052 1986 affecisse,
1072 1948 1114 1978 ut
1141 1940 1240 1978 hanc
1262 1940 1435 1978 eximiam
1453 1948 1556 1991 petat
1576 1942 1677 1979 acci-

233 2015 324 2054 pere
344 2004 502 2054 gratiam
522 2015 544 2040 a
560 2003 680 2048 vobis,
698 2002 841 2040 scilicet
858 2009 900 2039 ut
915 2015 1028 2053 poena
1044 2000 1296 2052 proditoribus
1312 2002 1535 2047 remittatur,
1553 2015 1676 2053 neque

234 2077 451 2115 quenquam
468 2064 565 2102 adeo
580 2077 663 2102 esse
684 2063 898 2101 dementem
921 2070 963 2100 ut
976 2062 1131 2114 gloriam
1153 2063 1254 2100 urbis
1274 2063 1428 2108 ambiat,
1448 2063 1536 2101 huic
1551 2072 1675 2101 autem

235 2139 344 2176 opem
364 2126 460 2163 ferat
479 2126 541 2176 qui
562 2125 677 2176 ipsius
697 2126 856 2176 primum
878 2124 1067 2162 celebrem
1095 2123 1338 2161 ambitionem
1365 2131 1404 2161 et
1432 2124 1589 2175 gloriam
1609 2125 1676 2162 ob-

237 2187 424 2225 scuravit:
457 2187 526 2223 nisi
548 2187 694 2224 medius
714 2186 824 2224 fidius
843 2199 918 2223 non
939 2185 1071 2223 eadem
1088 2193 1126 2223 et
1145 2186 1275 2235 patriae
1297 2192 1334 2223 et
1348 2186 1450 2224 hisce
1471 2186 1545 2224 sint
1560 2186 1678 2224 utilia.

287 2251 350 2287 36.
382 2248 595 2299 Oportebat
613 2247 752 2298 itaque,
773 2247 857 2292 viri,
876 2248 1027 2285 tametsi
1047 2247 1082 2284 in
1106 2247 1211 2284 nullo
1232 2247 1306 2284 alio
1333 2247 1476 2285 scelere
1496 2247 1580 2298 lege
1596 2261 1680 2286 san-

237 2309 352 2347 citum
376 2308 424 2346 sit
443 2308 581 2346 liberos
602 2315 640 2346 et
659 2321 791 2345 uxores
811 2308 912 2359 apud
931 2321 1016 2345 sese
1038 2308 1314 2346 constituentes
1327 2307 1480 2359 judices
1500 2309 1602 2359 ipsos
1629 2309 1680 2346 ita
1734 2323 1737 2326 “

238 2370 463 2408 sententiam
493 2370 602 2415 ferre,
624 2369 670 2406 de
696 2369 910 2420 proditione
937 2377 1061 2406 tamen
1079 2369 1310 2420 judicantes,
1338 2370 1389 2407 ita
1410 2370 1514 2420 pium
1536 2383 1620 2407 esse
1641 2376 1680 2406 et

239 2440 414 2470 sanctum
442 2431 515 2469 hoc
542 2431 680 2475 facere,
714 2436 755 2467 ut
782 2436 968 2480 quotquot
1000 2429 1155 2480 periculi
1189 2438 1382 2468 consortes
1413 2431 1565 2475 fuerint,
1592 2438 1678 2468 ante

237 2500 485 2544 conspectum
516 2492 711 2529 constituti
743 2498 780 2529 et
809 2490 878 2528 visi
908 2490 1089 2540 vobisque
1119 2491 1168 2528 ad
1202 2492 1420 2529 memoriani
1454 2500 1677 2530 revocantes

236 2554 339 2605 quod
365 2553 517 2604 publica
546 2552 648 2603 apud
681 2565 811 2590 omnes
840 2551 1095 2589 misericordia
1123 2551 1228 2602 digni
1259 2552 1376 2589 habiti
1405 2565 1480 2588 non
1505 2552 1679 2597 fuissent,

238 2614 448 2653 acerbiores
478 2613 715 2664 cognitiones
746 2612 1053 2662 accuratioraque
1078 2612 1222 2662 judicia
1257 2612 1304 2650 de
1334 2612 1579 2662 delinquente
1608 2628 1677 2666 ap-

237 2682 424 2728 pararent.
480 2673 799 2724 Quandoquidem
827 2681 950 2712 autem
977 2685 1051 2710 non
1071 2680 1129 2711 est
1155 2673 1302 2723 legibus
1332 2674 1578 2710 constitutum
1609 2689 1676 2713 ne-

239 2750 312 2789 que
349 2745 574 2774 consuetum
615 2743 655 2773 ut
688 2735 790 2773 istud
823 2735 902 2780 fiat,
942 2734 1008 2772 sed
1041 2734 1295 2772 necessarium
1331 2741 1388 2772 est
1425 2742 1468 2772 ut
1499 2748 1566 2785 pro
1603 2737 1675 2776 illis

231 2798 376 2848 judicio
407 2797 629 2848 fungamini,
657 2796 844 2847 supplicio
873 2797 998 2846 itaque
1024 2795 1252 2845 simulatque
1285 2794 1485 2833 affeceritis
1519 2795 1676 2836 Leocra-

238 2868 313 2899 tem
334 2867 447 2910 atque
467 2859 677 2897 occideritis
706 2860 844 2909 ipsum,
872 2857 1098 2896 denunciate
1123 2857 1255 2896 vestris
1282 2857 1441 2909 propriis
1474 2857 1600 2897 liberis
1621 2868 1676 2899 at-

238 2937 310 2974 que
336 2922 528 2967 uxoribus,
555 2922 657 2971 quod
685 2921 961 2972 deprehensum
993 2927 1102 2970 atque
1129 2929 1283 2970 captum
1316 2920 1546 2971 proditorem
1576 2922 1676 2974 ipso-
