1870 3277
415 163 484 199 DE
515 162 963 200 PHILOCTEMONIS
997 162 1360 202 HEREDITATE.
1523 166 1596 203 359

164 276 239 306 tam
254 268 456 319 longinqui
471 270 649 320 temporis
662 283 728 321 per
743 277 891 321 partem
906 270 1143 321 potissimam
1158 272 1261 310 visus
1274 273 1346 311 fuit
1361 275 1496 312 beatus
1513 287 1597 313 esse

164 352 214 361 -—
230 342 317 367 nam
335 336 374 368 et
392 331 553 368 fortunae
572 338 681 369 erant
698 331 802 369 haud
827 331 1120 369 contemnendae
1150 341 1189 370 et
1219 346 1312 371 uxor
1340 335 1596 386 florentesque

164 393 271 431 liberi
290 400 329 431 et
347 406 405 431 res
425 394 580 445 reliquae
608 395 748 446 pariter
777 394 829 431 sic
860 394 953 431 satis
979 395 1160 432 secundae
1175 418 1239 440 —-‚
1255 409 1385 434 verum
1418 407 1597 448 provecto

159 455 238 505 jam
259 455 308 492 ad
327 463 478 494 aetatem
500 455 674 494 affectam
701 454 946 493 infortunium
979 455 1082 493 haud
1107 456 1297 495 mediocre
1327 459 1475 508 obtigit,
1494 461 1598 509 quod

164 518 379 555 universam
398 518 500 556 illius
520 519 674 555 domum
687 517 854 567 corrupit
872 530 1063 568 opumque
1082 530 1261 568 magnam
1287 519 1359 556 vim
1381 520 1600 569 pessumde-

164 578 220 616 dit
240 579 439 631 ipsumque
457 580 495 617 in
514 587 684 631 apertum
705 591 790 616 cum
809 579 1032 617 necessariis
1054 580 1256 618 discidium
1276 581 1450 631 conjecit.
1507 583 1621 629 Quae¹

165 640 270 678 unde
287 651 377 679 nata
395 649 434 679 et
451 641 516 692 qui
534 641 622 685 sint,
640 640 879 690 paucissimis
898 640 1113 680 declarabo.
1172 642 1265 680 Erat
1284 642 1525 689 Euctemoni,
1540 643 1597 694 ju-

166 700 287 747 dices,
307 702 454 746 liberta,
474 715 560 753 quae
576 701 733 738 domum
748 701 913 752 aliquam
932 703 1181 751 gubernabat,
1203 716 1289 754 quae
1309 703 1445 741 domus
1467 704 1603 743 Eucte-

165 763 270 800 moni
289 763 325 799 in
343 763 488 800 Piraeeo
502 769 582 800 erat
594 761 802 800 elocatitia:
823 762 908 800 haec
925 763 1057 800 mulier
1069 763 1219 814 puellas
1233 764 1448 802 meretrices
1464 764 1603 810 alebat,

166 832 206 862 et
220 824 258 861 in
279 824 336 862 his
354 838 468 862 unam
488 825 611 862 Alcen
631 824 785 869 dictam,
805 838 918 875 quam
939 824 1061 862 Alcen
1080 832 1243 863 vestrum
1266 838 1421 875 quoque
1441 827 1608 877 complu-

167 900 242 931 res,
265 887 301 923 ni
327 887 453 933 fallor,
472 895 625 925 norunt.
683 888 781 925 Haec
799 887 910 933 Alce,
929 894 972 924 ut
999 888 1161 938 primum
1190 888 1239 925 de
1267 888 1350 926 foro
1376 896 1505 939 empta
1524 889 1607 935 fuit,

167 948 309 985 multos
329 961 397 999 per
417 961 537 986 annos
563 948 730 999 prostitit
757 961 914 999 corpore
943 956 1133 998 quaestum
1164 949 1323 995 faciens,
1341 949 1496 986 tandem
1520 963 1607 987 vero

169 1009 490 1047 marcescentibus
512 1009 621 1047 annis
637 1022 658 1047 e
677 1009 851 1061 lupanari
872 1009 1060 1047 excessit:
1091 1010 1237 1048 mulieri
1266 1010 1380 1061 igitur
1405 1011 1467 1049 isti
1487 1011 1551 1049 illa
1570 1013 1607 1050 in

169 1069 284 1108 domo
299 1071 491 1109 elocatitia
510 1070 676 1109 versanti
700 1071 978 1109 consuescebat
998 1071 1072 1109 Dio
1091 1071 1258 1122 quidam,
1271 1071 1386 1110 homo
1405 1072 1610 1119 libertus,e

170 1145 248 1182 quo
274 1134 348 1170 ista
366 1133 463 1171 Alce
493 1146 534 1171 se
564 1133 690 1171 aiebat
716 1133 833 1171 hosce
863 1133 1001 1172 liberos
1030 1135 1226 1185 peperisse
1253 1136 1368 1185 [quos
1396 1135 1610 1174 Androcles

169 1207 271 1232 nunc
294 1194 520 1232 Euctemoni
539 1195 702 1233 subdere
721 1194 921 1243 conatur];
950 1202 988 1233 et
1007 1196 1083 1233 Dio
1103 1209 1256 1247 quoque
1277 1209 1346 1247 pro
1367 1196 1444 1234 suis
1459 1210 1525 1235 eos
1541 1198 1613 1236 ale—

171 1257 250 1293 bat.
279 1256 466 1307 Tempore
486 1263 613 1294 autem
631 1263 720 1307 post
738 1256 838 1294 idem
858 1256 950 1304 Di0‚
965 1259 1014 1296 ob
1034 1259 1186 1296 noxiam
1205 1259 1335 1297 nescio
1355 1272 1468 1309 quam
1484 1259 1610 1298 datam

171 1317 272 1354 male
291 1317 362 1355 sibi
384 1325 572 1364 metuens,
585 1318 748 1356 Athenis
769 1319 973 1369 Sicyonem
995 1320 1170 1358 secessit:
1192 1333 1266 1370 quo
1283 1321 1384 1358 facto
1398 1321 1612 1359 Euctemon

171 1378 293 1416 Alcen
313 1379 416 1417 illam
444 1380 745 1430 gubernatricem
766 1380 866 1418 illius
888 1380 1024 1418 domus
1043 1382 1255 1428 constituit,
1274 1395 1359 1432 quae
1387 1382 1420 1419 ei
1440 1383 1476 1419 in
1496 1383 1613 1421 Cera-

171 1441 271 1478 mico
290 1447 372 1478 erat
390 1440 595 1486 elocatitia‚
617 1442 680 1478 ubi
707 1441 839 1479 vinum
863 1442 991 1480 vaenit.
1048 1441 1159 1479 Illam
1179 1443 1293 1494 igitur
1311 1443 1348 1480 in
1369 1443 1524 1481 domum
1545 1444 1615 1481 im-

170 1500 290 1538 missa
308 1499 393 1538 haec
411 1501 562 1546 mulier,
575 1501 744 1552 judices,
765 1502 970 1540 multorum
989 1515 1292 1554 magnorumque
1318 1504 1503 1542 malorum
1525 1517 1615 1542 cau·

172 1574 252 1600 sam
270 1568 310 1599 et
329 1562 554 1613 principium
583 1562 703 1601 dedit.
761 1563 974 1602 Euctemon
1006 1564 1104 1601 enim
1133 1564 1270 1615 saepius
1298 1565 1389 1603 illuc
1417 1565 1515 1603 itans
1542 1566 1613 1603 sub

170 1630 358 1675 praetextu
380 1624 518 1662 locaris
538 1624 926 1675 tollendi‚plurimum
948 1626 1128 1675 temporis
1149 1626 1185 1663 in
1202 1626 1268 1663 illa
1287 1626 1400 1664 domo
1421 1627 1614 1665 elocatitia

172 1685 415 1728 versabatur;
449 1698 551 1737 saepe
571 1698 725 1735 quoque
745 1685 809 1723 illa
828 1698 916 1723 cum
937 1686 1092 1724 muliere
1113 1687 1238 1724 cibum
1260 1689 1450 1738 capiebat,
1469 1688 1611 1726 relictis

173 1758 289 1783 uxore
308 1746 511 1796 liberisque
531 1747 723 1796 domoque
743 1746 779 1789 in
799 1760 876 1797 qua
894 1748 977 1797 ipse
996 1747 1206 1787 habitabat.
1237 1749 1352 1792 Quod
1373 1763 1475 1800 aegre
1489 1749 1613 1788 feren-

172 1807 272 1844 tibus
293 1819 409 1843 uxore
429 1807 644 1857 liberisque,
665 1815 812 1845 tantum
840 1809 950 1846 abest
981 1816 1023 1846 ut
1051 1809 1266 1848 Euctemon
1293 1824 1316 1848 a
1346 1811 1614 1861 congressibus

171 1881 258 1906 cum
278 1867 344 1905 illa
361 1867 519 1905 muliere
552 1881 592 1905 se
619 1869 839 1914 abstineret,
857 1877 899 1906 ut
923 1870 1046 1920 potius
1076 1872 1124 1908 ad
1145 1880 1356 1909 extremum
1379 1872 1612 1909 domicilium

172 1929 281 1979 quasi
302 1929 349 1966 ad
369 1942 452 1966 eam
483 1930 706 1966 transferret
734 1936 964 1980 aetatemque
994 1931 1173 1982 deinceps
1201 1945 1351 1970 omnem
1383 1946 1500 1983 penes
1529 1946 1612 1970 eam

173 1991 343 2041 degeret,
364 1997 403 2028 et
421 1991 497 2028 sive
517 1990 643 2028 herbis
664 1991 740 2029 sive
759 1991 883 2030 furore
903 1992 980 2029 sive
1000 1992 1074 2030 alio
1093 1993 1222 2031 nescio
1241 2007 1318 2043 quo
1339 1995 1499 2032 adverso
1520 2008 1613 2033 casu

172 2051 464 2089 dementabatur
490 2052 555 2096 ita,
589 2059 631 2088 ut
659 2059 794 2103 rogatu
827 2054 996 2091 mulieris
1030 2054 1189 2092 alterum
1222 2055 1426 2093 liberorum
1460 2056 1541 2106 ejus
1575 2057 1612 2094 in

171 2113 368 2164 phratoras
388 2125 477 2151 suos
496 2113 708 2161 induceret,
725 2113 871 2152 addens
891 2115 924 2153 ei
945 2128 1055 2153 suum
1076 2129 1228 2154 nomen.
1277 2116 1468 2160 Quoniam
1485 2125 1613 2155 autem

172 2187 297 2224 neque
315 2174 414 2212 filius
429 2175 510 2225 ejus
526 2174 792 2213 Philoctemon
813 2176 846 2213 ei
863 2176 1099 2215 concedebat
1117 2190 1242 2228 neque
1261 2178 1460 2229 phratores
1481 2179 1615 2217 admit-

171 2236 314 2282 tebant,
337 2236 405 2273 sed
425 2236 649 2274 sacrificium
671 2237 718 2275 ab
747 2238 981 2276 Euctemone
1012 2252 1080 2289 pro
1111 2240 1350 2290 impetranda
1379 2242 1483 2292 pueri
1509 2255 1612 2280 rece-

171 2297 301 2347 ptione
320 2298 492 2336 oblatum
507 2299 772 2348 repudiabant,
791 2299 844 2337 ira
869 2299 1049 2338 adversus
1071 2300 1188 2338 filium
1211 2301 1536 2340 Philoctemonem
1556 2304 1613 2340 in-

172 2370 310 2396 census
341 2359 450 2409 eique
481 2372 583 2409 aegre
610 2359 737 2397 faeere
765 2360 904 2398 ardens
935 2360 1164 2412 desponderi
1196 2362 1265 2400 sibi
1287 2364 1446 2401 curabat
1466 2364 1612 2401 Demo-

171 2419 284 2457 cratis
314 2420 517 2470 Aphidnaei
550 2433 730 2466 sororem,
750 2420 821 2458 hoc
854 2421 1003 2473 agitans
1038 2430 1080 2460 ut
1113 2424 1251 2461 liberos
1284 2425 1331 2461 ab
1362 2424 1426 2461 illa
1456 2425 1612 2462 muliere

172 2481 343 2519 edendos
359 2495 426 2533 pro
441 2482 519 2520 suis
541 2482 691 2520 tolleret
710 2490 748 2520 et
767 2482 803 2520 in
831 2484 931 2522 bona
955 2498 1024 2522 sua
1042 2485 1273 2530 immitteret,
1295 2487 1325 2523 si
1348 2486 1613 2525 Philoctemon

172 2543 383 2582 concedere
403 2543 524 2582 nollet
549 2551 591 2582 ut
616 2545 915 2583 commentitium
943 2546 1046 2584 hunc
1063 2545 1339 2585 Euctemonem
1365 2548 1553 2596 juniorem
1573 2549 1611 2587 in

172 2603 370 2654 phratoras
401 2605 611 2643 induceret.
670 2606 886 2644 Necessarii
913 2608 1041 2658 itaque
1071 2609 1167 2645 bene
1200 2609 1321 2658 gnari,
1349 2616 1428 2646 tum
1457 2611 1503 2647 ab
1530 2610 1611 2661 ipso

168 2665 411 2704 Euctemone
440 2667 529 2704 illuc
555 2667 679 2705 aetatis
708 2675 888 2718 provecto
919 2668 1043 2719 proles
1074 2669 1178 2706 nulla
1206 2677 1308 2707 esset
1337 2671 1612 2721 exspectanda,

172 2733 255 2764 tum
273 2734 400 2766 tamen
419 2729 624 2767 verendum
640 2741 728 2768 esse
750 2743 796 2768 ne
813 2730 1051 2768 nihilominus
1073 2730 1145 2768 alio
1164 2731 1341 2781 quopiam
1362 2732 1478 2770 modo
1506 2733 1613 2771 liberi

172 2786 379 2838 prodirent,
399 2801 494 2839 quos
514 2797 557 2827 ut
575 2790 637 2828 ille
656 2804 725 2841 pro
744 2791 822 2829 suis
839 2791 996 2828 haberet
1014 2797 1128 2841 atque
1141 2791 1307 2841 jactaret
1325 2800 1452 2844 posset
1470 2793 1612 2839 induci,

174 2861 222 2886 ex
239 2861 362 2899 eaque
382 2861 420 2886 re
440 2851 560 2888 multo
578 2852 702 2902 majus
722 2852 946 2890 exstiturum
969 2864 1053 2889 esse
1080 2852 1293 2899 dissidium,
1316 2855 1610 2906 persuadebant,

175 2923 198 2948 o
208 2909 373 2960 judices,
391 2909 682 2958 Philoctemoni‚
697 2920 738 2951 ut
757 2914 895 2952 sineret
912 2925 932 2951 a
947 2920 1056 2963 patre
1070 2926 1139 2951 suo
1155 2913 1343 2963 juniorem
1359 2916 1459 2955 huno
1480 2917 1613 2954 Eucte-
