1870 3277
605 192 677 228 AR
686 191 754 228 EO
763 189 1036 227 PAGITICA.
1503 185 1548 223 91

97 295 166 334 sed
195 294 257 344 qui
279 294 359 345 jam
390 294 542 344 integra
572 299 688 331 aetate
715 298 823 329 erant
851 289 1074 341 diligentius
1109 287 1411 325 observabantur
1440 297 1556 337 quam

97 357 134 394 in
167 356 341 407 pueritia.
401 355 571 407 Majores
598 354 698 392 enim
727 352 847 390 nostri
875 350 1074 390 modestiae
1105 354 1252 388 tantam
1281 348 1467 385 rationem
1493 347 1559 385 ha-

97 419 276 463 buerunt,
298 424 341 454 ut
361 425 532 454 senatum
553 414 866 465 Areopagiticum
885 425 1060 451 censurae
1080 422 1231 448 morum
1250 407 1504 458 praefecerint,
1521 407 1560 444 in

97 492 208 528 quern
245 478 417 515 ordinem
449 476 598 515 admitti
630 475 740 513 nefas
779 481 862 512 erat
890 473 959 511 nisi
990 479 1029 510 et
1056 472 1219 509 honesto
1251 469 1337 507 loco
1377 476 1488 506 natos
1521 476 1560 506 et

97 539 234 577 virtute
255 552 299 577 ac
320 540 408 577 vitae
433 537 622 576 modestia
640 535 960 587 spectatissimos,
980 545 1100 584 quare
1129 544 1206 569 non
1230 530 1368 567 mirum
1394 536 1453 567 est
1472 542 1560 568 eum

97 608 274 639 senatum
293 600 474 638 universis
495 599 611 637 totius
634 598 798 636 Graeciae
817 596 988 635 conciliis
1010 592 1293 633 antecelluisse.

155 665 217 700 15.
250 662 348 705 Quae
376 667 504 699 autem
537 660 628 698 olim
659 660 742 711 ejus
773 658 849 696 loci
881 657 978 696 ratio
1009 655 1138 701 fuerit,
1160 667 1208 693 ex
1238 652 1299 692 his
1326 665 1413 703 quae
1447 651 1561 689 etiam

99 723 213 762 hodie
232 724 329 760 fiunt
348 722 598 773 intelligitur:
629 734 747 771 quum
774 732 877 758 nunc
907 718 1022 757 etiam
1055 716 1233 755 omnibus
1266 713 1314 752 de
1339 713 1493 751 delectu
1516 725 1563 751 ac

98 784 323 836 probatione
343 782 609 834 praetermissis
626 781 840 827 videamus,
860 778 1093 831 qui-caeteris
1112 778 1152 815 in
1171 777 1284 815 rebus
1303 773 1564 813 intolerabiles

98 845 188 892 sint,
216 845 282 882 ubi
307 845 346 882 in
372 845 619 896 Areopagum
647 842 935 888 adscenderint,
957 853 1033 878 non
1059 839 1203 877 audere
1233 842 1381 875 naturae
1401 849 1481 873 suae
1509 836 1564 873 in-

100 906 274 957 dulgere,
297 906 365 944 sed
384 906 460 943 illis
480 905 664 944 institutis
690 904 817 956 potius
837 903 891 941 uti
911 915 1025 953 quam
1047 900 1225 953 pravitati
1251 912 1331 937 suae
1358 897 1566 936 immorari.

99 967 267 1005 Tantum
287 966 340 1003 illi
361 973 504 1004 metum
525 965 705 1017 improbis
731 965 961 1016 injecerunt,
983 976 1026 1001 ac
1043 969 1121 1001 tam
1141 961 1287 1000 illustre
1315 974 1396 999 suae
1417 958 1565 998 virtutis

100 1035 140 1067 et
157 1028 355 1067 modestiae
374 1034 666 1066 monumentum
687 1028 725 1064 in
746 1039 792 1065 eo
808 1027 895 1066 loco
916 1025 1165 1076 reliquerunt.

159 1091 221 1128 16.
252 1091 372 1128 Hunc
402 1090 518 1141 igitur
547 1090 675 1135 talem,
707 1095 751 1127 ut
771 1089 862 1134 dixi,
892 1094 1070 1126 senatum
1099 1099 1273 1125 censurae
1300 1097 1447 1123 morum
1468 1096 1566 1135 pree-

101 1152 291 1198 fecerunt,
312 1151 378 1202 qui
397 1150 553 1202 quidem
574 1150 736 1189 inscitiae
758 1162 843 1188 reos
870 1149 950 1199 egit
975 1161 1041 1186 eos
1060 1148 1125 1198 qui
1151 1147 1204 1186 ibi
1225 1145 1568 1198 praestantissimos

103 1213 206 1251 viros
233 1212 314 1250 fore
341 1218 534 1263 putarent,
553 1212 618 1250 ubi
646 1212 752 1263 leges
772 1209 1084 1260 exquisitissimae
1112 1209 1373 1246 haberentur:
1403 1205 1509 1258 quod
1537 1207 1569 1243 si

104 1275 158 1313 ita
184 1281 302 1320 esset,
323 1274 415 1311 nihil
439 1274 640 1325 prohibere
671 1272 879 1324 quominus
908 1284 1042 1309 omnes
1075 1270 1204 1308 Graeci
1229 1269 1401 1321 aequales
1423 1275 1570 1314 essent,

104 1349 223 1387 quum
246 1336 413 1387 proclive
441 1336 491 1373 sit
510 1336 614 1387 leges
639 1335 733 1373 alios
763 1335 811 1372 ab
838 1333 920 1371 aliis
948 1333 1165 1384 exscriptas
1191 1331 1369 1369 mutuari.
1425 1330 1571 1369 Verum

105 1410 183 1435 non
205 1410 289 1435 eam
311 1410 389 1435 rem
412 1397 561 1435 virtutis
584 1395 720 1434 afferre
740 1394 991 1440 incrementa,
1011 1393 1082 1431 sed
1109 1392 1346 1444 quotidianae
1369 1391 1457 1430 vitae
1477 1404 1570 1430 con-

105 1458 376 1497 suetudinem:
420 1471 509 1496 nam
544 1458 749 1509 plerosque
782 1456 826 1494 iis
858 1455 1030 1493 moribus
1063 1454 1205 1493 similes
1233 1453 1399 1493 evadere
1429 1453 1569 1505 quibus

106 1520 244 1571 singuli
290 1519 444 1558 educati
482 1520 633 1558 fuerint.
714 1517 1007 1556 Multitudinem
1045 1524 1176 1556 autem
1215 1524 1253 1555 et
1296 1517 1572 1555 accuratiorem

103 1581 232 1632 legum
247 1581 560 1620 constitutionem
576 1581 728 1632 signum
741 1593 827 1619 esse
841 1579 931 1618 mali
945 1586 1069 1618 status
1087 1579 1331 1631 reipublicae:
1362 1592 1464 1625 nam,
1480 1579 1573 1617 dum

108 1643 247 1681 delicta
275 1643 384 1694 quasi
411 1644 615 1694 aggeribus
647 1642 810 1694 objectis
837 1654 1013 1681 coercere
1035 1648 1236 1687 conentur,
1258 1641 1478 1680 necessario
1506 1655 1573 1680 cu-

105 1706 241 1744 mulari
273 1706 395 1757 leges.
452 1706 603 1744 Decere
633 1711 764 1744 autem
792 1704 1001 1756 prudentes
1022 1704 1270 1755 magistratus
1298 1718 1375 1742 non
1401 1704 1574 1755 porticus

106 1767 265 1818 implere
298 1767 461 1817 legibus,
489 1767 557 1805 sed
589 1766 740 1805 efficere
767 1773 810 1804 ut
837 1766 941 1804 cives
970 1766 1105 1803 animis
1132 1765 1288 1803 insitum
1316 1766 1488 1804 habeant
1513 1764 1575 1816 ju-

106 1828 219 1867 stitiae
241 1829 433 1867 studium:
465 1842 540 1866 non
573 1829 676 1866 enim
705 1827 1048 1866 senatusconsulta
1068 1834 1134 1865 aut
1155 1827 1359 1878 plebiscita
1381 1827 1449 1865 sed
1475 1841 1573 1878 prae-

105 1891 212 1929 clara
257 1891 435 1929 instituta
472 1891 622 1929 felicem
667 1890 820 1928 efficere
866 1889 1085 1933 civitatem;
1134 1902 1223 1926 nam
1264 1889 1438 1927 homines
1475 1888 1576 1926 male

110 1951 307 1990 institutos
327 1952 435 2002 leges
456 1952 570 1990 etiam
599 1950 920 2002 exquisitissimas
948 1949 1145 1999 negligere
1173 1950 1329 1994 audere,
1355 1950 1420 1999 qui
1448 1957 1576 1986 autem

109 2020 213 2051 recte
239 2020 278 2050 et
298 2014 398 2050 bene
419 2013 573 2050 educati
603 2012 691 2058 sint,
711 2024 775 2049 eos
800 2011 957 2048 demum
985 2010 1278 2061 simplicissimis
1308 2010 1458 2062 legibus
1478 2010 1578 2048 velle

111 2074 390 2123 obtemperare.
449 2073 546 2110 Haec
567 2072 620 2110 illi
645 2072 864 2123 cogitantes
892 2084 966 2109 non
995 2072 1156 2121 primum
1183 2073 1412 2123 spectabant
1438 2072 1579 2123 quibus

110 2134 235 2171 modis
266 2134 518 2171 immodestos
539 2134 732 2184 punirent,
755 2133 822 2170 sed
844 2145 920 2183 qua
950 2133 1097 2171 ratione
1128 2133 1232 2171 cives
1253 2133 1395 2172 adduci
1423 2140 1580 2185 possent

106 2201 152 2246 lut
173 2208 220 2232 ne
247 2195 340 2245 quid
361 2194 502 2233 vellent
527 2208 642 2245 poena
663 2194 823 2245 dignum
845 2194 1073 2233 admittere:
1105 2194 1180 2233 hoc
1207 2195 1309 2232 enirn
1331 2195 1380 2233 ad
1403 2209 1444 2234 se
1464 2196 1580 2247 perti-

110 2268 198 2294 nere
220 2256 506 2300 existimabant,
529 2255 727 2306 suppliciis
748 2255 968 2306 infligendis
988 2256 1187 2306 invigilare
1209 2256 1378 2295 hostium
1399 2270 1498 2296 esse.

172 2319 231 2354 17.
264 2316 464 2354 Curabant
492 2317 607 2367 igitur
626 2329 713 2354 cum
735 2329 869 2355 omnes
895 2317 1010 2364 cives,
1031 2324 1113 2354 tum
1135 2331 1224 2356 vero
1246 2318 1515 2357 adolescentes
1542 2319 1580 2356 in

104 2377 259 2429 primis.
329 2377 526 2415 Videbant
561 2377 661 2415 enim
695 2390 780 2415 eam
817 2383 972 2415 aetatem
1003 2378 1343 2416 turbulentissimis
1382 2379 1583 2418 affectibus

115 2439 250 2490 agitari
270 2446 306 2477 et
319 2439 493 2490 plurimis
514 2439 731 2477 redundare
746 2439 1036 2490 cupiditatibus,
1056 2440 1300 2490 maximeque
1322 2441 1583 2479 necessarium

116 2513 202 2538 esse
233 2501 286 2554 ita
317 2500 421 2537 illam
449 2500 594 2537 institui
619 2507 662 2538 ut
688 2500 861 2538 honestis
895 2500 1031 2538 studiis
1056 2508 1096 2539 et
1129 2501 1352 2551 temperatis
1385 2501 1583 2553 voluptate

114 2560 309 2598 laboribus
332 2561 539 2611 gauderet:
571 2574 637 2599 eos
658 2561 758 2599 enim
779 2561 846 2612 qui
869 2561 1074 2600 liberaliter
1093 2563 1248 2600 educati
1270 2570 1308 2601 et
1329 2564 1584 2614 magnitudini

119 2623 330 2661 animorum
347 2623 553 2661 assuefacti
569 2629 712 2669 essent,
729 2623 765 2660 in
781 2623 873 2662 solis
891 2623 963 2661 illis
982 2625 1093 2662 rebus
1112 2631 1437 2674 perseveraturos.
1491 2627 1585 2668 Uni-

118 2684 239 2721 versis
266 2696 379 2734 porro
406 2684 562 2722 easdem
597 2684 890 2723 exercitationes
917 2686 1162 2736 praescribere
1192 2685 1228 2721 in
1261 2691 1368 2724 tanta
1393 2687 1445 2725 rei
1474 2688 1585 2726 fami-

120 2746 223 2784 liaris
264 2747 524 2797 inaequalitate
560 2760 638 2785 non
672 2755 904 2798 potuerunt:
935 2749 1001 2786 sed
1034 2754 1076 2784 ut
1105 2747 1584 2803 singulorumsfacultates

123 2808 310 2853 serebant,
344 2809 396 2845 ita
428 2809 589 2858 singulis
626 2810 912 2860 pitccipiebant.
984 2810 1082 2846 Nam
1113 2808 1307 2848 tenuiores
1341 2811 1390 2848 ad
1424 2813 1589 2863 agricul-

123 2878 247 2908 turam
275 2879 313 2908 et
346 2873 624 2922 negotiationes
657 2872 920 2914 deducebant,
944 2885 1018 2909 non
1047 2872 1171 2922 ignari
1195 2879 1233 2910 ct
1257 2873 1398 2924 inopiae
1428 2888 1584 2913 causam

125 2944 212 2970 esse
232 2930 421 2982 pigritiem
443 2939 481 2971 et
502 2933 549 2971 ati
582 2934 730 2972 facinus
754 2933 881 2984 iuopia
909 2932 1110 2983 plerosque
1138 2933 1305 2984 iinpelli;
1337 2949 1453 2985 quare
1482 2936 1586 2974 sonte
