1870 3277
768 619 983 672 IVSAEI

250 777 354 823 DE
412 776 866 823 CLEONYMI
929 775 1512 825 HEREDITATE.

671 976 1089 1014 ARGUMENTUM.

204 1063 331 1092 Mortuo
349 1061 520 1101 Cleonymo
537 1067 666 1101 nepotes
682 1074 717 1091 ex
734 1063 826 1091 frain-e
837 1062 907 1102 jure
922 1062 1114 1102 cognationis
1125 1062 1293 1092 succedunt
1307 1062 1336 1092 in
1352 1063 1564 1100 hereditatem,
1577 1072 1607 1095 et

161 1115 328 1144 secundum
354 1120 577 1147 testamentum,
593 1114 675 1153 quod
698 1114 856 1142 adducunt
873 1115 903 1142 iu
920 1114 964 1142 sui
985 1115 1116 1142 favorem
1136 1113 1321 1143 Ptrercnicus
1338 1120 1369 1143 et
1383 1114 1485 1143 Simon
1502 1122 1532 1145 et
1549 1115 1608 1145 Po-

160 1166 311 1205 sidippus,
339 1165 507 1204 scripsisse,
531 1172 563 1193 ut
588 1175 690 1194 verum
720 1170 795 1199 erat.
821 1172 851 1194 et
879 1165 1059 1205 deposuisse
1090 1168 1172 1206 apud
1194 1167 1399 1204 magistratus,
1425 1168 1607 1198 affirmantes

162 1216 378 1257 Cleonymum,
396 1216 469 1243 01110
490 1225 550 1254 quo
575 1216 821 1255 prosequebatur
837 1216 962 1245 Diniam
979 1226 1081 1245 eorum
1098 1221 1240 1249 tutorem.
1256 1224 1411 1256 postremo
1431 1223 1605 1258 aggressum

162 1278 229 1298 esse
252 1268 418 1296 dissolvere
435 1273 465 1296 et
479 1268 559 1296 aeu'ili
576 1268 721 1296 accersito
736 1268 902 1307 derepente
925 1267 1092 1304 interiisse3
1116 1275 1147 1297 et
1164 1268 1372 1308 Polyarchum
1386 1280 1488 1299 eorum
1507 1280 1609 1306 avum,

163 1320 388 1360 Cleonymique
413 1325 546 1358 patrem,
563 1322 734 1354 mandasse,
751 1319 774 1348 si
791 1319 863 1357 quid
887 1319 1062 1348 humanitus
1085 1320 1239 1349 accideret
1261 1320 1445 1361 Cleonymo,
1462 1321 1527 1350 dari
1551 1322 1608 1351 illis

160 1380 229 1411 quae
251 1376 454 1409 superessent.
501 1369 639 1404 Qnaestio
662 1369 834 1410 duplicibus
861 1370 995 1399 terminis
1014 1376 1133 1400 cunstat
1152 1376 1278 1411 propter
1302 1371 1551 1411 ambiguitatem:
1577 1374 1608 1403 111

162 1432 292 1462 namque
314 1422 453 1450 nituntur
473 1421 570 1460 primo
587 1426 780 1454 testamento,
797 1421 959 1450 adversarii
976 1431 1050 1450 vero
1067 1421 1174 1450 dicunt
1189 1421 1289 1451 vocari
1307 1421 1434 1462 jussisse
1451 1424 1605 1464 magistra-

163 1479 238 1509 tum,
257 1480 288 1502 ut
303 1473 490 1502 rescinderet
507 1472 597 1500 illud:
624 1478 655 1501 et
670 1472 792 1500 taudem
810 1471 975 1512 Cleonymi
990 1472 1080 1501 factis
1095 1473 1242 1502 nituntur.

223 1569 255 1604 1.
286 1567 318 1603 A
342 1566 577 1602 CLEONYMI
600 1579 619 1601 e
640 1565 752 1601 rebus
779 1564 951 1601 humanis
977 1578 1138 1602 excessu
1160 1578 1337 1615 magnam
1359 1579 1483 1615 passae
1505 1575 1608 1610 sunt,

162 1642 185 1664 ο
208 1628 290 1672 viri,
305 1639 400 1663 meae
421 1640 479 1663 res
496 1626 841 1663 commutationem.
899 1626 1122 1663 Facultates
1143 1627 1241 1664 enim
1262 1627 1324 1663 ille
1345 1626 1498 1677 quidem
1520 1642 1607 1666 suas

164 1690 291 1726 adhuc
314 1696 507 1738 superstes
530 1688 636 1723 nobis
657 1688 884 1723 verbotenus
913 1687 1154 1731 condicebat,
1176 1697 1348 1725 mortuus
1379 1697 1505 1725 autem
1539 1703 1607 1740 pro

162 1751 271 1787 bonis
291 1749 501 1799 periculum
520 1749 593 1785 litis
612 1749 772 1797 reliquit.
816 1748 916 1784 Olim
936 1749 1089 1798 quidem
1111 1750 1157 1786 ab
1180 1749 1244 1786 illo
1265 1758 1340 1786 tam
1363 1750 1501 1799 pudice
1519 1752 1611 1789 edu-

161 1812 356 1855 cabamur,
371 1817 413 1846 ut
433 1823 627 1859 nunquam
651 1810 686 1846 in
707 1810 828 1847 forum
844 1810 1056 1847 veniremus
1073 1824 1118 1848 ne
1138 1810 1231 1847 alios
1253 1811 1406 1861 quidem
1430 1811 1607 1850 audiendi

162 1875 282 1925 gratia
295 1874 501 1923 litigantes,
513 1886 613 1910 nune
629 1881 755 1909 autem
769 1871 843 1909 hue
853 1872 1097 1909 descendend
1107 1886 1166 1909 um
1185 1873 1291 1909 1101115
1305 1873 1375 1910 fuit
1387 1886 1463 1923 quo
1478 1874 1547 1923 ipsi
1560 1876 1606 1911 tie

163 1945 243 1974 tota
260 1935 474 1972 substantia
494 1934 835 1971 contenderemus:
868 1947 941 1970 11011
958 1935 1056 1971 6111111
1079 1935 1125 1971 de
1142 1934 1341 1985 Cleonymi
1365 1936 1607 1974 solummodo

161 1997 370 2035 hereditate
388 1996 603 2032 nosbiscum
618 1995 855 2032 contendunt
871 1995 1090 2040 adversarii,
1105 1995 1172 2032 sed
1190 1996 1302 2032 etiam
1320 1996 1366 2032 de
1384 1997 1608 2046 patrimonio

164 2067 309 2100 nostro,
331 2059 475 2096 aientes
497 2071 565 2095 nos
587 2057 639 2094 illi
669 2064 791 2094 certas
821 2057 1003 2107 quasdam
1036 2070 1274 2094 nummorum
1305 2071 1472 2095 summas
1493 2073 1607 2110 super

161 2120 295 2157 eodem
317 2126 447 2156 nostro
466 2118 692 2169 patrimonio
712 2118 865 2155 debere.
924 2118 973 2154 Et
991 2118 1192 2156 familiares
1213 2119 1365 2168 quidem
1388 2126 1502 2169 atque
1524 2135 1607 2171 pro-

161 2180 292 2232 pinqui
314 2179 447 2217 horum
474 2179 773 2217 adversariorum
800 2186 1013 2217 nostrorum
1041 2193 1192 2230 aequum
1215 2188 1448 2217 censuerunt
1473 2190 1512 2218 ut
1539 2196 1607 2220 nos

159 2255 310 2293 aequam
331 2242 547 2292 portionem
567 2241 747 2279 ferremus
767 2254 895 2279 eorum
917 2241 1014 2278 adeo
1034 2242 1236 2286 bonorum,
1252 2255 1338 2292 quae
1355 2256 1376 2280 a
1397 2242 1606 2294 Cleonymo

160 2306 253 2355 ipsis
274 2304 406 2342 relicta
425 2317 510 2342 esse
530 2305 567 2340 in
587 2305 767 2341 confesso
787 2310 864 2341 est:
895 2303 929 2340 111
950 2311 1078 2341 autem
1098 2317 1144 2341 eo
1164 2305 1378 2355 procedunt
1405 2307 1606 2355 impuden-

161 2367 239 2411 tiae,
272 2375 314 2404 ut
347 2367 430 2417 ipso
462 2366 688 2416 patrimonio
723 2374 853 2404 nostro
887 2379 958 2403 nos
991 2373 1161 2404 evertere
1190 2375 1388 2408 conentur,
1422 2381 1496 2404 non
1530 2382 1606 2418 quo

161 2442 311 2480 aequum
330 2435 368 2465 et
387 2440 516 2464 verum
538 2428 726 2477 ignorent,
740 2440 762 2464 ο
778 2427 858 2472 viri,
872 2427 938 2465 sed
960 2441 1036 2478 quo
1058 2441 1127 2465 nos
1148 2429 1243 2465 adeo
1263 2429 1309 2465 ab
1331 2429 1460 2465 amicis
1477 2429 1606 2468 (leser-

162 2501 219 2530 tos
238 2490 458 2528 existiment
485 2496 528 2526 ut
555 2489 664 2526 facile
695 2489 763 2527 sibi
793 2489 895 2526 factu
924 2489 1093 2527 futurum
1125 2498 1280 2540 sperent
1301 2497 1341 2526 ut
1365 2503 1434 2526 nos
1456 2503 1605 2540 prorsus

159 2551 388 2603 despolient.
420 2551 598 2601 Spectate
613 2550 725 2587 modo
746 2556 861 2600 atque
880 2551 1085 2601 expendite
1105 2552 1243 2600 quibus
1258 2563 1385 2588 causae
1406 2554 1607 2590 momentis

162 2614 245 2651 freti
265 2620 436 2650 nostrum
449 2612 591 2662 quique
607 2613 655 2649 ad
677 2612 749 2650 litis
763 2614 1078 2650 contestationem
1094 2611 1417 2649 descenderimus,
1466 2613 1607 2652 Fidunt

163 2687 299 2725 nempe
330 2674 371 2710 hi·
394 2673 549 2724 quidem
580 2673 718 2711 tabulis
746 2674 964 2711 testamenti
994 2674 1037 2710 iis
1065 2687 1162 2723 quas
1191 2673 1427 2723 Cleonymus
1457 2676 1608 2725 scripsit

163 2737 305 2786 utique,
321 2748 443 2785 neque
459 2736 558 2773 enim
577 2735 716 2773 factum
731 2736 949 2778 infitiamur,
966 2747 1093 2771 vei-um
1107 2747 1228 2784 neque
1245 2735 1333 2783 odio
1350 2736 1465 2772 nostri
1483 2750 1606 2787 neque

164 2798 273 2836 nobis
291 2795 460 2834 offensus
478 2797 618 2846 quippe
638 2797 701 2847 qui
724 2809 918 2846 nunquam
939 2796 986 2832 de
1008 2795 1115 2832 nobis
1136 2803 1299 2845 questus
1317 2797 1378 2841 sit,
1398 2797 1464 2834 sed
1489 2798 1605 2848 iratus

164 2857 279 2897 alicui
297 2864 511 2895 nostrorum
533 2859 850 2899 necessariorum
883 2864 1140 2894 verumtamen
1165 2857 1225 2894 ille
1252 2857 1350 2894 idem
1372 2858 1607 2910 Cleonymus

164 2921 238 2958 hoc
254 2925 522 2956 testamentum
538 2932 665 2957 rursus
682 2929 768 2957 aute
785 2931 984 2956 excessum
1007 2931 1070 2968 pei·
1092 2918 1338 2970 Posidippum
1359 2919 1472 2970 liujus
1493 2923 1607 2972 ipsius

850 2982 870 3014 ·2
900 2993 918 3015 11
