1870 3277
613 188 1098 227 PANATHENAICUS.
1514 189 1586 225 153

119 306 195 345 que
214 306 261 331 ex
281 306 326 331 eo
347 293 514 331 maxime
534 292 775 343 perspicitur,
794 290 895 342 quod
916 290 938 327 ii
959 290 1024 341 qui
1044 289 1303 340 periculorum
1322 288 1414 327 socii
1433 288 1587 327 fuerant

118 355 341 405 ademptum
365 353 668 392 Lacedaemoniis
693 352 894 402 imperium
916 351 964 388 ad
984 357 1139 387 nostros
1159 349 1392 388 detulerunt.
1451 349 1585 387 Enim-

115 428 206 453 vero
226 416 382 465 quinam
404 415 602 466 peritiores
629 413 785 465 judices
809 420 847 450 et
868 411 1092 462 integriores
1114 423 1239 449 rerum
1261 423 1307 448 eo
1326 417 1500 462 tempore
1521 425 1586 463 ge-

117 484 261 515 starum
296 477 481 515 constitui
520 483 676 526 queant,
706 487 824 526 quam
856 475 880 512 ii
913 473 978 524 qui
1011 473 1082 523 ipsi
1122 484 1264 522 pugnae
1298 472 1584 511 interfuerunt?

117 540 234 584 Quod
256 553 344 578 vero
364 539 595 578 beneficium
618 538 740 589 majus
767 537 842 575 dici
868 543 998 587 potest
1017 548 1063 573 eo
1083 547 1160 586 quo
1182 541 1264 573 tota
1284 533 1439 573 Graecia
1458 536 1586 585 potuit

115 600 361 639 conservari?

172 663 233 699 18.
266 662 336 700 His
358 662 470 700 rebus
491 662 609 711 gestis
629 661 756 699 evenit
772 669 814 699 ut
829 668 993 712 utraque
1013 661 1147 699 civitas
1168 661 1283 699 maris
1304 660 1462 712 imperio
1483 662 1583 712 poti-

114 730 231 768 retur,
254 723 357 774 quod
376 723 449 760 utri
470 723 675 768 tenuerint,
696 724 809 761 urbes
829 723 909 761 fere
930 736 1064 760 omnes
1085 723 1189 760 dicto
1210 723 1412 760 audientes
1425 722 1584 761 habent.

115 785 176 822 Ac
193 791 366 822 neutram
387 785 543 835 quidem
562 785 753 823 civitatem
772 785 927 823 omnino
948 785 1089 828 laudo;
1120 785 1159 822 in
1180 784 1309 822 multis
1334 784 1435 822 enim
1459 785 1583 823 ambae

113 847 444 898 reprehendendae
477 854 590 885 sunt:
621 859 752 885 verum
782 847 821 884 in
854 846 927 885 hac
949 860 1101 899 quoque
1133 847 1331 885 curatione
1351 859 1428 884 non
1458 847 1583 885 minus

115 907 170 945 eis
200 907 496 945 antecelluimus
527 921 643 958 quam
675 908 711 945 in
743 907 958 946 actionibus
988 908 1107 959 paulo
1139 915 1227 946 ante
1258 908 1583 946 commemoratis.

114 968 246 1007 Nostri
267 969 368 1006 enim
391 976 518 1020 patres
548 969 663 1008 sociis
692 976 969 1020 persuaserunt
1000 977 1043 1007 ut
1073 982 1156 1007 eam
1178 968 1402 1020 reipublicae
1421 969 1583 1007 formam

114 1030 449 1082 amplecterentur,
469 1044 548 1082 qua
578 1031 651 1082 ipsi
681 1037 871 1083 perpetuo
905 1032 964 1069 usi
994 1031 1172 1075 fuerant;
1202 1030 1306 1081 quod
1339 1031 1493 1081 signum
1525 1039 1585 1069 est

111 1091 393 1130 benevolentiae
420 1099 459 1130 et
491 1092 686 1138 amicitiae,
713 1093 744 1131 si
764 1093 830 1143 qui
850 1092 934 1131 aliis
955 1101 1133 1131 auctores
1153 1092 1298 1130 fuerint
1317 1092 1453 1130 iisdem
1481 1092 1587 1130 insti-

113 1154 207 1192 tutis
234 1155 370 1192 utendi
401 1168 491 1205 quae
520 1154 590 1193 sibi
620 1154 814 1206 profuisse
841 1155 1039 1205 putarint:
1070 1154 1356 1192 Lacedaemonii
1376 1166 1466 1192 vero
1485 1167 1566 1192 rem

112 1215 310 1267 publicam
330 1216 616 1254 constituerunt
631 1229 758 1266 neque
779 1229 860 1253 suae
876 1229 950 1254 nec
971 1216 1132 1254 aliarum
1153 1215 1304 1252 urbium
1323 1215 1501 1261 similem,
1515 1216 1586 1254 sed

113 1276 342 1315 decuriones
379 1278 541 1328 singulis
581 1278 741 1315 urbibus
772 1277 1046 1328 praefecerunt,
1081 1290 1180 1326 quos
1216 1277 1283 1327 qui
1315 1277 1487 1315 triduum
1520 1285 1588 1317 aut

112 1338 361 1387 quatriduum
381 1338 626 1376 continenter
645 1338 853 1381 accusarit,
871 1336 1016 1373 nullam
1038 1342 1191 1386 partem
1211 1337 1443 1388 exposuisse
1454 1338 1586 1377 videa-

110 1406 175 1436 tur
212 1398 450 1449 injuriarum.
508 1397 740 1448 Singulatim
778 1397 895 1448 igitur
927 1403 986 1434 tot
1019 1404 1057 1433 et
1090 1403 1219 1435 tantas
1246 1398 1344 1436 velle
1383 1411 1585 1438 recensere

113 1460 319 1499 dementiae
350 1461 487 1499 fuerit:
525 1472 650 1510 pauca
680 1472 771 1497 vero
799 1459 848 1497 de
881 1458 1061 1496 omnibus
1092 1458 1234 1505 dicere,
1269 1473 1357 1510 quae
1390 1461 1586 1500 auditores

109 1522 218 1572 justa
237 1522 500 1572 indignatione
520 1527 819 1564 commoverent,
836 1520 1009 1569 sijunior
1029 1533 1153 1558 essem
1174 1521 1338 1559 fortasse
1350 1523 1589 1573 potuissem;

114 1597 219 1621 nunc
238 1583 332 1621 nihil
350 1583 428 1621 tale
449 1583 487 1620 in
508 1589 675 1621 mentem
699 1581 789 1618 mihi
804 1582 921 1626 venit,
942 1580 1011 1618 nisi
1028 1582 1134 1631 quod
1155 1582 1253 1620 inter
1269 1596 1403 1622 omnes
1417 1592 1585 1631 constat,

113 1646 200 1685 illos
221 1646 408 1698 injustitia
427 1652 466 1683 et
486 1644 696 1697 rapacitate
718 1649 866 1682 veteres
887 1643 940 1681 ita
966 1656 1184 1693 superasse,
1214 1651 1256 1682 ut
1282 1658 1372 1682 cum
1401 1645 1587 1684 sibimeti-

114 1707 196 1759 psis
228 1714 267 1745 et
301 1706 432 1745 amicis
462 1714 500 1744 et
533 1706 667 1758 patriae
699 1718 780 1743 suae
811 1704 1005 1743 interitum
1037 1705 1325 1751 accersiverint,
1358 1712 1440 1744 tum
1468 1707 1589 1745 Lace-

115 1769 265 1807 monios
294 1768 397 1820 apud
428 1768 554 1806 socios
584 1767 623 1805 in
652 1767 797 1805 crimen
817 1773 856 1805 et
881 1766 1012 1804 odium
1035 1765 1226 1804 adductos
1246 1767 1283 1803 in
1304 1773 1362 1805 tot
1382 1774 1589 1820 tantasque

114 1830 355 1869 calamitates
377 1828 626 1881 conjecerint,
648 1835 742 1880 quot
758 1835 797 1866 et
815 1834 978 1879 quantas
995 1840 1108 1866 nemo
1121 1841 1291 1880 unquam
1308 1829 1363 1868 eis
1380 1837 1588 1869 eventuras

115 1905 202 1931 esse
221 1891 462 1931 credidisset.

172 1955 234 1992 19.
266 1954 310 1992 In
326 1954 457 2005 primis
477 1955 593 2005 igitur
617 1955 707 1994 hinc
727 1955 891 2006 perspici
916 1955 1056 2007 poterit
1076 1961 1224 2006 quanto
1254 1967 1326 1994 nos
1349 1955 1588 1994 moderatius

115 2022 156 2054 et
173 2016 400 2054 clementius
426 2017 557 2054 omnia
583 2017 832 2066 gesserimus,
855 2016 1027 2054 secundo
1059 2017 1147 2054 loco
1177 2029 1225 2054 ex
1257 2029 1304 2055 eo
1334 2017 1449 2055 etiam
1483 2017 1590 2067 quod

110 2076 191 2128 jam
211 2077 382 2116 dicetur:
412 2090 500 2116 nam
523 2077 730 2128 Spartiatae
749 2078 811 2115 vix
831 2078 966 2115 decem
982 2090 1102 2116 annos
1119 2078 1366 2129 imperarunt,
1387 2092 1458 2116 nos
1478 2079 1589 2129 quin—

108 2151 193 2189 ·que
219 2145 259 2177 et
285 2139 492 2190 sexaginta
520 2146 745 2191 perpetuos.
805 2139 1008 2177 Enimvero
1039 2139 1166 2177 sciunt
1199 2152 1349 2184 omnes,
1370 2141 1484 2178 urbes
1506 2140 1589 2177 aliis

108 2200 311 2251 >subjectas
331 2200 543 2239 diutissime
562 2201 600 2238 in
619 2213 749 2239 eorum
766 2200 843 2238 fide
862 2213 1085 2251 permanere
1100 2213 1122 2238 a
1137 2201 1278 2251 quibus
1296 2201 1463 2239 minimis
1479 2201 1591 2239 malis

109 2261 345 2300 afficiuntur.
404 2262 477 2300 His
504 2262 619 2313 igitur
649 2262 699 2300 de
719 2262 847 2300 causis
879 2262 1004 2300 ambae
1026 2261 1217 2313 susceptis
1239 2262 1338 2301 odiis
1358 2263 1395 2300 in
1422 2262 1525 2300 bella
1554 2268 1594 2299 et

117 2324 307 2363 tumultus
328 2324 560 2370 inciderunt,
573 2324 611 2362 in
626 2324 765 2375 quibus
786 2330 918 2362 nostra
932 2324 1036 2370 urbs,
1049 2337 1168 2374 quum
1185 2330 1225 2362 et
1239 2324 1368 2362 Graeci
1389 2332 1427 2362 et
1440 2324 1593 2361 barbari

114 2398 251 2425 omnes
284 2399 370 2425 eam
404 2386 647 2432 invasissent,
680 2385 914 2424 decennium
947 2385 1125 2423 resistere
1161 2399 1281 2436 seque
1314 2385 1411 2423 tueri
1447 2385 1588 2433 potuit,

118 2447 400 2486 Lacedaemonii
415 2461 519 2494 vero,
536 2448 628 2486 dum
644 2447 773 2486 adhuc
795 2453 898 2485 terra
917 2447 1160 2499 imperarent,
1176 2460 1265 2485 cum
1284 2445 1478 2484 Thebanis
1500 2445 1591 2484 solis

117 2508 220 2547 bello
241 2517 353 2560 gesto
383 2521 539 2559 unoque
570 2508 702 2559 praelio
730 2509 914 2560 superati,
935 2509 1113 2547 omnibus
1143 2510 1280 2560 opibus
1313 2507 1479 2553 amissis,
1512 2520 1590 2545 non

119 2569 329 2608 minoribus
357 2570 574 2609 infortuniis
606 2576 645 2608 et
677 2570 963 2608 calamitatibus
991 2583 1105 2620 quam
1126 2582 1196 2607 nos
1230 2569 1441 2606 conflictati
1472 2576 1588 2612 sunt:

117 2638 304 2683 praeterea
319 2638 450 2670 nostra
468 2632 557 2669 urbs
576 2631 823 2682 paucioribus
844 2631 953 2669 annis
973 2631 1070 2668 vires
1087 2643 1176 2668 suas
1197 2630 1343 2680 recepit
1358 2642 1473 2680 quarn
1489 2630 1591 2668 bello

121 2693 283 2731 subacta
310 2694 449 2739 fuerat,
472 2692 678 2744 Spartiatae
710 2705 802 2731 vero
832 2699 923 2743 post
948 2691 1100 2730 cladem
1132 2698 1347 2742 acceptam,
1382 2704 1431 2729 ne
1461 2692 1590 2728 multi-

119 2753 211 2805 plici
231 2753 386 2804 quidem
401 2755 585 2805 temporis
606 2753 732 2805 spatio
752 2767 792 2792 se
815 2754 852 2791 in
872 2754 1065 2803 integrum
1093 2751 1295 2790 restituere
1312 2752 1591 2803 pristinumque

121 2813 320 2864 dignitatis
341 2816 504 2867 gradum
524 2828 753 2867 recuperare
772 2821 999 2866 potuerunt,
1019 2812 1087 2851 sed
1117 2813 1155 2850 in
1181 2812 1317 2851 iisdem
1332 2814 1442 2852 malis
1463 2814 1591 2852 adhuc

114 2883 338 2914 versantur.

179 2938 244 2975 20.
277 2937 390 2976 Nunc
408 2938 541 2988 quales
559 2939 707 2990 utrique
728 2951 798 2977 nos
815 2943 951 2976 contra
966 2938 1149 2976 barbaros
1166 2937 1456 2988 praebuerimus,
1473 2936 1595 2987 expli-

841 3012 863 3036 X
