1870 3277
751 184 1076 223 PLATAlCUS.
1573 188 1646 227 195

180 289 280 330 runt,
309 286 483 335 quamvis
513 286 619 324 initio
650 299 726 324 non
755 286 896 338 optime
925 287 975 325 ad
1004 286 1140 325 navale
1172 287 1317 325 bellum
1355 289 1542 336 instructi,
1573 289 1642 328 sed

179 352 329 386 tanturn
351 348 532 399 opinione
557 348 629 387 hac
650 347 800 387 Graecis
825 348 876 386 ad
898 361 942 387 se
962 347 1164 399 pellectis?
1194 348 1359 387 vicissim
1379 356 1417 388 et
1436 362 1504 388 vos
1523 350 1643 401 impe-

180 408 275 446 rium
296 408 349 447 eis
376 410 585 462 eripuistis,
609 409 784 461 quamvis
813 409 946 448 urbem
974 423 1050 448 non
1078 409 1266 448 munitam
1285 416 1325 448 et
1343 423 1477 461 parum
1497 411 1644 449 firmam

177 468 384 517 haberetis,
407 471 571 523 justitiae
592 471 775 510 societate
804 477 843 509 et
862 470 1042 522 praesidio
1063 470 1177 509 freti?
1210 471 1340 522 Atque
1360 471 1426 509 illa
1444 472 1525 522 regi
1547 471 1642 511 Per-

178 543 306 570 sarum
330 546 408 571 non
429 545 516 572 esse
532 532 800 579 adscribenda,
816 532 875 570 his
891 533 1094 584 postremis
1111 532 1347 584 temporibus
1364 540 1424 571 est
1443 533 1643 572 manifeste

177 592 437 636 declaratum:
467 607 556 632 nam
577 607 695 645 quum
715 594 796 646 ipse
816 606 884 632 rex
904 602 1013 633 extra
1031 607 1109 633 rem
1130 594 1288 633 omnino
1309 602 1425 642 esset,
1448 608 1517 632 vos
1539 594 1642 632 omni

177 668 245 706 spe
265 655 451 702 destituti,
468 656 646 695 omnibus
661 669 760 708 pene
776 656 995 695 civitatibus
1014 657 1210 695 Laconum
1228 656 1413 695 servitute
1433 656 1645 708 oppressis,

176 717 278 755 bello
299 723 426 756 tamen
449 718 502 756 eis
531 724 639 757 tanto
666 718 882 770 superiores
912 718 1039 756 fuistis
1067 725 1109 756 ut
1133 731 1267 769 pacem
1297 718 1547 770 cupidissime
1566 718 1644 756 sint

175 778 359 829 amplexi.

232 841 292 879 18.
324 840 452 879 Nemo
478 841 593 893 igitur
612 848 781 880 vestrum
802 842 1065 888 cohorrescat,
1092 842 1122 879 si
1152 841 1324 893 pericula
1349 848 1505 893 propter
1530 841 1644 892 justi-

172 901 266 939 tiam
293 903 474 942 adeunda
499 904 652 951 fuerint,
679 917 803 954 neque
832 903 903 942 sibi
934 903 1060 949 socios
1087 903 1221 941 defore
1251 909 1374 955 putet,
1406 903 1437 941 si
1461 902 1642 953 opitulari

172 964 370 1002 volueritis
402 964 542 1017 injuria
566 965 734 1003 oneratis
765 971 805 1003 et
834 978 911 1003 nou
943 965 1033 1003 solis
1061 964 1277 1003 Thebanis:
1318 971 1453 1003 contra
1481 977 1579 1015 quos
1611 964 1643 1002 si

172 1038 276 1064 nunc
292 1026 525 1064 sententiam
546 1026 721 1074 tuleritis,
738 1034 780 1066 ut
796 1027 844 1065 ad
864 1034 1031 1065 vestram
1048 1026 1254 1065 amicitiam
1275 1026 1385 1064 multi
1406 1039 1446 1064 se
1466 1026 1643 1065 conferre

171 1087 291 1125 velint
323 1087 513 1127 efficietis.
571 1088 651 1127 Ubi
682 1089 782 1126 enim
813 1102 882 1127 vos
913 1095 1072 1141 paratos
1107 1101 1193 1127 esse
1227 1088 1327 1126 bella
1361 1101 1473 1139 aeque
1506 1095 1642 1127 contra

171 1161 305 1188 omnes
326 1163 395 1201 pro
416 1150 644 1189 defensione
670 1151 858 1189 foederum
883 1151 1077 1202 suscipere
1098 1150 1363 1197 ostenderitis,
1383 1150 1540 1202 quinam
1561 1158 1639 1189 tam

171 1218 285 1249 erunt
312 1218 484 1250 amentes
506 1220 547 1251 ut
567 1226 654 1251 cum
676 1213 966 1264 oppressoribus
988 1213 1154 1250 Graeciae
1177 1226 1219 1251 se
1248 1212 1485 1263 conjungere
1506 1212 1642 1251 malint

170 1285 286 1323 quam
306 1273 505 1312 vobiscum
530 1274 714 1313 libertatis
741 1275 911 1326 ipsorum
935 1274 1228 1313 defensoribus?
1267 1274 1325 1312 sin
1349 1274 1458 1313 aliter
1483 1274 1640 1313 animati

169 1335 275 1382 estis,
305 1336 444 1386 quibus
478 1337 604 1375 verbis
634 1337 797 1375 Graecos
829 1337 1019 1381 afficietis,
1049 1335 1154 1374 bello
1189 1337 1326 1374 iterum
1358 1335 1577 1388 ingruente,
1609 1338 1641 1375 si

167 1398 382 1437 libertatem
401 1400 687 1451 praetendentes
706 1399 978 1438 Thebanorum
1000 1399 1148 1437 libidini
1167 1399 1361 1450 quaslibet
1380 1399 1554 1438 civitates
1576 1413 1640 1439 va-

170 1461 330 1499 standas
352 1460 628 1513 permiseritis?
668 1462 757 1506 Quo
785 1468 900 1513 pacto
930 1461 1097 1499 levitatis
1126 1466 1165 1498 et
1191 1461 1466 1499 inconstantiae
1493 1462 1637 1500 crimen

168 1520 375 1573 effugietis,
402 1524 433 1562 si
459 1523 668 1562 Thebanos
689 1523 967 1576 jusjurandum
995 1530 1035 1561 et
1059 1522 1208 1562 foedera
1227 1523 1370 1562 violare
1394 1524 1541 1569 sinetis,
1568 1538 1637 1576 pro

167 1584 308 1634 quibus
334 1586 427 1637 ipsis
454 1586 675 1625 sanciendis
700 1599 768 1625 vos
795 1585 1098 1624 Lacedaemoniis
1124 1584 1263 1623 inferre
1285 1585 1428 1622 bellum
1455 1586 1638 1636 profitea-

166 1645 283 1683 mini?
322 1647 451 1690 Quum
473 1647 546 1699 ipsi
564 1647 701 1686 vestris
727 1647 1038 1699 possessionibus
1059 1646 1201 1685 cedere
1221 1646 1429 1694 volueritis,
1453 1654 1494 1685 ut
1513 1647 1637 1686 socie-

165 1713 285 1745 tatem
304 1721 419 1759 quam
440 1709 644 1747 maximam
666 1709 893 1754 redderetis,
915 1709 1062 1746 istosne
1083 1708 1210 1746 aliena
1229 1714 1362 1746 tenere
1384 1716 1423 1746 et
1443 1721 1490 1746 ea
1508 1709 1637 1747 facere

165 1768 298 1808 sinetis
328 1777 486 1822 propter
516 1784 606 1822 quae
634 1771 801 1809 universi
828 1774 938 1822 peJus
967 1770 1016 1808 de
1046 1769 1152 1808 vobis
1186 1769 1491 1808 existimabunt?
1533 1770 1635 1808 Illud

166 1837 294 1869 autem
322 1832 493 1870 omnium
517 1832 848 1879 scelestissimum,
874 1832 904 1869 si
926 1832 1035 1870 vobis
1056 1831 1311 1870 deliberatum
1334 1831 1404 1869 erit
1425 1831 1506 1869 istis
1527 1844 1639 1882 opem

165 1892 265 1932 ferre
285 1894 350 1944 qui
377 1895 619 1934 continenter
643 1908 666 1933 a
687 1894 992 1933 Lacedaemoniis
1020 1900 1224 1939 steterunt,
1253 1893 1286 1931 si
1309 1893 1403 1944 quid
1425 1894 1481 1932 eis
1503 1893 1637 1931 foederi

165 1956 398 1994 contrarium
418 1956 471 1994 illi
486 1956 721 2008 imperarint,
740 1969 809 1994 nos
826 1969 928 2001 vero,
946 1955 1011 2006 qui
1029 1955 1258 2005 longissimo
1279 1961 1454 2006 tempore
1470 1961 1636 1993 vestram

165 2023 309 2054 sectam
331 2024 557 2056 constanter
582 2018 703 2056 secuti
730 2030 878 2063 sumus,
905 2017 941 2054 in
971 2023 1142 2054 extremo
1163 2016 1355 2054 duntaxat
1380 2016 1483 2055 bello
1502 2030 1637 2068 parere

165 2077 469 2118 Lacedaemoniis
488 2079 629 2126 coacti,
650 2086 808 2131 propter
826 2078 928 2117 banc
955 2090 1112 2116 causam
1134 2077 1353 2116 mortalium
1374 2078 1544 2116 omnium
1566 2080 1637 2116 mi·-

163 2140 342 2179 serrimos
364 2154 454 2180 esse
474 2141 685 2192 patiemini.

223 2204 283 2242 19.
316 2204 423 2247 Quos
444 2203 545 2241 enim
568 2203 678 2242 nobis
700 2203 918 2241 miseriores
940 2203 1145 2254 quisquam
1167 2201 1367 2240 inveniat?
1397 2201 1462 2253 qui
1483 2209 1523 2240 et
1543 2202 1636 2241 urbe

164 2272 203 2305 et
221 2278 314 2317 agro
333 2271 373 2304 et
401 2265 541 2316 opibus
570 2278 647 2303 uno
669 2265 730 2303 die
751 2264 917 2316 spoliati,
938 2265 1052 2303 rebus
1073 2264 1252 2302 omnibus
1273 2263 1503 2302 necessariis
1524 2277 1636 2315 aeque

163 2340 298 2366 omnes
319 2326 507 2374 destituti,
526 2339 681 2365 errones
700 2333 739 2365 et
758 2326 924 2364 mendici
945 2325 1037 2365 facti
1057 2338 1206 2372 sumus,
1224 2325 1346 2376 ignari
1362 2338 1438 2376 quo
1459 2338 1528 2363 nos
1543 2338 1636 2364 con-

164 2388 494 2440 vertamus[pulsi
512 2388 612 2427 enim
634 2388 771 2440 patria,
793 2387 1076 2439 desperabundi
1098 2393 1137 2426 et
1156 2394 1328 2426 errantes
1350 2386 1544 2424 Graeciam
1565 2387 1637 2425 cir-

162 2451 330 2500 cuimus]
365 2457 403 2488 et
437 2450 614 2490 omnibus
647 2450 950 2488 habitationibus
983 2449 1107 2488 anxii:
1148 2449 1227 2487 sive
1259 2447 1361 2486 enim
1389 2447 1636 2487 calamitosos

162 2512 311 2564 aliquos
344 2512 616 2559 invenerimus,
651 2512 846 2559 dolemus,
873 2512 938 2564 qui
971 2518 1109 2564 praeter
1140 2511 1242 2549 mala
1274 2510 1486 2553 domestica
1520 2510 1636 2549 etiam

162 2574 373 2614 alienorum
392 2574 472 2613 fieri
502 2575 708 2626 participes
733 2587 944 2626 cogamur;
976 2575 1055 2613 sive
1075 2573 1124 2612 ad
1149 2573 1281 2610 felices
1311 2578 1539 2623 perventum
1562 2580 1637 2621 est,

163 2637 272 2676 dolor
291 2644 423 2677 noster
443 2638 694 2685 recrudescit,
720 2651 798 2676 non
818 2637 925 2689 quod
945 2637 1096 2676 illorum
1118 2637 1257 2688 opibus
1278 2636 1533 2683 invideamus,
1565 2638 1635 2676 sed

164 2699 254 2749 quia
272 2700 309 2737 in
336 2700 496 2738 aliorum
528 2700 642 2738 rebus
667 2700 848 2739 secundis
871 2707 1025 2738 nostras
1054 2699 1226 2736 miserias
1258 2705 1415 2748 quantae
1450 2698 1526 2737 sint
1548 2713 1634 2751 per-

164 2760 359 2811 spicimus,
379 2775 467 2813 quae
487 2775 558 2801 nos
590 2762 733 2801 nullam
755 2762 858 2801 diem
879 2762 962 2800 sine
983 2760 1163 2812 lacrymis
1185 2760 1338 2810 exigere
1359 2761 1515 2805 sinunt;
1545 2775 1634 2800 nam

163 2830 203 2860 et
222 2824 383 2872 patriam
402 2824 535 2875 lugere
555 2830 594 2862 et
613 2825 715 2863 hanc
737 2825 989 2863 mutationem
1021 2822 1223 2860 lamentari
1251 2822 1355 2860 nullo
1377 2829 1549 2874 tempore
1569 2824 1636 2862 de-

166 2885 349 2924 sistimus.
406 2887 510 2930 Quid
530 2887 630 2925 enim
653 2887 763 2926 nobis
786 2886 901 2925 animi
929 2897 1013 2923 esse
1033 2884 1214 2930 censetis,
1235 2897 1354 2935 quum
1376 2884 1551 2922 videmus
1569 2898 1635 2936 pa-

165 2954 292 2986 rentes
319 2954 468 2986 nostros
490 2948 595 2987 senio
619 2949 820 2988 confectos
841 2948 955 2998 longe
983 2946 1092 2985 aliter
1113 2959 1227 2996 quam
1257 2959 1326 2998 pro
1349 2946 1536 2998 dignitate
1559 2952 1634 2984 tra-
