1870 3277
789 592 1196 646 ISOCRATIS

577 733 1394 781 PANEGYRICUS.

317 946 350 979 1.
383 941 501 978 SAEPE
524 941 646 978 mirari
667 941 772 979 soleo
793 941 882 991 quid
903 941 939 977 in
964 948 1128 978 mentem
1151 941 1195 977 iis
1217 940 1364 977 venerit
1383 939 1448 988 qui
1479 939 1718 976 celebritates

259 1003 330 1041 has
350 1009 635 1054 congregarunt
655 1010 692 1039 et
711 1002 823 1039 ludos
846 1002 1046 1053 gymnicos
1066 1001 1329 1043 instituerunt,
1356 1007 1398 1036 ut
1419 1013 1616 1049 corporum
1637 1000 1718 1037 viri-

260 1065 331 1101 bus
345 1072 452 1101 tanta
467 1065 621 1114 praemia
637 1070 906 1113 proponerent,
920 1076 985 1100 eos
1002 1076 1090 1099 vero
1104 1063 1169 1112 qui
1184 1060 1400 1112 reipublicae
1416 1061 1540 1097 studio
1554 1061 1721 1110 privatos

258 1125 406 1162 labores
421 1126 613 1174 cepissent
632 1131 670 1160 et
691 1123 824 1160 animis
848 1124 899 1160 ita
920 1136 959 1160 se
985 1130 1184 1173 parassent
1204 1129 1246 1158 ut
1266 1121 1349 1158 aliis
1366 1134 1518 1170 quoque
1537 1122 1720 1170 prodesse

259 1191 431 1235 possent,
461 1185 566 1221 nullo
597 1197 753 1234 prorsus
785 1183 928 1221 honore
958 1184 1221 1234 dignarentur,
1251 1196 1411 1233 quorum
1439 1195 1504 1219 eos
1535 1183 1717 1220 rationem

259 1247 385 1297 potius
411 1246 549 1283 babere
571 1245 784 1282 decuisset:
823 1259 909 1282 nam
937 1245 1006 1281 etsi
1034 1244 1205 1294 pugilum
1238 1245 1349 1280 robur
1368 1243 1718 1293 conduplicaretur,

261 1307 390 1344 nullus
421 1314 548 1343 tamen
578 1319 624 1343 ex
650 1319 697 1343 eo
721 1306 871 1343 fructus
898 1305 1038 1343 rediret
1063 1305 1110 1342 ad
1140 1312 1319 1349 caeteros3
1359 1305 1471 1341 unius
1499 1312 1625 1341 autem
1654 1304 1721 1342 viri

258 1367 462 1418 prudentia
477 1367 654 1403 fruuntur
670 1380 800 1403 omnes
817 1368 880 1416 qui
898 1367 979 1417 ejus
998 1365 1167 1403 consiliis
1184 1378 1317 1416 parere
1331 1365 1547 1402 voluerunt.
1584 1365 1720 1415 Neque

258 1435 388 1466 tamen
407 1428 492 1465 haec
511 1428 602 1464 mihi
623 1428 925 1478 desperationem
947 1427 1156 1464 attulerunt
1177 1434 1219 1464 ut
1239 1426 1424 1464 socordiae
1446 1439 1505 1463 me
1526 1426 1720 1470 dederem‚

260 1490 341 1536 sed,
363 1503 478 1540 quum
500 1488 659 1539 gloriam
680 1502 726 1525 ex
755 1488 838 1538 ipsa
867 1489 1036 1526 oratione
1062 1488 1292 1538 capiendam
1315 1488 1406 1525 satis
1427 1487 1518 1524 mihi
1538 1500 1720 1537 magnum

258 1552 338 1589 fore
366 1550 565 1602 praemium
591 1549 821 1595 existimem,
847 1550 1050 1587 consilium
1080 1550 1239 1586 daturus
1268 1549 1405 1586 adsum
1432 1562 1518 1586 cum
1545 1549 1593 1586 de
1619 1549 1721 1586 bello

258 1613 430 1650 barbaris
460 1610 658 1648 inferendo
686 1618 767 1647 tum
788 1611 835 1648 de
861 1611 1069 1648 concordia
1087 1612 1185 1647 inter
1206 1623 1276 1647 nos
1304 1611 1407 1660 ipsos
1427 1610 1718 1653 constituenda;

259 1674 328 1711 etsi
345 1681 472 1711 autem
490 1685 564 1710 non
582 1672 715 1722 ignoro
731 1672 872 1709 multos
889 1672 953 1722 qui
971 1671 1231 1722 sophistarum
1251 1672 1321 1708 sibi
1338 1684 1477 1708 nomen
1495 1679 1722 1722 arrogarunt

259 1735 398 1785 cupide
417 1734 490 1770 hoc
511 1740 778 1783 argumentum
799 1733 1014 1782 arripuisse,
1036 1741 1165 1769 tamen
1186 1746 1273 1770 cum
1293 1740 1454 1769 caeteros
1477 1738 1583 1769 tanto
1604 1733 1717 1770 inter-

259 1795 362 1833 vallo
382 1808 441 1832 me
462 1801 730 1844 superaturum
760 1794 912 1831 confido
941 1802 983 1831 ut
1012 1795 1064 1831 illi
1093 1794 1185 1831 nihil
1214 1807 1383 1844 unquam
1415 1794 1558 1831 dixisse
1579 1794 1627 1832 de
1648 1795 1720 1833 hoc

260 1857 414 1906 negotio
428 1855 642 1898 videantur,
665 1862 744 1891 tum
764 1868 830 1892 eas
851 1855 1042 1892 orationes
1064 1854 1338 1905 pulcherrimas
1358 1868 1442 1892 esse
1461 1868 1616 1901 censeo,
1632 1871 1719 1907 quae

261 1925 299 1956 et
324 1917 498 1954 maximis
528 1916 576 1952 de
603 1917 717 1952 rebus
745 1922 866 1965 agunt
893 1923 931 1953 et
962 1923 1153 1953 oratorum
1182 1916 1335 1966 ingenia
1362 1916 1527 1953 maxime
1559 1917 1717 1955 demon-

259 1986 381 2017 strant
402 1985 440 2015 et
459 1977 672 2014 utilissimae
697 1984 787 2014 sunt
815 1977 1073 2023 audientibus,
1097 1990 1259 2027 quarum
1280 1977 1328 2013 de
1356 1989 1514 2014 numero
1540 1978 1624 2015 haec
1645 1987 1718 2017 est.

262 2038 411 2077 Deinde
430 2039 565 2075 harum
587 2051 742 2087 quoque
762 2051 887 2074 rerum
910 2045 1082 2089 tempora
1100 2038 1272 2075 nondum
1294 2038 1571 2088 praeterierunt,
1591 2048 1634 2077 ut
1652 2053 1717 2078 eas

259 2099 430 2138 oratione
454 2100 628 2135 renovari
654 2111 978 2148 supervacaneum
1009 2100 1068 2136 sit.
1126 2100 1224 2135 Tum
1256 2100 1356 2136 enim
1384 2100 1536 2136 demum
1565 2100 1718 2139 dicendi

261 2161 345 2198 finis
366 2167 424 2197 est
449 2158 665 2203 faciendus,
684 2171 800 2207 quum
821 2165 888 2195 aut
913 2171 971 2195 res
997 2159 1089 2209 ipsae
1112 2165 1278 2209 peractae
1306 2166 1396 2196 sunt
1424 2173 1548 2209 neque
1572 2161 1652 2210 jam
1681 2162 1716 2198 in

260 2220 573 2260 deliberationem
593 2219 752 2264 eadunt,
773 2225 838 2256 aut
857 2232 975 2269 quum
996 2220 1116 2257 oratio
1136 2220 1188 2257 sic
1209 2220 1406 2257 elaborata
1426 2227 1485 2257 est
1505 2228 1547 2257 ut
1568 2221 1613 2258 ad
1634 2223 1716 2273 ejus

261 2281 526 2321 excellentiam
549 2279 639 2317 nihil
660 2281 707 2317 ab
730 2279 808 2317 ullo
828 2280 918 2317 addi
940 2293 1051 2330 posse
1072 2281 1258 2318 videatur.
1299 2281 1376 2318 Sed
1397 2281 1571 2332 quandiu
1592 2289 1736 2333 neque‘

259 2357 383 2382 rerum
395 2349 516 2380 status
525 2340 752 2379 emendatus
763 2342 981 2392 estetprius
992 2343 1131 2380 habitae
1145 2344 1335 2381 orationes
1344 2356 1477 2394 parum
1493 2345 1716 2394 probantur,

261 2408 309 2445 de
324 2405 389 2444 tali
404 2404 574 2442 oratione
588 2403 822 2452 exquirenda
836 2417 963 2441 nonne
979 2404 1247 2442 meditandum
1264 2412 1302 2442 et
1315 2405 1449 2442 sedulo
1464 2406 1715 2455 cogitandum

260 2474 330 2512 est,
349 2480 437 2516 quae
457 2465 487 2502 si
506 2477 689 2515 prospere
709 2465 939 2502 successerit
960 2471 999 2502 et
1014 2465 1203 2502 intestinis
1222 2464 1334 2502 bellis
1353 2473 1390 2502 et
1410 2465 1468 2502 his
1490 2467 1715 2505 tumultibus

262 2528 448 2577 malisque
463 2525 636 2563 maximis
651 2538 720 2562 nos
736 2525 897 2563 liberare
912 2525 1057 2575 possit?
1087 2525 1296 2571 Praeterea,
1313 2527 1344 2563 si
1359 2527 1434 2564 alio
1451 2527 1564 2564 modo
1580 2528 1714 2565 iisdem

261 2591 309 2628 de
325 2589 439 2626 rebus
456 2587 561 2624 nulla
575 2586 722 2623 ratione
741 2586 870 2624 dicere
890 2586 1036 2632 liceret,
1057 2600 1384 2637 supervacaneum
1401 2588 1566 2638 judicari
1585 2596 1718 2638 posset

259 2652 393 2688 iterata
412 2647 586 2698 ejusdem
603 2647 816 2697 argumenti
836 2660 912 2684 non
930 2647 1101 2684 dissimili
1123 2648 1351 2685 tractatione
1371 2648 1585 2686 obtundere
1607 2650 1715 2687 audi—

258 2718 379 2749 tores:
409 2721 527 2758 quum
548 2715 676 2745 autem
694 2720 740 2744 ea
755 2708 805 2745 sit
818 2715 955 2745 natura
976 2708 1176 2753 sermonis,
1194 2715 1237 2746 ut
1256 2721 1315 2745 res
1336 2709 1485 2746 eaedem
1502 2709 1604 2746 varie
1624 2723 1715 2760 pos-

261 2773 338 2810 sint
357 2769 550 2820 explicari,
566 2768 806 2818 dicendoque
822 2775 901 2805 tum
914 2781 1055 2819 magna
1069 2769 1231 2819 deprimi
1246 2776 1326 2806 tum
1342 2769 1568 2818 exaggerari
1584 2782 1714 2819 parva,

259 2842 340 2872 tum
359 2839 489 2870 vetera
509 2842 608 2867 nova
624 2830 771 2867 ratione
790 2829 865 2867 dici
887 2836 967 2866 tum
988 2829 1033 2866 iis
1055 2842 1142 2879 quae
1163 2843 1298 2868 recens
1317 2836 1404 2867 acta
1425 2836 1516 2866 sunt
1533 2830 1713 2879 quaedam

262 2893 462 2933 vetustatis
483 2891 611 2941 opinio
637 2890 832 2928 conciliari
856 2897 986 2940 queat,
1012 2903 1088 2927 non
1114 2891 1246 2940 utique
1273 2902 1318 2927 ea
1346 2889 1529 2939 fugienda
1556 2897 1646 2928 sunt
1667 2890 1713 2928 de
