1870 3277
628 192 1109 230 PANATHENAICUS.
1530 196 1604 232 163

139 295 214 333 illis
241 295 459 346 contigerit.
530 295 630 333 Nam
659 295 934 334 Erichthonius
954 295 1132 334 Vulcano
1158 302 1196 333 et
1222 296 1376 336 Tellure
1402 299 1556 349 genitus
1583 311 1605 338 a

139 359 330 409 Cecrope,
364 358 430 409 qui
464 358 645 397 masculis
676 357 805 395 liberis
836 358 953 395 orbus
988 357 1227 402 decesserat,
1263 357 1532 398 haereditatem
1566 368 1606 399 et

137 432 299 471 regnum
319 420 488 470 accepit:
519 419 609 456 hinc
637 430 771 456 omnes
793 430 880 456 eum
902 417 1039 464 secuti,
1063 431 1141 456 non
1169 418 1284 468 pauci
1314 432 1490 468 numero,
1510 433 1605 473 opes

137 488 176 519 et
214 481 370 532 imperia
402 494 470 533 per
508 479 793 518 successionem
834 479 913 517 suis
954 479 1086 518 liberis
1120 479 1358 530 reliq-uerunt
1392 494 1517 532 usque
1555 483 1605 522 ad

136 543 343 581 Theseum.

190 605 256 641 49.
288 605 348 642 De
368 604 479 655 cujus
499 602 679 653 equidem
699 602 841 641 virtute
867 604 1061 654 rebusque
1091 602 1212 654 gestis
1233 615 1468 655 magnopere
1488 605 1603 644 velim

136 679 198 703 me
225 666 329 717 prius
358 665 451 702 nihil
477 664 727 703 disseruisse:
758 665 876 715 longe
895 665 996 703 enim
1022 665 1148 715 aptius
1177 665 1215 702 in
1243 666 1415 704 oratione
1447 666 1522 704 hac
1552 667 1602 705 de

135 727 229 764 urbe
250 734 379 764 nostra
406 726 580 763 instituta
605 726 653 764 de
674 739 720 764 eo
742 726 948 765 diceretur.
1008 727 1086 764 Sed
1107 726 1258 764 difficile
1277 727 1364 773 fuit,
1384 728 1446 765 vel
1474 728 1603 778 potius

136 787 216 824 fieri
245 800 319 825 non
353 788 490 838 potuit,
518 795 561 825 ut
587 801 632 826 ea
650 802 737 839 quae
765 789 830 826 illo
853 796 1026 840 tempore
1056 789 1094 826 in
1125 797 1295 828 mentem
1315 791 1526 829 veniebant
1551 791 1601 830 ad

132 848 233 887 hanc
254 851 496 888 occasionem
526 858 828 897 reservarentur,
849 864 965 901 quam
985 851 1158 889 oblatum
1186 852 1230 889 iri
1256 852 1414 890 minime
1434 866 1605 903 praesen-

131 910 254 948 tirem.
314 912 386 950 Illa
406 912 521 964 igitur
541 913 763 951 omittemus
783 926 872 964 quae
893 912 983 950 olim
1003 913 1042 950 in
1064 917 1146 961 eJus
1168 914 1352 965 temporis
1374 927 1488 952 usum
1508 927 1602 953 con·

132 973 331 1020 vertimus,
365 981 404 1012 et
436 975 550 1013 unius
587 982 735 1012 tantum
770 975 862 1012 facti
901 975 1139 1015 mentionem
1172 975 1373 1021 facIemus,
1407 976 1515 1027 quod
1550 978 1604 1016 ita

132 1035 275 1073 accidit
295 1044 336 1073 ut
357 1050 480 1087 neque
504 1037 553 1074 sit
573 1037 677 1087 prius
699 1036 917 1088 expositum
942 1050 1068 1087 neque
1096 1037 1242 1076 factum
1264 1039 1312 1075 ab
1335 1038 1413 1076 ullo
1433 1037 1509 1075 alio
1529 1038 1604 1077 nisi

133 1109 156 1133 a
184 1096 349 1143 Theseo,
377 1098 528 1136 virtutis
555 1111 645 1137 vero
671 1099 753 1150 ejus
783 1106 823 1136 et
851 1098 1068 1150 prudentiae
1098 1098 1250 1150 insigne
1278 1100 1452 1151 praebeat
1479 1099 1603 1139 docu-

133 1168 320 1198 mentum.

185 1223 250 1259 50.
282 1223 383 1260 Nam
403 1236 523 1273 quum
544 1236 706 1273 regnum
727 1222 890 1260 haberet
904 1222 1140 1261 tutissimum
1160 1229 1199 1260 et
1220 1223 1442 1267 maximum,
1461 1222 1501 1260 in
1522 1236 1601 1274 quo

130 1283 271 1321 multas
288 1291 327 1322 et
339 1285 544 1335 praeclaras
560 1298 619 1322 res
636 1291 810 1335 gesserat
826 1291 906 1321 tum
922 1284 1026 1322 bella
1041 1284 1291 1335 suscipiendo
1307 1290 1389 1322 tum
1406 1284 1601 1323 civitatem

129 1346 449 1392 administrando,
469 1347 599 1384 omnia
615 1346 700 1384 haec
721 1346 908 1397 despexit,
929 1352 968 1383 et
988 1345 1149 1396 gloriam
1168 1344 1364 1383 laboribus
1380 1346 1600 1384 certamini-

127 1409 279 1459 busque
299 1417 464 1460 partam,
486 1422 600 1460 quam
621 1421 749 1459 neque
769 1414 942 1446 vetustas
971 1408 1150 1446 obrueret
1178 1420 1250 1445 nec
1276 1407 1417 1446 oblivio
1439 1407 1600 1455 deleret,

127 1470 279 1521 ignavae
307 1472 510 1523 beataeque
538 1471 627 1509 vitae
655 1469 824 1522 praetulit
843 1483 922 1521 qua
952 1476 1108 1521 propter
1136 1482 1299 1520 regnum
1328 1469 1367 1506 in
1393 1470 1600 1521 praesentia

127 1532 201 1570 frui
220 1533 405 1571 licuisset.
464 1534 514 1570 Et
533 1533 617 1571 haec
639 1533 731 1583 egit,
757 1545 836 1570 non
864 1531 928 1569 ubi
948 1531 1227 1576 consenuisset,
1246 1530 1404 1569 fastidio
1425 1531 1598 1582 quodam

127 1601 165 1631 et
199 1594 377 1632 satietate
410 1595 597 1632 bonorum
630 1594 784 1632 illorum
817 1593 1026 1638 adductus,
1061 1592 1131 1631 sed
1164 1592 1201 1630 in
1230 1592 1315 1644 ipso
1349 1594 1474 1630 aetatis
1503 1593 1597 1632 flore

129 1656 275 1701 urbem,
295 1663 339 1694 ut
367 1657 508 1702 ferunt,
537 1655 774 1694 multitudini
805 1655 1014 1706 regendam
1043 1654 1230 1706 permisit,
1258 1654 1341 1705 ipse
1365 1661 1496 1692 autem
1515 1661 1598 1693 tum

125 1730 195 1768 pro
215 1730 262 1755 ea
281 1725 362 1755 tum
385 1731 453 1769 pro
473 1718 556 1756 aliis
579 1718 726 1755 Graecis
747 1717 850 1755 adire
871 1716 1044 1769 pericula
1062 1729 1140 1755 non
1162 1715 1324 1754 destitit.

178 1781 243 1817 51.
274 1780 332 1818 Ac
353 1780 401 1817 de
420 1780 561 1818 Thesei
583 1779 739 1831 quidem
767 1779 906 1816 virtute
937 1791 1042 1816 nunc
1065 1785 1109 1817 ut
1129 1778 1238 1816 licuit
1257 1777 1465 1816 admonere
1486 1777 1596 1816 audi-

123 1848 224 1879 tores
244 1842 450 1887 voluimus,
469 1842 559 1879 olim
579 1841 752 1879 facinora
769 1841 852 1892 ejus
872 1841 1000 1879 omnia
1016 1854 1093 1879 non
1109 1840 1356 1891 negligenter
1376 1840 1592 1892 persecuti:

125 1903 173 1941 de
192 1903 341 1941 illorum
363 1910 491 1941 autem
513 1903 693 1941 laudibus
714 1904 779 1954 qui
800 1902 904 1940 urbis
928 1902 1301 1940 administrationem
1321 1903 1370 1940 ab
1393 1915 1440 1941 eo
1461 1915 1594 1940 susce-

124 1975 277 2017 perunt,
305 1966 436 2004 nescio
455 1966 548 2017 quid
574 1966 783 2004 dicendum
815 1965 862 2003 sit
893 1965 1009 2002 animi
1039 1971 1147 2003 tanta
1174 1965 1402 2016 praestantia
1421 1964 1595 2015 dignum.

123 2027 213 2074 Qui,
233 2041 353 2078 quum
373 2027 741 2079 rerumpublicarum
767 2027 1037 2065 distinctiones
1068 2027 1304 2077 ignorarent,
1324 2025 1360 2063 in
1384 2024 1595 2076 deligendo

123 2102 200 2127 non
220 2091 448 2127 aberrarunt
473 2091 520 2127 ab
541 2102 588 2127 ea
614 2089 814 2140 republica
832 2102 921 2140 quae
941 2088 1190 2127 confessione
1217 2088 1387 2126 omnium
1414 2100 1493 2124 non
1522 2086 1594 2124 hu-

124 2152 348 2190 manissima
367 2159 518 2188 tantum
548 2159 586 2188 et
613 2151 835 2200 aequissima
861 2158 978 2194 osset,
1011 2151 1077 2185 sed
1100 2158 1138 2185 et
1157 2151 1334 2188 omnibus
1354 2149 1423 2199 qui,
1441 2163 1488 2187 ea
1506 2156 1593 2188 ute-

121 2220 251 2251 rentur
267 2213 472 2250 utilissima
487 2210 834 2263 etjucundissima.
866 2209 1159 2247 Democratiam
1175 2210 1276 2246 enim
1294 2210 1592 2256 constituerunt,

123 2288 200 2313 non
222 2288 306 2313 eam
327 2288 415 2325 quae
443 2282 588 2312 temere
614 2273 794 2310 misceret
821 2271 965 2314 omnia,
997 2277 1036 2308 et
1061 2270 1099 2307 in
1120 2269 1337 2320 petulantia
1356 2270 1590 2317 libertatem,

122 2337 161 2374 in
181 2337 337 2374 licentia
355 2334 507 2386 quidvis
535 2335 676 2385 agendi
704 2334 927 2372 felicitatem
955 2332 1180 2378 collocaret,
1210 2332 1279 2370 sed
1300 2346 1388 2383 quae
1409 2333 1501 2370 talia
1519 2333 1591 2370 im—

120 2399 316 2449 probaret,
342 2404 458 2448 atque
487 2396 727 2434 aristocratia
759 2401 953 2433 uteretur:
992 2407 1080 2445 quae
1101 2406 1220 2444 quum
1248 2394 1453 2432 utilissima
1479 2395 1540 2440 sit,
1569 2408 1592 2433 a

120 2460 250 2511 vulgo,
271 2467 312 2497 ut
330 2472 378 2497 ea
395 2460 430 2496 in
453 2472 530 2509 qua
552 2471 693 2497 census
715 2458 812 2496 ratio
832 2457 1010 2502 habetur,
1040 2456 1079 2493 in
1100 2456 1325 2506 rebuspubl.
1349 2462 1588 2501 numeratur,

119 2535 196 2561 non
217 2522 322 2573 quod
341 2535 387 2560 ex
407 2521 561 2559 inscitia
589 2521 784 2572 ignorent,
809 2518 878 2558 sed
908 2519 999 2569 quia
1026 2517 1120 2556 nihil
1150 2530 1321 2567 unquam
1341 2517 1588 2567 cogitationis

120 2596 167 2622 ea
186 2585 235 2622 de
255 2597 295 2622 re
314 2589 586 2634 susceperunt.

173 2647 238 2682 52.
269 2645 353 2696 Ego
373 2658 462 2683 vero
489 2646 632 2683 formas
658 2643 1027 2694 rerumpublicarum
1055 2648 1132 2678 tres
1159 2640 1350 2678 duntaxat
1377 2652 1462 2679 esse
1481 2641 1586 2690 dico,

120 2706 385 2758 oligarchiam‚
414 2707 708 2751 democratiam,
731 2705 1011 2744 monarchiam:
1045 2703 1108 2753 qui
1129 2703 1245 2754 igitur
1266 2702 1324 2741 his
1354 2710 1532 2751 utuntur,
1556 2706 1588 2744 si

120 2769 367 2818 magistratus
397 2776 436 2807 et
461 2776 606 2808 caetera
633 2768 764 2805 munia
792 2768 934 2806 civium
963 2765 1272 2816 prudentissimis
1301 2772 1341 2803 et
1367 2766 1511 2816 optime
1541 2780 1586 2806 ac

113 2829 326 2879 justissime
353 2831 541 2868 curaturis
570 2829 699 2868 omnia
726 2829 924 2873 mandent,
952 2839 1018 2864 eos
1047 2827 1084 2863 in
1111 2826 1246 2877 quavis
1275 2827 1475 2878 republica
1502 2835 1585 2866 tum

119 2892 217 2928 inter
237 2904 279 2928 se
297 2899 377 2929 tum
403 2905 496 2944 erga
521 2893 617 2931 alios
645 2892 747 2930 felici
779 2898 881 2931 statu
903 2891 1073 2931 futur0s;
1106 2889 1171 2940 qui
1195 2902 1282 2928 vero
1303 2889 1586 2929 audacissimos

116 2957 155 2988 et
174 2951 474 3002 improbissimos
495 2953 683 3004 deligunt,
704 2953 770 3003 qui
799 2959 879 2989 tum
908 2949 1129 3002 reipublicae
1157 2950 1363 2990 utilitatem
1382 2950 1587 3004 negligant
