1870 3277
253 166 329 201 466
850 163 1086 202 LYCURGI

257 272 385 315 aperte
406 264 549 302 indicat
569 277 609 302 se
628 265 682 302 ita
701 272 873 315 paratum
893 279 976 304 esse
995 273 1038 302 ut
1057 264 1148 302 nihil
1169 265 1284 302 faciat
1302 276 1430 302 eorum
1447 277 1533 315 quae
1552 275 1692 302 conve·

256 327 364 363 niant
383 327 491 363 bonis
514 325 614 370 viris,
636 327 814 376 quocirca
829 327 913 377 jure
933 328 979 364 de
1000 339 1045 364 eo
1065 333 1144 362 tum
1166 338 1232 362 vos
1253 332 1332 362 tum
1354 324 1448 362 deos
1467 324 1695 362 vindicaturi

256 387 436 425 ultionem
457 387 631 425 sumetis.
684 387 808 437 Cupio
827 396 952 426 autem
973 401 1041 425 vos
1061 386 1488 436 audirejusjurandum.
1545 385 1682 422 Recita

256 448 391 485 scriba.

766 551 1181 589 JUSJURANDUM.

255 631 470 669 Honestum
491 642 596 674 sane,
609 629 775 677 judices,
792 636 831 666 et
847 636 1021 666 sanctum
1037 637 1095 666 est
1108 628 1392 679 jusjurandum.
1438 627 1538 677 Ergo
1556 630 1692 676 praeter

252 691 325 729 hoc
340 692 465 730 omnia
481 691 568 728 fecit
584 690 799 728 Leocrates.
835 691 951 740 Atqui
966 691 1028 740 qui
1043 691 1243 740 quisquam
1259 688 1397 739 poterit
1415 701 1498 725 esse
1517 686 1693 736 impurior

254 759 321 791 aut
342 753 461 803 magis
481 765 564 790 esse
591 752 722 802 patriae
752 751 944 802 proditor?
981 752 1069 794 Qua
1089 765 1175 788 vero
1204 751 1346 788 ratione
1369 762 1471 786 arma
1491 748 1693 798 quisquam

252 814 384 865 majori
405 814 610 864 ignominia
626 813 807 858 affecerit,
822 826 935 863 quam
958 813 988 849 si
1008 813 1178 862 accipere
1199 812 1293 848 nolit
1313 811 1519 860 hostesque
1537 806 1694 860 juvare?

252 889 330 926 quo
359 882 483 912 autem
510 875 661 912 astitem
683 887 793 911 suum
814 881 852 911 et
881 875 1001 910 aciem
1023 886 1096 910 non
1119 872 1375 921 dereliquerit,
1401 871 1463 921 qui
1492 883 1566 907 non
1595 868 1696 906 exhi-

251 936 333 973 buit
356 948 494 985 corpus
514 948 625 972 suum
646 934 861 985 imperatori
882 933 917 970 in
938 934 1056 970 aciem
1075 931 1352 970 ordinandum?
1381 944 1456 980 quo
1477 931 1589 967 modo
1606 942 1693 966 vero

249 1009 318 1048 pro
347 996 490 1034 sanctis
520 1002 558 1032 et
587 995 703 1032 sacris
733 995 930 1045 pugnavit,
961 994 1025 1043 qui
1055 993 1145 1030 nihil
1176 992 1329 1043 periculi
1359 989 1560 1028 sustinuit?
1607 989 1695 1032 Qua

249 1064 375 1095 autem
406 1057 545 1107 majore
567 1057 726 1107 patriam
754 1068 859 1092 suam
889 1055 1103 1105 proditione
1129 1055 1286 1104 prodere
1306 1053 1440 1104 potuit,
1466 1065 1579 1101 quam
1600 1049 1694 1088 hac?

249 1125 429 1169 quantum
449 1118 548 1155 enim
571 1117 617 1154 ad
640 1117 761 1167 ipsum
784 1117 935 1161 attinet,
962 1117 1148 1154 destituta
1175 1118 1244 1153 sub
1271 1115 1435 1152 hostium
1463 1120 1694 1164 potestatem

249 1180 365 1218 venit.
414 1178 527 1216 Hunc
546 1191 637 1228 ergo
659 1192 734 1215 non
755 1177 939 1215 occidetis
957 1178 1123 1215 omnium
1144 1176 1362 1225 injuriarum
1378 1174 1506 1212 reum?
1537 1175 1694 1224 Ecquos

251 1240 367 1291 igitur
387 1239 574 1291 punietis?
604 1239 667 1289 qui
691 1252 806 1276 unum
827 1239 1022 1289 quoddam
1049 1252 1096 1276 ex
1118 1238 1163 1275 iis
1189 1237 1316 1274 multis
1336 1249 1496 1287 quorum
1517 1237 1588 1273 iste
1609 1247 1695 1273 reus

252 1309 312 1340 est
332 1302 543 1339 commisit?
581 1301 707 1338 Facile
731 1313 821 1351 ergo
848 1301 916 1337 erit
946 1299 1048 1351 apud
1071 1313 1138 1337 vos
1166 1299 1204 1336 in
1231 1298 1380 1348 magnis
1406 1298 1636 1348 delinquere,
1664 1296 1695 1334 si

250 1362 457 1400 videamini
476 1363 524 1399 ob
546 1362 689 1398 minora
709 1361 849 1398 delicta
870 1360 1040 1411 graviore
1061 1360 1199 1397 irarum
1220 1367 1316 1396 aestu
1337 1359 1535 1396 fluctuare.

304 1425 363 1461 19.
394 1423 480 1460 Hoc
507 1423 660 1473 insuper
680 1435 748 1460 vos
777 1421 923 1459 discere
954 1435 1051 1472 opus
1085 1428 1156 1465 est,
1181 1421 1259 1465 viri,
1280 1420 1383 1470 quod
1414 1420 1694 1457 firmamentum

248 1490 370 1522 status
386 1484 530 1533 reipub.
551 1483 744 1534 popularis
764 1489 823 1520 est
837 1482 1122 1533 jusjurandum.
1177 1482 1265 1519 Tria
1283 1482 1380 1519 enim
1404 1489 1493 1519 sunt
1521 1495 1587 1532 per
1607 1494 1694 1532 quae

248 1545 416 1595 respubl.
436 1544 627 1589 consistit,
649 1544 840 1594 princeps,
863 1543 1000 1593 judex,
1017 1550 1054 1580 et
1073 1544 1258 1593 privatus.
1317 1543 1463 1579 Horum
1485 1543 1598 1593 igitur
1617 1543 1697 1593 qui-

246 1607 339 1644 libet
358 1606 457 1643 hanc
478 1606 591 1643 fidem
611 1605 689 1643 dat.
749 1605 911 1641 Merito:
943 1604 1111 1655 plerique
1133 1605 1231 1641 enim
1249 1605 1314 1654 qui
1333 1604 1548 1641 hominibus
1574 1604 1694 1654 impo-

247 1673 343 1704 nunt
381 1667 526 1704 latuere
558 1679 629 1704 nec
659 1679 681 1703 a
713 1665 967 1716 praesentibus
998 1665 1175 1715 periculis
1210 1654 1375 1703 absoluti
1414 1665 1533 1711 fuere,
1562 1678 1695 1702 verum

245 1728 360 1767 etiam
381 1728 453 1765 alio
473 1735 643 1778 tempore
659 1727 829 1764 insontes
843 1727 890 1763 ab
906 1725 1055 1763 delictis
1071 1726 1175 1764 hisce
1192 1735 1438 1777 permanent;
1458 1727 1551 1765 deos
1567 1735 1694 1765 autem

246 1802 371 1840 neque
392 1789 566 1840 pejerans
589 1787 726 1838 aliquis
747 1787 924 1825 fefellerit
943 1800 1068 1837 neque
1098 1800 1249 1838 poenam
1280 1789 1327 1825 ab
1359 1788 1447 1839 ipsis
1472 1788 1695 1839 impenden-

247 1859 322 1889 tem
344 1859 411 1888 aut
430 1849 655 1900 supplicium
687 1848 863 1894 evaserit,
895 1856 934 1886 at
965 1848 995 1886 si
1029 1862 1105 1886 non
1137 1849 1232 1899 ipse,
1262 1849 1368 1897 liberi
1398 1850 1482 1900 ejus
1511 1857 1639 1887 tamen
1655 1857 1695 1888 et

246 1924 358 1950 omne
377 1924 498 1962 genus
518 1910 723 1962 pejerantis
743 1910 781 1947 in
806 1922 948 1960 magna
967 1909 1188 1948 discrimina
1207 1917 1245 1948 et
1267 1910 1527 1948 infelicitatem
1548 1910 1693 1950 incidit.

250 1972 611 2024 Proinde,judices,
630 1971 730 2009 hanc
756 1971 871 2008 fidem
899 1972 1097 2009 firmarunt
1117 1971 1269 2022 hocque
1293 1984 1332 2009 se
1356 1971 1499 2009 foedere
1531 1979 1567 2009 et
1590 1972 1694 2023 jure-

242 2033 410 2084 jurando
428 2033 719 2071 obstrinxerunt
738 2031 841 2082 apud
862 2031 1028 2070 Plataeas
1056 2032 1196 2077 Graeci,
1217 2032 1371 2082 quando
1397 2033 1542 2082 junctis
1572 2034 1693 2084 copiis

245 2094 452 2145 pugnaturi
482 2100 589 2131 erant
619 2100 753 2131 contra
782 2093 919 2130 Xerxis
940 2093 1028 2137 vim,
1048 2106 1124 2130 non
1156 2093 1204 2130 ab
1236 2106 1320 2131 sese
1353 2093 1603 2140 invenientes,
1623 2095 1693 2133 sed

245 2154 436 2192 imitantes
453 2162 683 2192 consuetum
702 2153 805 2204 apud
825 2167 890 2191 vos
908 2153 1188 2204 jusjurandum.
1246 2154 1360 2198 Quod
1382 2153 1512 2191 auditu
1533 2155 1692 2205 dignum

246 2221 328 2254 est:
359 2215 496 2252 etenim
519 2228 637 2264 quum
658 2214 818 2264 antiqua
838 2215 915 2252 sint
934 2222 1025 2252 tunc
1046 2215 1228 2265 temporis
1249 2215 1364 2259 facta,
1384 2215 1534 2252 exiliter
1565 2223 1692 2253 tamen

249 2276 399 2327 scriptis
437 2275 477 2313 in
513 2275 631 2314 literis
663 2275 814 2313 illorum
849 2275 1025 2314 virtutem
1053 2275 1182 2313 videre
1221 2282 1294 2313 est.
1349 2276 1451 2327 Lege
1482 2290 1573 2327 ergo
1603 2278 1694 2315 mihi

246 2338 386 2389 ipsum.
1724 2339 1727 2343 ’

758 2416 1176 2455 JUSJURANDUM.

286 2493 380 2523 Haud
398 2493 566 2524 anteferam
579 2494 673 2524 vitam
689 2493 837 2529 libertati,
853 2504 954 2534 neque
971 2495 1066 2524 duces
1083 2495 1221 2525 deseram
1237 2505 1338 2536 neque
1352 2495 1486 2527 viventes
1502 2507 1600 2538 neque
1614 2507 1692 2528 mor-

243 2549 323 2578 tuos,
338 2545 391 2574 sed
413 2544 511 2574 socios
535 2544 588 2585 qui
611 2545 643 2574 in
668 2545 772 2584 praelio
798 2544 997 2575 occubuerint
1018 2555 1123 2574 omnes
1150 2545 1265 2575 tumulo
1289 2547 1433 2576 condam.
1477 2547 1526 2578 Ac
1548 2548 1574 2577 si
1593 2549 1693 2578 vicero

244 2595 348 2635 praelio
363 2595 506 2625 barbaros
524 2595 744 2635 victoriamque
761 2594 934 2630 obtinuero,
957 2605 1060 2625 earum
1078 2595 1195 2625 urbium
1215 2606 1285 2636 quae
1303 2607 1356 2636 pro
1376 2595 1496 2626 Graecia
1512 2597 1695 2628 dimicarunt

245 2645 359 2676 nullam
375 2645 499 2676 sedibus
512 2645 635 2686 pellam,
653 2656 704 2676 eas
720 2655 790 2675 vero
805 2657 873 2687 quae
889 2655 944 2686 pro
959 2645 1085 2675 barbaro
1108 2651 1188 2675 stare
1205 2646 1376 2676 maluerunt
1390 2657 1493 2677 omnes
1510 2648 1672 2678 decimabo
1687 2660 1694 2678 :

245 2697 491 2737 templorumque
506 2708 523 2727 a
533 2697 665 2727 barbaris
679 2698 874 2727 incensorum
889 2707 924 2727 ac
937 2696 1123 2737 dejectorum
1140 2696 1257 2726 nullum
1280 2697 1382 2727 denuo
1396 2704 1545 2729 exstruam
1561 2700 1695 2739 omnino,

246 2747 302 2777 sed
318 2752 547 2777 monumentum
560 2747 688 2788 posteris
700 2747 797 2778 sinam
812 2747 941 2788 relinqui
953 2747 1145 2778 barbarorum
1164 2747 1339 2787 impietatis.

247 2830 356 2868 Adeo
384 2843 477 2881 ergo
508 2832 668 2870 ferventi
698 2832 840 2877 studio,-
865 2832 1030 2883 judices,
1062 2834 1100 2871 in
1125 2833 1199 2871 hoc
1225 2842 1516 2883 permanserunt
1546 2849 1692 2883 omnes,

249 2897 347 2928 utet
380 2891 538 2930 deorum
551 2892 866 2932 'benevolentiam
898 2906 1025 2931 secum
1046 2894 1250 2932 habuerint
1283 2895 1532 2945 adjutricem:
1564 2904 1693 2948 atque,
