1870 3277
398 193 471 231 DE
504 190 950 232 PHILOCTEMONIS
983 190 1353 228 HEREDITATE.
1522 186 1594 223 361

164 297 238 342 nis,
257 301 296 333 et
311 295 525 335 Androcles
546 297 626 348 ipse
646 303 808 335 testatus
827 300 900 340 est,
925 292 1091 344 judices,
1111 299 1149 330 et
1175 292 1247 330 hoc
1276 293 1400 342 ipsum
1425 290 1516 328 satis
1541 295 1602 327 est

163 356 440 411 testimonium:
470 367 581 395 nemo
599 357 700 396 enim
718 355 845 394 liberis
875 353 1053 405 genuinis
1079 352 1281 402 quicquam
1307 365 1375 402 per
1394 358 1601 390 testamen-

163 425 244 456 tum
270 418 386 469 legat,
406 420 496 471 quia
516 421 580 471 jus
609 420 717 458 civile
746 417 822 456 filio
854 416 969 467 patris
997 416 1100 457 bonta
1120 414 1282 464 delegat,
1303 419 1523 463 patremque
1542 412 1604 450 cui

162 480 269 518 liberi
286 482 438 532 genuini
457 482 534 519 sint
552 495 629 519 non
657 481 747 519 sinit
764 482 831 530 per
850 483 1123 516 testamentum
1142 476 1390 514 constituere.
1445 474 1603 511 Tabulae

164 540 240 578 illae
254 552 340 580 oum
362 555 427 592 per
445 543 639 580 biennium
654 541 732 578 fere
743 539 957 591 jacuissent
975 544 1013 576 et
1025 536 1173 575 interim
1189 535 1369 573 Chaereas
1384 534 1460 570 vita
1471 546 1605 571 exces-

165 603 290 647 sisset,
304 603 474 641 homines
491 603 530 640 hi
547 601 778 653 [Androcles
793 601 950 652 ejusque
966 597 1186 647 consortes]
1204 596 1369 634 foeminae
1386 593 1528 644 [Aleae]
1541 604 1608 644 per

165 662 410 702 foedissimam
432 662 691 701 adulationem·
708 668 890 712 tanquam
911 660 1100 710 mancipia
1114 658 1257 709 reginae
1277 656 1485 694 servientes
1503 660 1543 691 et
1560 665 1608 690 ex

164 725 246 774 ejus
265 737 330 763 ore
354 731 527 775 nutuque
547 723 775 774 pendentes,
796 732 883 760 cum'
903 726 1105 759 cernerent
1126 717 1380 757 substantiam
1397 715 1607 753 Euctemo-

165 785 224 823 nis
232 786 314 836 jam
325 793 477 836 pessum
489 790 641 822 euntem
656 790 695 822 et
710 784 748 821 in
765 783 873 822 senio
886 789 1002 834 atque
1011 781 1191 820 vecordia
1206 779 1403 818 delira-ntis
1415 777 1606 828 egregiam

166 846 235 883 sibi
255 845 383 883 datam
401 845 723 897 opportunitatem
742 844 911 894 furandi,
931 857 1008 882 una
1028 857 1114 882 cum
1135 842 1295 880 foemina
1312 839 1552 889 fortunisque.
1572 843 1611 875 et

164 907 289 945 ruenti
308 908 388 958 jam
415 908 515 946 senis
543 907 660 946 menti
687 914 824 958 parant
848 906 1016 944 insidias.
1086 905 1136 943 Et
1164 905 1324 956 primum
1346 901 1499 954 quidem
1520 912 1608 955 eum

164 964 368 1018 impellunt
387 975 428 1006 ut
442 975 712 1007 testamentum
733 969 883 1016 tolleret
897 974 1010 1019 atque
1025 980 1094 1018 pro
1109 967 1211 1005 irrito
1233 965 1454 1008 declararet,
1470 962 1610 1013 quippe

165 1029 270 1079 quod
285 1041 306 1066 e
322 1043 360 1067 re
374 1038 576 1080 puerorum
593 1030 696 1068 haud
709 1036 829 1073 esset;
851 1030 1033 1080 quoniam
1049 1029 1146 1080 ipso,
1162 1029 1412 1071 Euctemone,
1428 1024 1611 1061 defuncto

165 1086 352 1128 bonorum
377 1091 626 1130 immobilium
659 1104 769 1128 nemo
802 1091 899 1129 alius
931 1091 979 1129 sit
1010 1091 1198 1141 potiturus
1233 1100 1347 1139 quarn
1376 1086 1462 1123 filiae
1490 1085 1610 1135 ipsius

166 1160 373 1203 earumque
404 1153 531 1191 liberi:
568 1153 775 1191 fundorum
803 1159 929 1191 autem
961 1153 991 1190 si
1021 1152 1111 1202 quid
1144 1152 1225 1203 ipse
1259 1150 1385 1188 adhuc
1415 1153 1610 1199 superstes

165 1213 358 1259 venderet,
379 1214 575 1252 redactam
597 1227 644 1251 ex
663 1214 729 1252 illa
746 1213 967 1252 venditione
986 1220 1160 1264 paratam
1186 1211 1391 1263 pecuniam
1417 1209 1497 1246 sine
1517 1220 1607 1245 con-

166 1275 348 1313 troversia
374 1283 517 1313 certam
548 1276 673 1326 pueris
705 1288 789 1313 esse
817 1280 1049 1312 mansuram.
1107 1274 1325 1310 Euctemon
1350 1271 1422 1308 hac
1441 1269 1611 1307 oratione

165 1344 307 1382 motus,
321 1337 449 1374 statim
468 1344 508 1374 ut
528 1336 683 1382 audivit,
704 1336 854 1374 tabulas
869 1335 1087 1374 testamenti
1102 1346 1124 1372 a
1137 1333 1363 1385 Pythodoro
1376 1331 1610 1382 repoposcit,

164 1405 378 1449 provocans
399 1405 441 1435 ut
459 1398 607 1435 tabulas
626 1398 706 1448 ejus
727 1398 765 1434 in
785 1397 950 1435 medium
971 1396 1169 1447 proferret.
1227 1395 1362 1431 Stante
1382 1393 1512 1442 itaque
1532 1391 1612 1440 Py-

164 1459 328 1497 thodoro
352 1471 479 1496 coram
507 1458 702 1502 archonte,
721 1458 848 1496 aiebat
867 1458 1081 1495 Euctemon
1103 1455 1201 1493 velle
1231 1457 1505 1492 testamentum
1526 1463 1549 1488 a
1569 1463 1610 1488 se

165 1520 350 1571 scriptum-
367 1519 511 1558 tollere.
569 1520 713 1558 Contra
732 1519 989 1571 Pythodoru5‚
1009 1524 1158 1568 negans
1176 1528 1243 1567 per
1270 1528 1310 1553 se
1338 1517 1438 1552 stare
1463 1512 1612 1563 quomi-

167 1594 240 1620 nus
258 1582 426 1629 tollatur',
441 1582 566 1633 ipsum
585 1587 706 1619 semet
725 1581 850 1619 aiebat
873 1581 912 1618 id
938 1580 1072 1618 tollere
1099 1578 1205 1629 quod
1224 1577 1273 1615 ad
1293 1578 1412 1627 ipsum
1436 1575 1616 1614 attineret

168 1643 445 1681 Euctemonem
473 1649 587 1692 atque
609 1642 903 1680 Phanostratum
927 1648 1004 1679 turn
1028 1640 1066 1676 in
1086 1639 1232 1691 judicio
1263 1648 1416 1688 quoque
1444 1648 1612 1687 praesen-

168 1712 265 1748 tem3·
291 1711 424 1742 verum*
441 1704 619 1754 quoniam
641 1703 838 1747 Chaereas,
860 1702 926 1753 qui
945 1701 1175 1752 depositioni
1193 1699 1413 1739 testamenti
1433 1702 1550 1748 penes
1572 1708 1614 1734 se

168 1765 417 1808 interfuisset,
447 1765 591 1804 interea
619 1765 800 1816 temporis
829 1764 922 1802 vivis
950 1763 1186 1802 excessisset
1213 1762 1348 1799 relicta
1378 1759 1469 1803 filia,
1503 1758 1614 1809 cujus

168 1827 256 1864 filiae
277 1827 357 1865 sine
377 1838 569 1865 consensu
590 1827 757 1877 negabat
774 1827 848 1864 hac
869 1826 907 1863 in
927 1838 965 1863 re
985 1825 1190 1875 quicquam
1214 1823 1275 1874 agi
1295 1834 1427 1872 posse,
1447 1828 1527 1857 tum
1544 1819 1614 1857 de-

170 1901 274 1927 mum
296 1888 421 1926 aiebat
439 1899 479 1925 se
498 1894 766 1925 testamentum
789 1887 883 1925 illud
901 1890 1156 1931 cassaturum,
1170 1897 1255 1923 cum
1269 1883 1336 1920 ill-a
1351 1881 1523 1919 Chaereae
1538 1879 1617 1918 filia

169 1955 332 2002 nuptum
352 1949 500 1988 elocata
526 1949 564 1986 in
588 1954 822 2000 potestatem
842 1947 964 1985 mariti
984 1946 1187 1985 transisset
1204 1944 1268 1996 qui
1285 1949 1386 1981 tutor
1407 1948 1448 1980 et
1463 1948 1616 1980 curator

171 2013 253 2064 ejus
273 2016 397 2055 esset;
427 2010 570 2049 archon
592 2023 744 2061 quoque
765 2022 851 2047 cum
880 2009 928 2047 ad
947 2009 1048 2047 hanc
1069 2005 1278 2059 Pythodori
1299 2004 1527 2043 sententiam
1553 2016 1616 2041 ac-

171 2075 355 2113 cessisset
374 2081 414 2112 et
432 2074 486 2111 ita
504 2072 694 2123 agendum
714 2072 1001 2123 pronuntiasset
1029 2084 1126 2115 esse,
1148 2069 1369 2107 Euctemon
1399 2078 1527 2104 coram
1557 2078 1615 2102 ar-

170 2137 312 2175 chonte
332 2136 489 2187 ejusque
508 2135 768 2172 assessoribus
789 2133 947 2184 aliisque
976 2131 1174 2184 permultis
1202 2142 1295 2180 quos
1324 2129 1617 2166 circumstantes

172 2198 436 2236 antestabatur
454 2195 616 2248 primum
637 2208 660 2232 a
679 2194 904 2246 Pythodoro
925 2195 1085 2244 ejusque
1105 2192 1349 2230 consortibus
1371 2188 1617 2240 sponsionem

172 2258 349 2309 exigebat
367 2270 432 2295 eos
454 2269 541 2307 quae
560 2262 714 2294 acturus
735 2268 837 2292 nunc
857 2261 959 2292 esset
977 2260 1059 2292 rata
1082 2253 1282 2291 habituros
1302 2263 1402 2295 esse,
1424 2258 1505 2287 turn
1524 2261 1618 2286 con-

171 2321 293 2371 ceptis
307 2318 432 2357 verbis
448 2318 691 2355 asseverabat
705 2321 977 2354 testamentum
993 2314 1062 2352 sibi
1078 2315 1158 2366 jam
1171 2327 1273 2352 nunc
1286 2312 1433 2350 nullum
1455 2309 1617 2360 amplius

172 2389 334 2432 usquam
362 2379 534 2417 locorum
562 2378 779 2429 depositum
804 2377 947 2428 jacere,
967 2388 1088 2427 eoque
1108 2375 1212 2414 dicto
1232 2374 1376 2418 abibat,
1394 2370 1510 2423 paulo
1530 2375 1618 2420 post

171 2442 212 2480 id
232 2441 401 2479 facturus
421 2442 528 2487 cujus
549 2452 667 2477 causa
683 2439 736 2477 illi
756 2439 869 2490 [Alce
893 2451 981 2476 cum
1001 2437 1195 2489 parasitis]
1223 2448 1308 2474 eum
1330 2433 1379 2471 ad
1399 2431 1618 2470 testamenti

172 2503 459 2555 abrogationem
479 2501 721 2552 impulerant.
787 2500 1021 2538 Vendebant
1040 2511 1177 2549 nempe
1198 2496 1359 2534 fundum
1381 2494 1618 2531 Athmonen-

173 2577 254 2603 sem
275 2563 502 2614 Antiphani,
519 2561 686 2613 quinque
712 2569 750 2600 et
769 2561 1014 2613 septuaginta
1032 2558 1157 2604 minis,
1183 2557 1361 2595 balneum
1380 2567 1469 2593 vero
1490 2553 1527 2590 in
1549 2554 1618 2590 Se·

174 2626 310 2677 vangio
327 2625 480 2676 triginta
498 2623 609 2661 minis
631 2623 851 2669 Antilocho‚
868 2623 1024 2661 domum
1044 2633 1133 2658 vero
1151 2619 1188 2656 in
1205 2619 1296 2656 urbe
1317 2629 1385 2668 pro
1405 2621 1567 2665 quatuor
1581 2610 1620 2651 et²

174 2688 429 2738 quadraginta
440 2687 551 2725 minis
565 2686 855 2738 oppigneratam
871 2684 1045 2723 vendidit
1058 2681 1336 2730 hierophantae:
1358 2681 1619 2729 praetereaque

176 2761 330 2800 gregem
349 2756 547 2799 caprarum·
565 2748 649 2799 ipso
667 2760 754 2785 cum
775 2745 1014 2798 caprimulgo
1034 2743 1218 2782 tredecim
1243 2740 1368 2785 minis,
1389 2746 1427 2777 et
1445 2738 1541 2776 duas
1561 2736 1618 2775 bi-

177 2822 244 2860 gas
263 2808 442 2853 mulares,
461 2808 598 2846 alteras
619 2815 722 2855 octo,
742 2809 881 2846 alteras
902 2807 1070 2856 quinque
1090 2804 1201 2841 minis
1218 2810 1256 2840 et
1271 2801 1440 2847 semisse,
1460 2799 1615 2851 opifices

175 2872 265 2909 item
284 2875 473 2920 quotquot
492 2869 545 2906 illi
565 2876 674 2908 erant
699 2881 846 2908 omnes.
916 2867 1030 2904 Unde
1057 2876 1246 2903 summam
1276 2863 1362 2900 aeris
1394 2861 1618 2912 redigebant

176 2933 262 2983 plus
281 2943 398 2982 quam>
412 2930 482 2968 tria
501 2930 659 2968 talenta.
690 2931 858 2969 Ven'd-ita
878 2929 952 2966 ista
967 2936 1055 2965 sunt
1076 2938 1259 2977 perquam
1279 2925 1355 2962 cito
1374 2930 1463 2974 post
1475 2923 1624 2959 obitum*

861 2992 881 3025 3
911 3002 937 3026 Α
