1870 3277
192 179 235 214 1⁴2
774 174 1064 215 lsOCRATls

242 278 281 313 9.
313 275 374 313 De
395 276 438 312 iis
460 276 572 313 rebus
593 275 658 313 tibi
674 276 823 327 placere
838 277 914 313 noli
929 289 1016 327 quae
1030 274 1173 313 amalis
1192 272 1305 310 etiam
1319 272 1448 323 perfici
1463 280 1642 324 possunt;

189 335 257 375 sed
278 337 452 373 virtutem
475 335 578 373 laudi
600 337 667 374 tibi
688 336 832 382 ducito,
852 337 963 386 cujus
984 336 1090 373 nulla
1110 347 1196 385 pars
1226 333 1403 383 improbis
1422 332 1644 382 contingere

190 404 328 448 potest.
386 396 614 434 verissimos
636 396 800 433 honores
823 409 889 433 eos
909 409 994 433 esse
1015 402 1121 446 puta,
1143 407 1221 431 non
1243 391 1307 442 qui
1330 392 1455 442 palam
1476 405 1522 430 ex
1544 398 1648 429 metu

191 457 256 494 tibi
278 456 479 501 habentur,
502 456 570 494 sed
592 457 621 494 si
641 456 711 507 ipsi
729 456 830 507 apud
848 469 932 494 sese
953 456 1195 506 prudentiam
1211 461 1314 492 tuam
1336 453 1420 505 plus
1441 466 1555 504 quam
1577 454 1649 492 for-

192 524 323 554 tunam
340 517 590 554 admirentur.
622 517 662 553 Si
683 516 778 554 forte
797 517 848 553 ita
860 516 1042 554 ceciderit
1054 523 1095 553 ut
1109 529 1147 553 rc
1160 515 1289 565 aliqua
1302 515 1443 552 leviore
1464 514 1650 564 gaudeas,

193 576 418 628 dissimula3
451 578 518 614 sed
540 590 663 614 rerum
690 578 941 614 maximarum
974 577 1144 615 studium
1174 583 1340 614 ostenta.
1399 574 1489 612 Noli
1517 580 1653 625 putare

195 639 278 678 aliis
300 639 503 676 vivendum
532 653 617 677 esse
645 641 842 678 moderate
871 640 1024 690 regibus
1051 640 1286 690 perturbate,
1313 639 1381 676 sed
1408 646 1475 675 tua
1504 645 1652 686 tempe-

195 701 319 738 rantia
345 701 406 738 fac
432 701 513 738 aliis
534 700 712 752 exemplo
732 702 802 744 sit;
834 714 906 738 nec
939 702 1091 750 ignores
1118 701 1235 737 totius
1265 700 1428 737 civitatis
1456 711 1580 736 mores
1605 697 1653 735 ad

195 761 413 812 exemplum
443 762 736 812 magistratuum
763 762 1006 800 conformari.
1066 760 1151 798 Hoc
1182 761 1249 798 tibi
1283 767 1512 810 argumento
1542 759 1591 797 sit
1617 765 1655 797 te

196 836 315 872 regno
335 823 433 859 bene
461 836 643 872 pracesse,
673 824 703 860 si
732 823 917 874 populum
939 829 977 860 et
1002 821 1289 871 locupletiorem
1315 828 1354 858 et
1383 820 1656 858 modestiorem

197 884 268 922 sub
287 883 442 933 imperio
461 890 526 920 tuo
546 883 675 922 videas
696 897 781 921 esse
801 883 959 921 factum,
1019 882 1210 919 Praestare
1230 888 1323 932 puta
1340 881 1468 919 liberis
1494 879 1568 918 tuis
1587 879 1659 917 ho-

197 952 346 982 nestam
373 943 514 980 samam
545 957 661 994 quam
690 956 851 995 magnas
879 956 972 995 opes
998 942 1236 990 relinquere:
1266 955 1355 980 nam
1384 942 1445 979 hae
1477 941 1659 985 mortales

199 1010 303 1049 sunt,
332 1003 399 1040 illa
418 1003 669 1048 immortalis;
700 1005 802 1043 fama
829 1003 1003 1055 pecuniae
1031 1004 1153 1054 quaeri
1178 1010 1356 1054 possunt,
1385 1003 1458 1040 emi
1487 1002 1660 1054 pecuniis

199 1066 304 1104 fama
316 1077 393 1102 non
412 1071 558 1114 potest;
590 1077 683 1116 opes
700 1066 813 1103 etiam
830 1065 1010 1116 improbis
1022 1065 1230 1115 aliquando
1242 1065 1485 1114 contingunt,
1502 1063 1661 1114 gloriam

200 1138 291 1172 vero
311 1138 443 1175 parare
463 1138 541 1161 non
561 1133 726 1175 possunt
744 1126 818 1163 nisi
838 1127 976 1165 virtute
997 1132 1239 1176 praestantes.
1298 1126 1343 1161 In
1361 1125 1500 1162 vestitu
1521 1131 1560 1162 et
1578 1136 1663 1161 cor-

201 1187 303 1238 poris
322 1192 457 1222 ornatu
479 1185 719 1235 splendidus,
739 1186 776 1222 in
797 1185 878 1223 aliis
900 1185 1115 1224 actionibus
1130 1185 1305 1223 laborum
1325 1185 1509 1229 tolerans,
1523 1191 1606 1231 esto
1621 1190 1664 1220 ut

202 1254 410 1298 regnantes
431 1245 564 1284 decet:
597 1253 639 1283 ut
658 1253 696 1286 et
715 1247 779 1297 qui
804 1246 937 1298 vident
963 1247 1012 1284 ob
1040 1246 1270 1296 adspectum
1298 1253 1335 1283 te
1362 1258 1482 1296 regno
1503 1245 1662 1295 dignum

196 1307 385 1358 judicent,
417 1312 455 1344 et
475 1306 680 1344 familiares
707 1307 762 1344 tui
791 1308 840 1344 ob
871 1306 985 1344 animi
1006 1307 1060 1343 tui
1082 1307 1196 1345 robur
1222 1306 1357 1344 iisdem
1391 1306 1663 1344 assentiantur.

205 1366 416 1405 Considera
443 1379 593 1417 semper
613 1374 653 1405 et
673 1367 777 1404 dicta
798 1374 838 1404 et
858 1368 961 1405 facta
980 1374 1058 1413 tua,
1081 1373 1121 1404 ut
1147 1367 1185 1403 in
1211 1367 1357 1404 delicta
1376 1380 1492 1417 quam
1510 1367 1665 1418 paucis-

204 1422 301 1466 sima
320 1427 478 1465 incidas.
537 1428 740 1478 Optimum
761 1435 866 1465 certe
887 1428 1043 1478 quidem
1062 1435 1122 1465 est
1137 1440 1286 1465 servare
1303 1427 1476 1473 modum,
1498 1428 1565 1465 sed
1576 1440 1667 1478 quo-

203 1484 308 1535 niam
328 1489 358 1526 is
374 1502 449 1525 non
471 1488 582 1526 facile
602 1488 866 1538 cognoscitur,
890 1488 999 1528 malis
1019 1488 1115 1526 citra
1133 1488 1310 1525 resistere
1330 1501 1443 1537 quam
1465 1488 1565 1527 ultra
1579 1501 1666 1540 pro·

206 1550 339 1602 gredi:
370 1539 647 1587 mediocritatis
668 1549 768 1587 enim
791 1551 848 1591 vis
870 1549 994 1601 magis
1015 1550 1053 1586 in
1072 1561 1120 1588 eo
1140 1548 1246 1599 quod
1267 1562 1401 1600 parum
1427 1562 1543 1600 quam
1562 1550 1600 1587 in
1621 1562 1668 1588 eo

208 1604 312 1662 quod
332 1611 491 1659 nimium
511 1618 570 1648 est
591 1611 774 1649 cernitur.
836 1601 840 1607 β

266 1673 328 1709 10
359 1671 540 1721 Urbanus
574 1684 658 1710 esse
693 1672 806 1710 stude
845 1679 883 1710 et
911 1672 1064 1722 gravis:
1103 1684 1267 1722 quorum
1298 1673 1372 1710 hoc
1409 1672 1666 1723 principatum

208 1733 334 1778 decet,
366 1720 460 1770 illud
495 1732 767 1787 congressibus
799 1741 858 1772 est
889 1741 1034 1802 aptum.
1092 1734 1170 1771 Sed
1200 1734 1276 1772 hoc
1303 1742 1362 1772 est
1387 1742 1668 1785 praeceptorum

210 1794 379 1831 omnium
397 1793 685 1845 difficillimum:
717 1807 803 1831 nam
825 1807 891 1832 eos
912 1795 975 1844 qui
995 1795 1220 1844 gravitatem
1243 1795 1424 1833 affectant
1444 1796 1669 1846 plerumque

208 1853 362 1904 frigere,
381 1854 446 1904 qui
470 1867 559 1891 vero
580 1842 714 1892 urbani
734 1867 821 1892 esse
840 1854 1000 1892 student
1020 1868 1086 1898 eos
1107 1856 1269 1893 humiles
1290 1864 1329 1895 et
1348 1856 1519 1907 abjectos
1533 1857 1667 1902 videri,

209 1914 436 1970 comperies.
495 1915 566 1953 Est
592 1922 716 1953 autem
738 1923 899 1966 utraque
924 1916 997 1953 hac
1021 1916 1167 1954 ratione
1187 1918 1386 1963 utendum,
1408 1926 1447 1956 et
1471 1918 1669 1956 finitimum

209 1970 360 2026 utrique
393 1976 678 2014 incommodum
706 1976 984 2027 effugiendum.
1042 1977 1236 2028 Quicquid
1265 1992 1395 2017 earum
1429 1993 1551 2017 rerum
1580 1994 1668 2030 quae

208 2049 343 2087 regum
363 2037 586 2087 cognitione
607 2035 737 2085 dignae
760 2045 849 2076 sunt
867 2045 972 2076 certo
992 2051 1110 2085 nosse
1128 2039 1248 2085 voles,
1267 2040 1317 2077 ad
1338 2040 1375 2077 id
1395 2041 1670 2090 experientiam

209 2105 249 2135 et
279 2098 494 2135 doctrinam
521 2097 726 2135 adhibeto:
772 2111 862 2136 nam
887 2106 930 2136 ut
963 2100 1141 2138 doctrina
1172 2100 1270 2138 viam
1297 2101 1366 2138 tibi
1395 2102 1587 2147 ostendet,
1615 2102 1670 2140 sic

210 2171 337 2208 rerum
356 2158 609 2208 gerendarum
625 2159 900 2197 exercitatione
921 2159 962 2197 id
981 2161 1231 2211 consequeris
1254 2168 1296 2198 ut
1314 2175 1375 2199 res
1397 2163 1532 2200 dextre
1550 2163 1669 2201 admi-

212 2219 367 2272 nistres.
424 2219 565 2270 Cogita
597 2233 683 2270 quae
713 2233 775 2258 res
807 2227 845 2257 et
874 2229 1056 2271 gerantur
1089 2229 1128 2259 et
1159 2222 1329 2260 serantur
1353 2230 1437 2260 tum
1463 2235 1487 2260 a
1514 2224 1670 2274 privatis

212 2274 432 2331 hominibus
448 2286 528 2317 tum
550 2293 571 2318 a
586 2281 839 2332 principibus:
870 2295 960 2320 nam
979 2283 1009 2319 si
1028 2283 1306 2332 praeteritorum
1327 2284 1602 2332 recordaberis,
1623 2286 1671 2324 de

212 2340 350 2378 futuris
366 2340 506 2388 rectius
526 2340 770 2380 deliberabis.
828 2342 988 2380 Minime
1009 2343 1149 2381 decere
1169 2350 1277 2394 puta,
1297 2358 1413 2395 quum
1435 2346 1567 2396 privati
1586 2349 1672 2398 qui-

213 2401 305 2446 dam
330 2400 503 2447 homines
536 2409 695 2440 mortem
724 2403 984 2454 oppetendam
1018 2412 1204 2442 censeant
1234 2412 1277 2443 ut
1301 2416 1389 2457 post
1415 2408 1562 2446 obitum
1587 2410 1670 2447 lau-

215 2461 369 2509 dentur,
389 2474 501 2512 reges
530 2475 597 2500 eas
625 2464 797 2503 actiones
829 2463 962 2514 fugere
984 2478 1072 2513 quae
1094 2465 1307 2505 viventibus
1327 2468 1488 2518 gloriam
1508 2471 1670 2519 pariant.

217 2520 427 2573 Imagines,
453 2537 541 2574 ⁴11¹.ae
566 2524 714 2562 virtutis
742 2532 824 2565 tuae.
838 2525 964 2579 potius
983 2539 1096 2576 quam
1124 2528 1292 2578 corporis
1318 2530 1555 2568 monimenta
1580 2531 1670 2577 sint,

215 2582 278 2631 fac
286 2582 503 2633 relinquas.
563 2585 728 2635 Operam
750 2599 838 2623 cum
859 2587 990 2636 primis
1010 2587 1120 2625 dabis
1141 2596 1184 2625 ut
1204 2597 1243 2626 et
1262 2596 1300 2627 te
1322 2597 1361 2627 et
1381 2591 1538 2628 urbem
1529 2604 1567 2629 m
1588 2598 1672 2630 tuto

216 2642 406 2694 colloces:
438 2645 506 2682 sed
533 2646 564 2683 si
594 2645 805 2702 periculum
835 2647 1058 2689 adeundum
1088 2648 1216 2695 fuerit,
1249 2650 1410 2689 honeste
1436 2652 1531 2697 mori
1556 2666 1671 2702 quam

218 2702 383 2754 turpiter
393 2703 518 2751 vivere
543 2698 789 2756 praeoptabis.
847 2707 892 2744 In
913 2708 1089 2746 omnibus
1109 2710 1183 2747 tuis
1210 2710 1326 2748 factis
1340 2711 1448 2761 regni
1468 2720 1680 2759 memento,

218 2763 456 2814 solliciteque
476 2778 570 2802 cave
589 2779 636 2804 ne
653 2767 745 2817 quid
761 2767 905 2805 honore
926 2768 1000 2806 isto
1020 2769 1219 2821 indiguum
1241 2771 1435 2821 designes.

279 2826 340 2861 11.
371 2824 433 2863 Ne
456 2827 687 2877 committas
706 2836 746 2865 ut
775 2835 912 2867 natura
938 2837 1004 2866 tua
1032 2831 1145 2869 simul
1175 2832 1353 2870 universa
1383 2833 1573 2871 intereat:
1603 2837 1674 2873 sed

219 2898 345 2945 quum
354 2885 428 2924 tibi
453 2898 604 2937 corpus
620 2869 779 2926 uiortale
806 2889 1024 2941 contigerit,
1039 2892 1213 2940 [animus
1242 2892 1495 2941 immortalis,]
1517 2894 1576 2931 fac
1603 2895 1674 2932 im-

221 2940 418 2982 mortalem
443 2945 560 2983 animi
587 2947 641 2983 tui
669 2949 887 2986 memoriam
920 2949 1126 3003 relinquas.
1191 2952 1381 2999 Meditare
1409 2952 1456 2990 de
1483 2955 1673 3003 praeclaris
