1870 3277
256 165 331 199 :324
919 161 1033 198 lSAEI

257 276 346 312 pere
382 270 542 306 recusat,
571 261 637 299 sed
670 262 841 299 rotundis
872 269 909 299 et
939 262 1090 300 disertis
1121 263 1244 300 verbis
1276 272 1392 313 negat
1426 263 1494 300 sibi
1526 269 1701 299 constare

257 324 389 361 horum
419 325 625 374 quicquam
651 336 780 361 verum
815 335 913 360 esse.
973 324 1225 361 Luculentum
1257 337 1329 374 ego
1357 323 1467 361 edam
1495 323 1704 360 documen-

257 392 350 430 tum,
371 386 470 422 unde
493 392 641 423 constet
662 385 919 422 testimonium
940 384 1011 423 hoc
1031 387 1078 422 ab
1101 386 1156 422 liis
1177 392 1255 422 tum
1277 385 1483 422 exhibitum
1501 385 1704 421 manifesto

258 447 396 484 falsum
416 455 454 484 et
472 447 693 484 ementitum
717 459 821 483 esse:
853 447 975 485 nostis
1003 448 1103 485 enim
1125 460 1192 485 vos
1223 460 1369 490 omnes,
1390 460 1475 484 cum
1506 460 1563 483 res
1586 447 1704 483 susci-

259 509 406 559 piamus
433 509 602 559 agendas
624 509 658 544 in
684 508 850 559 publico,
870 521 966 557 quas
993 522 1050 546 res
1079 518 1254 560 oporteat
1274 508 1319 545 ad
1346 508 1508 558 plurium
1538 507 1707 544 notitiam

260 571 455 621 pervenire
475 578 511 607 et
528 584 614 620 quae
632 571 712 607 sine
730 571 968 608 conscientia
983 577 1022 607 et
1036 571 1262 608 auctoritate
1281 571 1433 607 testium
1453 569 1580 619 peragi
1596 576 1707 617 atque

261 639 351 670 ratae
374 645 456 670 esse
480 639 673 682 nequeant
691 639 730 668 et
749 645 910 681 quarum
933 632 1019 669 loca
1038 639 1076 669 et
1097 639 1267 682 tempora
1286 640 1524 680 caeterasque
1546 629 1709 666 rationes

262 696 520 745 praesciamus,
541 702 618 732 tuni
641 693 761 731 solere
783 707 850 731 nos
872 694 920 732 ad
941 706 1005 731 eas
1027 707 1084 731 res
1105 695 1275 744 agendas
1296 693 1481 729 advocare
1501 691 1670 728 delectos
1691 704 1710 727 e

262 757 593 808 propinquissimis
622 769 763 806 eosque
794 756 932 807 quibus
959 756 1052 795 alias
1084 764 1234 793 utamur
1263 768 1376 805 quam
1403 753 1709 796 familiarissime,

262 819 472 856 subitarum
505 826 631 855 autem
666 826 704 855 et
737 831 896 868 quarum
929 826 1109 855 eventurn
1144 818 1326 867 praescire
1358 824 1473 866 atque
1504 814 1712 865 praevidere

265 893 377 918 nemo
398 880 520 930 possit
539 888 656 917 testes
679 880 889 929 producere
910 892 977 917 eos
998 880 1061 929 qui
1085 880 1239 916 fortuito
1262 879 1312 914 rei
1333 878 1469 926 cuique
1491 884 1533 913 ut
1552 876 1714 925 contigit

263 942 528 979 interfuerunt.
590 941 630 977 In
662 941 753 990 ipsis
780 941 967 988 ejusmodi
997 953 1120 977 rerum
1145 940 1360 977 actionibus
1387 938 1598 975 forensibus
1626 950 1713 974 cum

265 1010 382 1040 testes
400 1003 621 1052 injudicum
639 1008 888 1051 conspectum
908 1001 1145 1051 producendi
1163 1008 1264 1044 sunt,
1279 1000 1405 1037 facere
1422 1011 1494 1035 non
1512 1011 1715 1049 possumus

265 1063 356 1114 quin
383 1063 468 1100 illos
493 1070 624 1106 testes,
647 1063 867 1113 quicunque
896 1062 1049 1099 tandem
1076 1062 1310 1112 caeteroquin
1335 1069 1435 1105 sunt,
1456 1074 1477 1098 a
1496 1061 1588 1098 forte
1608 1060 1716 1098 nobis

263 1125 436 1176 objectos
455 1124 726 1176 producamus,
747 1124 810 1174 qui
832 1124 944 1161 rebus
966 1137 1013 1161 ex
1034 1124 1238 1175 improviso
1259 1131 1296 1161 et
1315 1124 1509 1174 insperato
1529 1123 1644 1172 gestis
1666 1122 1719 1158 in-

265 1188 502 1226 terfuerunt:
534 1187 600 1224 sed
619 1193 685 1224 aut
705 1186 810 1237 ipsos
826 1186 1090 1237 producimus,
1107 1193 1172 1224 aut
1188 1186 1217 1223 si
1236 1186 1321 1236 quis
1337 1186 1418 1236 ipse
1435 1185 1469 1221 in
1486 1185 1566 1222 foro
1583 1184 1719 1222 adesse

266 1251 344 1288 sive
374 1263 440 1300 per
457 1249 714 1286 valetudinem
742 1249 820 1286 sive
847 1262 914 1299 per
939 1248 1117 1286 instantis
1137 1248 1280 1286 itineris
1302 1247 1570 1285 necessitatem
1592 1245 1718 1283 minus

267 1312 402 1363 possit,
422 1318 500 1349 tum
531 1311 793 1348 testimonium
821 1311 869 1347 ab
897 1311 1056 1348 absente
1085 1311 1167 1361 ipso
1197 1311 1325 1360 ejusve
1352 1309 1504 1346 nomine
1535 1308 1719 1358 scriptum

267 1374 517 1416 exhibemus;
549 1373 768 1424 hujusmodi
795 1379 924 1410 autem
950 1372 1221 1416 testimonium,
1244 1371 1412 1409 absentis
1438 1370 1563 1408 locum
1588 1369 1718 1420 exple-

267 1443 409 1482 turum,
428 1448 516 1473 eum
543 1448 697 1486 operam
728 1435 866 1472 damus
888 1441 932 1472 ut
951 1435 1061 1472 nobis
1089 1434 1289 1479 scribatur,
1308 1446 1486 1471 cavemus
1514 1440 1557 1470 ut
1582 1432 1720 1470 civium

267 1496 560 1548 probatissimos
580 1509 757 1547 quosque
778 1495 962 1546 vobisque
985 1495 1203 1533 notissimos
1232 1495 1464 1532 advocemus
1486 1501 1526 1531 ut
1546 1493 1722 1531 intersint

269 1559 371 1597 actui
400 1558 629 1602 testationis,
649 1571 774 1607 neque
801 1570 879 1594 uno
906 1565 1004 1594 teste
1032 1557 1231 1594 duobusve
1257 1556 1517 1605 defungimur,
1539 1554 1607 1591 sed
1629 1561 1722 1604 quot

268 1631 472 1670 possumus
501 1631 617 1668 quam
646 1619 829 1670 plurimos
858 1631 1120 1669 corrogamus,
1148 1618 1406 1655 testimonium
1439 1615 1626 1667 ejusmodi
1656 1629 1723 1667 pro

268 1683 425 1719 absente
446 1687 674 1718 testaturum
695 1687 899 1731 poscentes
920 1693 942 1717 a
962 1680 1167 1723 scribente,
1190 1691 1266 1729 quo
1286 1685 1324 1716 et
1342 1678 1488 1716 auctori
1514 1678 1724 1716 testimonii

269 1741 511 1793 postmodum
536 1749 719 1792 negatum
752 1741 802 1779 sit
827 1754 850 1778 a
875 1754 916 1780 se
945 1741 1087 1791 scripta
1116 1754 1243 1778 rursus
1273 1739 1436 1784 infitiari,
1459 1746 1497 1777 et
1523 1753 1621 1789 quos
1652 1752 1721 1777 vos

268 1805 383 1842 fidem
404 1804 555 1854 scriptis
576 1804 650 1841 hoc
669 1803 885 1854 promptIus
911 1810 1026 1853 atque
1054 1803 1232 1841 fidentius
1256 1801 1426 1839 habeatis
1447 1814 1523 1851 quo
1545 1808 1663 1838 testes
1684 1808 1724 1838 et

269 1879 428 1904 numero
445 1866 572 1916 plures
593 1873 632 1903 et
650 1865 753 1903 fama
773 1873 888 1915 atque
915 1864 1102 1916 dignitate
1128 1865 1303 1902 meliores
1327 1864 1461 1902 eadem
1482 1865 1721 1902 confirment.

270 1927 466 1966 Xenocles
492 1927 646 1977 quidem
678 1927 740 1964 hic
765 1927 846 1977 ipse
877 1926 951 1965 alia
981 1927 1159 1977 quapiam
1192 1926 1228 1963 in
1261 1939 1315 1970 re,
1339 1925 1459 1963 multo
1489 1925 1555 1962 illa
1583 1925 1724 1963 leviore

270 1997 384 2040 atque
416 1990 497 2027 haec
530 1997 662 2027 nostra
690 2002 809 2027 causa
833 1995 904 2035 est,
932 1989 1005 2026 hac
1034 2002 1124 2026 usus
1152 1989 1331 2026 cautione
1358 1989 1545 2031 cernitur;
1585 1989 1723 2027 Besam

267 2052 368 2088 enim
401 2051 652 2102 proficiscens
686 2051 735 2089 ad
766 2050 957 2088 officinam
998 2051 1240 2096 metallicam,
1274 2064 1361 2101 quae
1391 2051 1442 2088 ibi
1474 2050 1583 2088 nobis
1615 2058 1673 2088 est
1703 2064 1726 2089 a

272 2112 418 2162 Pyrrho
434 2112 578 2157 relicta,
596 2125 682 2150 curn
704 2113 898 2164 proposito
916 2120 1069 2150 nostras
1085 2125 1221 2163 operas
1237 2112 1342 2150 illinc
1358 2112 1394 2149 vi
1414 2119 1453 2150 et
1472 2125 1585 2150 manu
1603 2111 1725 2149 dedu-

269 2174 397 2219 cendi,
418 2187 493 2211 non
522 2175 767 2213 existimabat
789 2182 965 2225 oportere
991 2188 1030 2212 se
1057 2175 1222 2212 testibus
1249 2175 1301 2212 uti
1328 2187 1425 2225 quos
1449 2174 1540 2212 illuc
1560 2174 1726 2212 venienti

269 2235 346 2272 fors
363 2241 469 2272 esset
483 2234 693 2285 objectura,
708 2235 777 2273 sed
793 2235 831 2272 in
845 2235 944 2273 viam
960 2249 1000 2273 se
1016 2235 1132 2273 dabat
1147 2235 1294 2273 habens
1312 2248 1442 2273 secum
1459 2235 1725 2286 Diophantum

271 2296 499 2347 Spbettium,
520 2296 684 2333 eundem
706 2297 770 2346 qui
792 2309 858 2346 pro
878 2296 950 2334 hoc
973 2297 1226 2348 [Nicodemo]
1248 2310 1401 2335 causam
1423 2296 1519 2334 dixit
1539 2298 1593 2347 [in
1614 2302 1738 2348 supe-⁴

271 2357 355 2395 riori
372 2357 555 2406 actione],
571 2364 609 2394 et
625 2357 863 2395 Dorotheum
882 2358 1118 2396 Eleusiniam
1135 2359 1366 2410 fratremque
1389 2372 1497 2396 suum
1520 2358 1725 2397 Philocha-

270 2432 348 2456 rem
379 2419 600 2469 multosque
632 2419 725 2456 alios
755 2419 981 2457 nominatim
1016 2421 1064 2457 ad
1098 2421 1318 2459 testandum
1352 2427 1599 2466 convocatos,
1627 2433 1725 2471 quos

270 2479 361 2515 hinc
380 2479 472 2515 illuc
492 2480 671 2529 perduxit
690 2480 882 2518 Xenocles
901 2487 984 2519 tota
1002 2488 1216 2520 tercentum
1239 2483 1386 2521 stadia:
1419 2496 1533 2535 super
1558 2482 1725 2533 despon-

273 2540 380 2578 sione
406 2547 532 2577 autem
562 2546 677 2589 atque
708 2539 924 2577 elocatione
951 2539 990 2577 in
1025 2540 1305 2579 matrimonium
1332 2541 1496 2578 mulieris
1524 2540 1606 2592 ejus
1637 2554 1724 2591 quae

271 2600 399 2639 liberis
420 2601 499 2638 suis
521 2601 606 2638 avia
627 2601 676 2639 sit
698 2601 842 2647 futura,
862 2614 948 2639 cum
969 2600 1006 2637 in
1029 2601 1119 2638 urbe
1139 2601 1210 2639 sibi
1230 2601 1311 2639 dari
1336 2608 1486 2639 curaret
1506 2601 1726 2639 extestimo-

270 2662 376 2699 nium
395 2662 449 2712 [h.
465 2675 498 2700 e.
515 2675 593 2700 non
613 2662 826 2700 adduceret
844 2662 882 2699 in
901 2662 1022 2700 forum
1043 2662 1167 2712 ipsum
1188 2669 1326 2700 testem
1347 2676 1472 2707 suum,
1492 2662 1561 2700 sed
1581 2662 1722 2700 solum-

273 2723 389 2760 modo
419 2723 678 2761 testimonium
710 2724 828 2762 literis
860 2723 1128 2774 consignatum
1161 2725 1208 2761 ab
1239 2737 1285 2762 eo
1311 2731 1471 2775 peteret,
1496 2725 1659 2769 tametsi,
1687 2725 1725 2762 id

274 2784 380 2834 quod
399 2785 480 2834 ipse
499 2785 564 2831 ait,
579 2785 641 2823 ille
661 2786 768 2823 testis
785 2798 860 2822 uon
878 2799 1036 2836 peregre
1049 2785 1117 2822 sed.
1133 2785 1216 2835 ipsa
1232 2785 1270 2822 in
1286 2786 1378 2823 urbe
1394 2793 1540 2836 ageret,
1558 2785 1727 2835 nihilque

274 2860 361 2884 eum
383 2847 429 2883 ab
450 2847 623 2896 ingressu
643 2847 681 2885 in
702 2848 823 2885 forum
847 2846 1080 2897 impediretL
1102 2854 1229 2884 tamen
1257 2847 1306 2884 ad
1336 2859 1420 2885 eam
1448 2860 1523 2884 reni
1550 2859 1726 2883 necessa—

274 2908 411 2946 riorum
441 2922 595 2946 suorum
625 2909 814 2947 nemiuem
834 2909 1041 2947 advocasse
1062 2908 1372 2958 deprehenditur,
1394 2908 1460 2947 sed
1482 2908 1725 2946 solummodo
