1870 3277
679 412 1092 469 ISOCRATIS

557 554 601 601 D
653 553 694 602 E
786 553 827 601 B
888 555 908 601 I
967 554 1015 601 G
1074 553 1093 600 I
1153 552 1200 599 S.

214 763 247 800 l.
278 761 343 799 DE
376 760 480 813 Jugo
510 761 627 812 igitur
657 773 860 812 equorum,
884 766 1034 811 patrem
1066 772 1194 797 meum
1229 771 1296 797 eos
1331 758 1511 797 habuisse
1543 770 1621 796 non

154 825 267 863 Tisiae
288 832 455 877 ereptos,
483 825 552 863 sed
579 825 628 864 de
657 824 810 863 civitate
842 823 1074 875 Argivorum
1096 828 1265 875 emptos,
1288 830 1328 861 et
1355 835 1375 860 e
1405 823 1621 873 legatorum

153 886 218 937 qui
245 885 350 924 illinc
377 892 566 924 venerunt
593 892 633 923 et
653 893 882 924 caeterorum
904 885 971 936 qui
991 897 1070 922 rem
1093 891 1285 922 noverunt
1303 882 1533 922 testimoniis
1553 895 1623 920 au-

153 947 316 986 divistis.
374 949 521 986 Omnes
543 954 671 987 autem
694 947 832 986 eodem
852 947 968 986 modo
984 960 1048 985 me
1068 946 1296 985 calumniari
1310 945 1449 985 solent.
1491 946 1622 988 Quum

151 1009 254 1048 enim
273 1009 321 1048 de
337 1009 494 1060 privatis
515 1009 679 1060 negotiis
700 1022 760 1047 me
775 1009 890 1061 injus
908 1014 1064 1054 vocent,
1081 1007 1129 1046 de
1146 1008 1257 1045 rebus
1279 1007 1330 1045 ad
1347 1006 1625 1058 rempublicam

154 1071 433 1122 pertinentibus
455 1077 656 1117 accusant,
685 1078 723 1109 et
744 1070 830 1122 plus
851 1069 1035 1122 temporis
1054 1076 1289 1108 consumunt
1309 1077 1418 1121 patre
1442 1081 1530 1107 meo
1551 1069 1624 1106 cri-

155 1131 340 1170 minando
372 1146 490 1183 quam
522 1146 569 1171 eo
603 1133 652 1171 de
683 1146 762 1184 quo
793 1133 865 1184 ipsi
890 1131 1162 1184 jusJurandum
1195 1132 1400 1170 calumniae
1433 1131 1627 1168 dederunt

155 1194 403 1244 explicando,
424 1201 463 1232 et
481 1195 588 1245 leges
617 1208 741 1246 usque
761 1194 858 1233 adeo
877 1201 1144 1240 contemnunt,
1164 1200 1208 1232 ut
1226 1193 1464 1244 injuriarum,
1485 1192 1625 1244 quibus

156 1257 205 1293 ab
225 1269 270 1293 eo
291 1269 358 1294 vos
380 1256 543 1294 affectos
563 1270 650 1294 esse
668 1257 819 1303 dicunt,
846 1270 869 1294 a
888 1270 949 1294 me
969 1269 1106 1308 poenas
1127 1257 1297 1307 exigant.
1357 1255 1444 1305 Ego
1465 1268 1554 1293 vero
1571 1255 1626 1292 sic

154 1317 343 1362 existimo,
364 1317 524 1354 crimina
544 1317 702 1368 publica
721 1317 816 1355 nihil
849 1318 1011 1355 attinere
1038 1317 1087 1356 ad
1116 1318 1285 1366 privatas
1314 1317 1595 1355 controversias
1615 1329 1625 1354 z

152 1378 222 1416 sed
241 1378 334 1428 quia
352 1377 476 1415 Tisias
500 1377 618 1428 patris
638 1377 813 1415 exsilium
830 1390 934 1428 saepe
955 1377 1044 1415 mihi
1069 1377 1215 1425 objicit,
1234 1379 1272 1415 in
1295 1377 1543 1428 exquirendis
1564 1391 1627 1416 ve-

154 1440 241 1478 stris
262 1452 379 1490 quam
409 1439 488 1476 suis
522 1439 635 1477 rebus
667 1438 869 1484 curiosior,
893 1438 941 1476 de
974 1438 1033 1477 his
1062 1439 1156 1490 ipsis
1188 1451 1249 1476 me
1279 1452 1446 1490 purgare
1466 1452 1628 1478 necesse

154 1502 304 1540 habeo:
335 1501 603 1539 erubescerem
632 1500 748 1546 enim,
777 1501 808 1539 si
840 1500 901 1538 cui
930 1500 1069 1539 civium
1091 1499 1217 1538 minus
1239 1500 1287 1538 de
1305 1500 1411 1539 illius
1433 1500 1627 1539 existima-

154 1562 259 1602 tione
276 1575 392 1614 quam
413 1561 461 1600 de
482 1562 574 1600 meis
595 1562 777 1614 periculis
797 1561 985 1600 sollicitus
1002 1574 1086 1600 esse
1104 1562 1267 1600 viderer.

210 1626 248 1661 2.
278 1626 336 1662 Ac
356 1623 460 1674 quod
478 1623 527 1662 ad
545 1624 717 1662 seniores
736 1624 876 1662 attinet
895 1637 954 1662 res
975 1622 1111 1675 paucis
1133 1623 1281 1662 absolvi
1307 1630 1464 1675 posset;
1495 1637 1628 1665 omnes

157 1685 256 1724 enim
280 1686 410 1724 sclunt
438 1699 506 1737 per
537 1686 697 1725 eosdem
717 1685 820 1724 viros
851 1692 890 1724 et
907 1685 1132 1738 popularem
1160 1692 1304 1724 statum
1325 1685 1521 1724 sublatum
1543 1700 1628 1725 esse

157 1753 195 1784 et
214 1753 360 1798 patrem
382 1760 510 1786 meum
532 1748 624 1786 urbe
643 1747 826 1800 pulsum:
855 1754 1013 1799 propter
1036 1747 1211 1799 juniores
1232 1753 1377 1794 autem,
1402 1749 1482 1798 qui,
1509 1762 1629 1799 quum

156 1816 247 1860 post
266 1822 327 1848 res
352 1810 439 1849 illas
461 1816 593 1862 gestas
615 1811 694 1849 nati
714 1810 802 1854 sint,
824 1810 1124 1849 calumniatores
1151 1823 1255 1862 saepe
1276 1810 1520 1858 audiverunt,
1542 1824 1629 1850 nar-

158 1872 344 1909 rationem
364 1871 476 1910 altius
494 1872 685 1910 exordiar.

213 1935 249 1971 3.
280 1933 356 1977 Qui
377 1934 520 1984 populo
541 1934 687 1985 pridem
705 1933 876 1971 insidiati
898 1933 1065 1978 fuerant,
1088 1939 1127 1971 et
1147 1933 1465 1984 Quadringentos
1485 1936 1631 1973 consti-

156 2002 320 2041 tuerant,
343 2001 489 2046 patrem
512 2008 639 2033 meum
657 1996 706 2033 ad
727 1995 945 2033 coeundam
965 2008 1097 2034 secum
1118 1995 1345 2034 societatem
1367 2003 1629 2041 vocaverunt;

158 2056 263 2106 quod
283 2069 401 2106 quum
425 2056 486 2093 ille
509 2064 741 2103 recusasset,
768 2057 858 2107 quia
878 2057 1001 2094 virum
1035 2070 1118 2095 esse
1147 2056 1332 2095 videbant
1363 2057 1400 2094 in
1428 2059 1540 2096 rebus
1563 2072 1630 2110 ge-

158 2117 287 2155 rendis
308 2129 436 2155 acrem
451 2124 490 2156 et
509 2118 650 2169 populo
667 2118 832 2164 fidelem,
853 2130 930 2155 non
950 2124 1137 2169 putarunt
1157 2132 1197 2157 se
1217 2119 1297 2157 ulla
1309 2126 1439 2157 vetera
1456 2120 1633 2160 instituta

159 2179 244 2217 loco
264 2192 418 2218 movere
440 2193 570 2230 posse,
591 2180 662 2218 nisi
684 2180 790 2218 illum
808 2193 827 2218 e
844 2179 970 2218 medio
990 2181 1247 2218 sustulissent.
1307 2181 1408 2223 Quia
1428 2195 1516 2220 vero
1535 2185 1631 2222 scie-

157 2242 253 2279 bant
273 2242 402 2279 urbem
420 2242 469 2279 de
491 2242 676 2292 religione
691 2242 913 2293 gravissime
934 2241 1047 2280 irasci
1065 2242 1188 2282 solere
1208 2243 1238 2280 si
1255 2243 1340 2293 quis
1357 2244 1509 2282 Cereris
1526 2245 1633 2284 initia

159 2302 351 2348 violasset,
375 2303 524 2341 caeteris
551 2316 641 2341 vero
667 2303 705 2340 in
732 2305 845 2341 rebus
880 2303 910 2341 si
937 2303 1214 2342 democratiam
1245 2305 1462 2355 abrogaret,
1484 2313 1632 2344 utrum-

160 2377 237 2414 que
266 2364 407 2403 crimen
434 2364 510 2403 hoc
543 2365 767 2411 commenti,
794 2365 1011 2404 retulerunt
1044 2365 1093 2404 ad
1126 2373 1304 2404 senatum
1337 2374 1484 2417 patrem
1507 2380 1632 2406 meum

161 2434 283 2465 coctus
304 2427 444 2465 habere
475 2440 607 2465 secum
641 2427 691 2465 ad
723 2440 784 2465 res
811 2427 1026 2474 novandas,
1047 2428 1111 2478 qui
1133 2428 1291 2479 quidem
1319 2428 1356 2465 in
1391 2427 1633 2479 Poulytionis

161 2489 312 2527 aedibus
341 2498 615 2527 concoeuantes
653 2490 839 2540 mysteria
874 2489 1129 2528 celebrarent.
1190 2490 1292 2527 Urbe
1329 2489 1444 2539 igitur
1479 2498 1634 2542 propter

161 2553 360 2591 criminum
381 2552 688 2603 magnitudinem
714 2552 924 2598 concitata,
944 2559 982 2590 et
1002 2553 1191 2591 concione
1211 2551 1385 2589 celeriter
1404 2560 1632 2599 convocata,

163 2622 240 2653 tam
257 2614 455 2653 evidenter
475 2626 543 2652 eos
574 2613 864 2652 mendaciorum
898 2614 1089 2664 coarguit,
1115 2620 1159 2651 ut
1190 2618 1436 2651 accusatores
1464 2616 1632 2666 populus

164 2677 324 2714 libenter
355 2675 553 2727 suppliciis
582 2674 790 2724 affecisset,
811 2689 899 2714 eum
920 2689 1010 2714 vero
1039 2676 1179 2713 ducem
1208 2675 1246 2712 in
1277 2674 1447 2714 Siciliam
1480 2679 1633 2717 crearit.

166 2738 344 2776 Posthaec
365 2739 446 2789 ipse
465 2738 612 2789 trajecit
632 2738 834 2789 quasijam
856 2738 1049 2776 calumnia
1069 2737 1277 2781 liberatus;
1308 2737 1371 2793 ist-i
1387 2751 1475 2777 vero
1495 2750 1632 2780 senatu

166 2800 374 2839 sollicitato
394 2806 433 2838 et
453 2800 667 2839 oratoribus
684 2800 753 2839 sibi
775 2813 843 2851 per
862 2800 1084 2851 largitiones
1105 2799 1298 2850 adjunctis
1319 2812 1399 2838 rem
1420 2801 1467 2840 de
1483 2802 1634 2854 integro

167 2868 458 2900 commoverunt
477 2868 515 2899 et
536 2862 730 2901 delatores
747 2863 1020 2900 subornarunt.
1064 2861 1168 2903 Quid
1184 2861 1313 2899 multis
1327 2875 1425 2913 opus
1445 2865 1535 2902 est?
1565 2879 1636 2904 nec

167 2925 268 2962 enim
295 2923 400 2973 prius
430 2923 684 2974 conquierunt
704 2936 819 2974 quam
847 2930 885 2961 ct
911 2930 1058 2976 patrem
1092 2924 1139 2962 ab
1166 2923 1339 2962 exercitu
1372 2937 1634 2974 revocassent,
