1870 3277
178 172 203 206 4
776 165 1061 203 ISOCRATIS

179 270 307 320 probis
325 269 593 314 diffidendum,
609 268 662 305 sic
682 267 793 305 bonis
809 265 1027 303 habendam
1051 277 1136 303 esse
1157 264 1273 302 fidem
1293 266 1438 304 ducito.
1491 266 1639 303 Nemin

179 343 319 368 arcana
340 337 406 367 tua
425 329 587 375 credito,
608 329 681 366 nisi
701 342 760 366 res
783 327 866 365 illas
888 327 1004 364 taceri
1020 340 1130 376 aeque
1145 325 1327 376 expediat
1345 327 1458 364 etiam
1478 327 1550 364 illis
1571 327 1635 376 qui

178 391 355 435 audiunt,
373 403 417 429 ac
451 391 518 428 tibi
545 389 700 428 dicenti.
758 387 1037 438 Jusjurandum
1067 387 1098 424 si
1127 386 1397 437 postulabitur,
1415 387 1564 425 duabus
1587 387 1636 424 de

178 453 308 490 causis
327 452 452 497 dabis,
472 451 530 488 vel
553 458 595 488 ut
616 451 857 500 temetipsum
879 449 979 498 turpi
999 448 1154 485 crimine
1175 448 1328 493 liberes,
1348 447 1407 484 vel
1428 454 1470 484 ut
1494 447 1636 484 amicos

179 513 365 563 emagnis
387 512 564 562 periculis
584 511 747 561 eripias:
779 509 953 560 pecuniae
971 521 1061 546 vero
1093 521 1210 546 causa
1242 521 1310 559 per
1342 507 1490 544 nullum
1522 507 1638 544 deum

171 576 336 625 jurabis,
356 575 506 613 etiamsi
524 573 670 624 liquido
700 573 738 610 id
758 573 881 610 facere
909 570 1058 620 possis;
1090 583 1138 608 ne
1158 570 1241 608 aliis
1260 570 1434 620 perjurus
1455 568 1535 606 aliis
1554 580 1642 605 ava·

179 649 244 673 rus
266 649 352 673 esse
373 635 554 673 videaris.
613 633 836 670 Amicitiam
858 644 946 670 cum
966 631 1301 682 neminejungito,
1322 633 1546 681 priusquam
1577 637 1642 666 ex-

178 698 390 748 ploraveris
427 696 624 746 quomodo
653 695 844 746 prioribus
876 693 1008 731 amicis
1038 693 1154 731 suerit
1182 706 1297 730 usus:
1342 693 1515 743 sperabis
1543 691 1643 728 enim

169 771 268 796 :eum
302 758 338 794 in
375 764 411 794 te
445 769 602 807 quoque
631 757 712 793 fore
751 755 880 801 talem,
910 754 1065 804 qualem
1101 767 1195 804 erga
1221 754 1308 791 illos
1344 766 1384 791 se
1421 751 1643 803 praebuerit.

180 819 332 856 Sensim
359 818 566 856 amicitiam
588 816 819 862 contrahito,
837 821 1078 852 contractam
1107 821 1292 865 perpetuo
1312 826 1539 851 conservare
1561 821 1643 849 stu·

179 880 271 918 deto
290 892 298 916 :
340 892 428 916 nam
461 878 626 916 subinde
653 884 801 915 mutare
834 876 1124 921 familiaritates,
1144 888 1255 925 aeque
1277 882 1385 925 turpe
1407 882 1465 912 est
1485 887 1530 911 ac
1554 873 1645 910 ami-

179 953 266 978 cum
286 940 429 978 habere
447 939 654 977 neminem.
711 937 849 987 Neque
879 949 965 974 cum
988 936 1131 974 damno
1161 949 1287 973 mores
1311 936 1520 973 amicorum
1544 934 1642 984 peri-

177 1000 312 1038 clitare
344 1013 470 1050 neque
500 999 690 1036 sodalium
719 998 868 1036 animos
889 996 985 1034 velis
1009 997 1208 1047 ignorare;
1240 996 1344 1044 quod
1376 996 1429 1033 ita
1457 994 1593 1040 facies,
1613 994 1643 1030 si

178 1076 294 1113 egere
329 1069 367 1100 te
406 1061 614 1106 simularis‚
647 1073 726 1098 non
760 1073 904 1110 egens:
945 1059 1229 1097 communicato
1265 1071 1352 1095 cum
1385 1058 1440 1095 eis
1475 1070 1533 1094 res
1565 1069 1643 1093 non

181 1136 355 1168 arcanas,
371 1130 555 1172 tanquam
578 1134 735 1159 arcanas
752 1135 764 1168 3
795 1133 883 1157 nam
898 1127 938 1157 et
953 1120 1139 1169 deceptus
1155 1120 1247 1156 nihil
1268 1119 1488 1156 detrimenti
1503 1117 1648 1166 capies,

180 1193 220 1223 et
240 1185 318 1223 voti
333 1197 493 1235 compos
515 1184 642 1222 factus
666 1196 791 1220 mores
811 1194 945 1220 eorum
965 1180 1244 1231 perspectiores
1265 1179 1441 1217 habebis.
1489 1178 1647 1215 Amicos

180 1260 268 1284 curn
298 1247 336 1283 in
356 1246 444 1284 vitae
478 1245 698 1283 calamitate
731 1252 812 1282 tum
843 1243 881 1279 in
912 1242 1169 1293 periculorum
1201 1241 1387 1278 societate
1410 1251 1647 1290 cognosces:

181 1320 267 1345 nam
290 1314 330 1344 ut
363 1320 496 1344 aurum
527 1306 607 1356 igni
628 1306 865 1356 exploratur,
887 1304 942 1341 sic
968 1303 1179 1340 amicorum
1213 1302 1308 1339 fides
1339 1302 1452 1339 rebus
1474 1300 1644 1337 adversis

181 1368 414 1406 declaratur.
474 1368 537 1405 Sic
559 1367 769 1404 rectissime
789 1365 974 1403 tractabis
996 1365 1156 1409 amicos,
1183 1364 1214 1400 si
1238 1376 1314 1400 non
1337 1370 1538 1413 exspectes
1555 1361 1648 1398 dum

182 1438 218 1466 te
239 1435 389 1478 rogent,
406 1428 476 1465 sed
497 1429 612 1472 ultro,
629 1441 747 1478 quum
777 1434 928 1476 ternpus
957 1425 1143 1476 postulat,
1160 1425 1214 1461 eis
1243 1436 1357 1475 opem
1385 1423 1499 1460 feras.
1558 1422 1646 1459 Non

182 1491 308 1527 minus
326 1497 436 1539 turpe
456 1489 592 1535 ducas,
613 1488 782 1538 superari
802 1487 999 1525 beneficiis
1020 1486 1247 1531 amicorum,
1278 1497 1392 1535 quam
1414 1484 1511 1522 vinci
1531 1483 1647 1521 male—

182 1552 277 1589 ficiis
292 1551 548 1588 inimicorum.
607 1551 685 1587 Eos
702 1550 848 1587 amicos
864 1548 997 1599 proba,
1017 1547 1157 1597 quibus
1175 1559 1252 1583 non
1278 1552 1431 1583 tantum
1453 1545 1554 1583 mala
1580 1552 1648 1582 tua

182 1613 356 1658 doleant,
378 1612 446 1649 sed
473 1612 538 1662 qui
571 1611 684 1649 etiam
718 1610 831 1648 bonis
866 1609 940 1647 tuis
961 1622 1040 1646 non
1074 1608 1298 1645 invideant:
1329 1608 1438 1644 multi
1470 1606 1585 1651 enim,
1606 1613 1648 1642 ut

183 1675 297 1711 rebus
314 1673 524 1711 amicorum
547 1672 716 1710 adversis
743 1671 892 1717 dolent,
908 1671 962 1708 ita
980 1670 1162 1708 secundis
1182 1668 1370 1706 invident.
1418 1668 1647 1706 Absentium

182 1734 395 1771 amicorum
429 1733 662 1771 mentionem
694 1734 755 1770 fac
776 1732 881 1783 apud
901 1738 1129 1782 praesentes,
1152 1739 1194 1767 ut
1227 1743 1300 1767 nec
1332 1730 1437 1780 ipsos
1470 1730 1648 1767 absentes

182 1794 432 1844 neglecturus
459 1807 543 1832 esse
564 1794 741 1831 videaris.
800 1793 844 1830 In
874 1793 1014 1830 vestitu
1044 1791 1105 1829 sac
1132 1797 1310 1828 ornatum
1341 1791 1493 1840 probes,
1514 1790 1646 1826 luxum

182 1856 376 1906 repudies.
436 1856 566 1893 Habet
595 1863 723 1893 autem
744 1860 904 1892 ornatus
932 1853 1271 1903 magnificentiam,
1291 1852 1404 1888 luxus
1426 1851 1648 1889 redundan-

184 1917 292 1956 tiam.
361 1918 464 1954 Ama
497 1917 687 1953 bonorum
717 1929 795 1953 non
828 1915 1027 1965 ingentem
1056 1913 1266 1958 cumulum,
1305 1912 1373 1950 sed
1411 1912 1650 1949 moderatum

181 1980 364 2018 fructum.
424 1981 501 2017 Eos
524 1980 589 2030 qui
611 1978 893 2029 amplificandae
923 1979 975 2014 rei
1005 1977 1174 2020 student,
1198 1989 1316 2026 quum
1346 1976 1465 2026 partis
1496 1975 1551 2012 uti
1582 1989 1649 2012 ne-

181 2040 572 2086 sciant,contemnito
591 2053 600 2076 :
631 2041 715 2076 istis
737 2039 837 2076 enirn
863 2039 967 2075 idem
983 2039 1062 2075 fere
1085 2037 1226 2075 accidit
1242 2036 1345 2088 quod
1367 2037 1400 2074 ei
1422 2038 1487 2087 qui
1505 2037 1649 2073 bonum

181 2102 325 2152 pararit
339 2112 593 2148 equum,.non
622 2100 714 2136 satis
745 2099 944 2149 equitandi
964 2098 1122 2148 peritus.
1180 2098 1243 2135 Da
1273 2110 1426 2147 operam
1450 2105 1490 2135 ut
1509 2098 1650 2135 divitiae

182 2169 221 2201 et
240 2163 326 2200 usui
344 2168 383 2199 et
402 2161 543 2198 fructui
569 2161 636 2197 tibi
655 2160 745 2198 sint.
804 2160 903 2197 Sunt
932 2165 1062 2197 autem
1091 2158 1135 2195 iis
1153 2159 1219 2207 qui
1240 2158 1311 2195 frui
1342 2160 1469 2196 sciunt
1489 2158 1586 2204 usui,
1606 2158 1648 2196 iis

181 2236 271 2265 vero
291 2222 357 2273 qui
374 2222 428 2259 uti
444 2222 573 2259 sciunt
587 2222 743 2259 fructui.
782 2221 880 2257 Rem
898 2220 1124 2257 familiarem
1140 2219 1293 2256 duabus
1310 2219 1358 2256 de
1379 2220 1505 2257 causis
1520 2219 1649 2268 magni

182 2284 257 2328 fac,
276 2290 357 2320 tum
387 2289 431 2319 ut
457 2294 639 2332 magnam
674 2281 860 2325 mulctam
892 2280 1066 2324 sufferre,
1087 2287 1169 2316 tum
1203 2286 1244 2316 ut
1273 2280 1377 2317 bono
1407 2280 1529 2317 amico
1553 2280 1649 2317 ferre

182 2357 295 2396 opem
317 2344 355 2381 in
375 2343 594 2381 calamitate
622 2343 768 2392 possis:
800 2342 907 2391 quod
936 2349 1065 2378 autem
1095 2341 1142 2379 ad
1173 2347 1335 2378 caeteras
1360 2341 1449 2378 vitae
1482 2341 1649 2378 rationes

182 2406 334 2449 attinet,
363 2417 440 2442 non
469 2416 586 2455 supra
614 2403 774 2440 modum
807 2415 907 2448 eam,
928 2402 998 2440 sed
1027 2402 1269 2440 mediocriter
1290 2409 1432 2439 amato.
1491 2402 1544 2439 Iis
1564 2415 1651 2452 quae

182 2466 329 2504 adsunt
356 2471 562 2503 contentus
583 2471 689 2504 esto:
719 2477 850 2514 quaere
881 2471 1011 2501 tamen
1041 2477 1101 2501 res
1123 2463 1314 2501 meliores.
1371 2463 1524 2500 Nemini
1544 2464 1647 2501 cala-

181 2527 355 2566 mitatem
377 2527 607 2578 exprobres:
638 2539 727 2563 nam
741 2526 895 2564 fortuna
908 2525 1124 2563 communis
1142 2532 1215 2571 est,
1232 2525 1438 2575 futuraque
1459 2525 1648 2575 provideri

182 2602 260 2628 non
297 2594 475 2638 possunt.
540 2587 659 2625 Bonis
687 2586 931 2625 benefacite:
972 2586 1186 2637 praeclarus
1219 2585 1321 2623 enim
1354 2586 1557 2622 thesaurus
1592 2592 1651 2622 est

180 2649 411 2688 beneficium
431 2649 536 2698 apud
554 2649 698 2686 bonum
716 2648 839 2685 virum
861 2647 1110 2685 collocatum.
1150 2647 1190 2683 Si
1211 2646 1260 2683 de
1283 2646 1392 2684 malis
1408 2647 1507 2684 bene
1528 2658 1654 2685 mere—

181 2711 295 2756 beris,
315 2710 419 2748 idem
445 2710 515 2747 tibi
542 2709 744 2748 usuveniet
762 2709 867 2760 quod
887 2709 932 2747 iis
949 2709 1015 2759 qui
1036 2709 1182 2747 alienos
1204 2721 1318 2746 canes
1338 2715 1529 2758 pascunt:
1559 2721 1648 2747 nam

182 2779 221 2810 et
238 2771 279 2809 hi
298 2784 410 2822 aeque
429 2771 611 2809 allatrant
630 2784 697 2808 eos
718 2771 783 2822 qui
811 2770 906 2808 dant
936 2783 1052 2821 quam
1083 2769 1288 2820 quoslibet,
1309 2777 1348 2806 et
1379 2768 1541 2819 improbi
1572 2782 1649 2806 non

181 2833 310 2872 minus
339 2845 406 2871 eos
441 2831 507 2882 qui
539 2833 639 2869 bene
669 2831 716 2869 de
748 2831 842 2882 ipsis
869 2838 1063 2869 merentur
1094 2843 1209 2880 quam
1242 2843 1309 2867 eos
1335 2829 1400 2879 qui
1431 2829 1486 2866 eis
1507 2838 1651 2869 nocent

182 2894 343 2938 laedunt.
401 2895 674 2931 Assentatores
709 2905 788 2931 non
817 2892 944 2930 minus
980 2891 1108 2930 oderis
1140 2904 1253 2941 quarn
1284 2891 1533 2941 impostores:
1562 2903 1649 2930 nam
