1870 3277
238 142 310 179 184
825 144 1112 183 ISOCRATIS

233 241 428 280 Homeri
473 242 736 281 vincuntur
783 244 859 282 illi
904 246 982 296 qui
1029 246 1074 283 in
1120 245 1290 283 eodem
1335 257 1518 295 genere
1562 248 1700 297 poesi

229 303 572 342 elaborarunt.

290 366 375 402 103.
409 366 559 409 Quibus
581 366 643 404 ille
666 366 778 406 dictis
799 369 847 406 ab
870 369 912 406 iis
933 369 997 419 qui
1021 369 1182 406 aderant
1203 369 1309 419 petiit
1336 376 1376 406 ut
1395 382 1440 406 ea
1461 369 1508 407 de
1530 383 1567 407 re
1587 371 1699 420 cujus

228 426 352 475 gratia
371 428 572 466 convocati
595 437 726 466 essent
748 431 981 467 sententiam
1004 431 1188 474 dicerent,
1207 430 1260 467 illi
1285 444 1374 468 vero
1395 444 1470 468 non
1493 432 1700 482 applause-

227 495 329 533 runt,
352 490 457 538 quod
489 489 668 527 omnibus
699 491 901 541 eleganter
921 492 1200 530 disserentibus
1232 493 1360 530 facere
1383 492 1523 537 solent,
1547 494 1614 531 sed
1635 507 1700 532 ex-

225 548 443 588 clamarunt
462 552 571 601 quasi
593 551 830 590 excellenter
856 563 1087 603 perorasset,
1123 555 1300 605 factaque
1327 554 1429 592 circa
1450 568 1537 592 eum
1557 568 1701 594 corona

226 609 454 657 laudabant,
484 613 734 657 mirabantur,
764 615 920 651 beatum
944 615 1229 664 praedicabant;
1262 628 1306 653 ac
1327 615 1410 666 ejus
1432 615 1587 665 quidem
1615 629 1700 654 ora-

226 672 319 710 tioni
351 674 456 724 quod
491 674 706 725 adjicerent
739 682 807 713 aut
835 675 1035 713 demerent
1065 676 1156 713 nihil
1190 677 1401 722 habebant,
1435 677 1504 714 sed
1537 677 1701 728 pedibus

227 741 364 772 euntes
396 736 434 772 in
468 735 552 786 ejus
585 736 818 774 sententiam
853 749 899 774 ea
932 737 1024 774 mihi
1057 737 1237 776 facienda
1265 740 1480 776 censebant
1514 752 1603 789 quae
1638 739 1700 777 ille

226 797 455 835 monuisset.
522 798 666 835 Verum
701 811 750 836 ne
784 811 858 849 ego
891 798 1047 850 quidem
1080 800 1222 837 tacitus
1257 800 1476 844 adstabam,
1514 800 1582 838 sed
1620 807 1700 838 tum

225 858 424 910 ingenium
452 860 534 910 ejus
560 860 768 898 laudabam
798 868 878 898 tum
910 861 1165 912 diligentiam,
1198 862 1246 899 de
1279 862 1429 900 caeteris
1458 870 1588 900 autem
1610 877 1699 913 quae

225 919 377 958 dixerat
397 921 490 959 nihil
512 922 666 960 locutus
687 935 787 968 sum,
804 936 875 961 nec
891 936 1004 974 quam
1022 936 1142 975 prope
1160 923 1394 974 conjecturis
1413 925 1490 962 suis
1507 924 1555 962 ad
1574 937 1699 962 meam

223 983 454 1021 sententiam
476 985 708 1022 accessisset
723 997 797 1022 nec
814 998 930 1035 quam
951 985 1068 1035 longe
1089 985 1321 1030 aberrasset,
1345 986 1412 1023 sed
1434 999 1516 1024 eam
1540 999 1699 1038 persua—

226 1043 375 1082 sionem
395 1057 509 1095 quam
530 1058 553 1083 a
572 1059 612 1084 se
632 1045 714 1096 ipse
736 1053 942 1097 acceperat
961 1059 1047 1084 eum
1068 1053 1196 1085 tenere
1217 1047 1404 1084 sinebam.

286 1107 372 1146 104.
413 1107 475 1144 Ac
509 1120 599 1145 vero
630 1107 679 1145 de
711 1107 772 1146 his
805 1121 892 1158 quae
922 1108 1123 1160 proposui,
1155 1108 1248 1146 satis
1279 1107 1426 1146 dictum
1461 1121 1547 1146 esse
1581 1114 1725 1160 puto;*

225 1180 314 1206 nam
345 1168 500 1219 singula
529 1182 617 1220 quae
648 1170 754 1220 prius
785 1169 891 1208 dicta
919 1178 1010 1209 sunt
1040 1177 1227 1221 repetere,
1255 1170 1423 1208 alienum
1454 1178 1513 1209 est
1543 1172 1590 1209 ab
1622 1172 1697 1210 hoc

226 1242 369 1280 genere
390 1229 629 1269 orationum:
655 1231 780 1270 dicam
805 1239 933 1270 autem
963 1232 1011 1270 de
1038 1232 1097 1269 his
1121 1246 1210 1282 quae
1239 1232 1275 1269 in
1302 1232 1376 1270 hac
1403 1230 1576 1271 oratione
1605 1234 1696 1272 mihi

225 1291 402 1342 privatim
424 1291 665 1330 acciderunt.
736 1293 833 1330 Eam
854 1306 928 1344 ego
949 1293 1107 1344 quidem
1128 1294 1291 1332 scribere
1313 1293 1459 1331 institui
1479 1301 1537 1332 tot
1571 1308 1695 1333 annos

224 1360 341 1391 natus
367 1360 464 1404 quot
484 1353 591 1391 initio
616 1354 717 1392 dixi:
751 1368 871 1405 quum
895 1368 987 1392 vero
1015 1355 1143 1393 media
1172 1368 1259 1406 pars
1284 1355 1427 1406 scripta
1452 1363 1567 1401 esset,
1595 1369 1697 1394 mor-

223 1415 297 1453 bus
327 1429 387 1454 me
417 1416 570 1462 invasit,
600 1417 666 1466 qui
698 1423 740 1454 ut
770 1416 957 1454 nominari
988 1416 1207 1454 verecunde
1241 1430 1316 1454 non
1351 1423 1493 1465 potest,
1528 1417 1584 1455 sic
1620 1430 1696 1454 non

225 1476 397 1515 seniores
417 1484 567 1514 tantum
585 1478 712 1515 triduo
729 1484 796 1516 aut
812 1477 1018 1528 quatriduo
1034 1477 1172 1515 tollere
1188 1483 1315 1528 potest
1331 1478 1399 1515 sed
1419 1477 1559 1515 multos
1581 1478 1696 1516 etiam

225 1538 387 1589 integrae
407 1538 558 1583 aetatis3
588 1552 676 1576 curn
702 1552 780 1589 quo
805 1547 1031 1590 perpetuum
1061 1539 1267 1577 triennium
1294 1552 1368 1590 ego
1395 1552 1478 1577 sum
1510 1540 1697 1586 luctatus,

221 1606 262 1639 et
281 1613 327 1638 ea
345 1600 550 1638 tolerantia
570 1600 744 1651 singulos
765 1601 849 1639 dies
873 1601 1058 1652 transegi,
1088 1608 1131 1639 ut
1159 1608 1199 1638 et
1225 1600 1249 1637 ii
1270 1601 1336 1652 qui
1357 1602 1485 1640 sciunt
1504 1608 1543 1640 et
1562 1603 1628 1653 qui
1647 1615 1695 1640 ex

221 1663 266 1701 iis
296 1663 528 1700 audiverunt
556 1676 682 1701 meam
712 1663 817 1702 illam
843 1663 1087 1701 tolerantiam
1123 1663 1310 1701 mirentur
1347 1664 1470 1714 magis
1501 1677 1618 1714 quam
1649 1678 1696 1702 ea

220 1739 309 1776 quae
331 1724 516 1776 superiori
538 1732 708 1776 tempore
736 1725 826 1763 mihi
856 1725 1012 1763 laudem
1040 1732 1286 1776 pepererunt.
1346 1726 1476 1767 Quum
1497 1739 1590 1764 vero
1609 1726 1692 1777 jam

222 1794 261 1825 et
279 1787 446 1825 animum
481 1786 782 1838 despondissem
813 1795 851 1824 et
877 1787 1020 1824 viribus
1055 1786 1265 1824 destitutus
1297 1795 1530 1827 essemuum
1560 1789 1695 1826 morbo

222 1855 305 1886 turn
332 1856 546 1894 senectute,
575 1849 733 1900 quidam
766 1862 898 1887 eorum
926 1849 990 1899 qui
1022 1862 1081 1886 me
1109 1848 1299 1894 visebant,
1333 1856 1371 1887 et
1398 1861 1484 1887 eam
1511 1849 1696 1888 orationis

223 1916 373 1960 partem
392 1922 481 1959 quae
509 1910 650 1961 scripta
679 1917 760 1948 erat
787 1923 889 1961 saepe
921 1909 1112 1960 legerant,
1133 1917 1320 1959 rogarunt
1351 1917 1391 1948 et
1419 1918 1622 1949 suaserunt
1647 1925 1696 1950 ne

224 1971 462 2009 dimidiatam
483 1978 522 2009 et
541 1971 819 2011 inelaboratam
842 1972 1114 2022 relinquerem,
1138 1972 1207 2010 sed
1231 1972 1339 2023 parvi
1360 1974 1543 2024 temporis
1565 1973 1697 2012 labore

224 2040 406 2084 suscepto
438 2033 552 2071 etiam
588 2034 743 2085 reliquis
779 2033 1027 2072 absolvendis
1063 2034 1232 2072 animum
1265 2034 1483 2086 adjicerem.
1555 2035 1694 2086 Neque

224 2108 313 2133 vero
333 2095 386 2132 ita
406 2094 676 2145 loquebantur,
705 2102 746 2134 ut
766 2095 1007 2147 defungendi
1028 2109 1149 2135 causa
1177 2096 1215 2134 id
1244 2096 1430 2142 facerent,
1458 2096 1526 2135 sed
1548 2104 1586 2135 et
1605 2111 1693 2148 quae

223 2156 449 2207 scripseram
470 2155 651 2195 laudibus
671 2157 896 2202 efferebant,
925 2164 964 2195 et
989 2170 1035 2195 ea
1062 2157 1256 2203 dicebant,
1279 2171 1367 2208 quae
1387 2158 1418 2196 si
1439 2158 1502 2208 qui
1525 2158 1693 2197 audivis-

224 2226 312 2258 sent
340 2231 468 2269 neque
499 2218 757 2258 familiaritate
785 2233 913 2271 neque
942 2220 1218 2258 benevolentia
1248 2220 1450 2258 nobiscum
1480 2220 1696 2271 conjuncti,

223 2282 306 2320 fieri
325 2293 401 2318 non
418 2280 608 2331 potuisset
628 2282 720 2332 quin
742 2282 1028 2320 existimassent
1054 2288 1094 2319 et
1120 2282 1206 2320 illos
1234 2282 1365 2320 fucum
1385 2282 1477 2320 mihi
1496 2281 1635 2328 facere,
1655 2289 1693 2321 et

223 2359 284 2384 me
305 2355 433 2383 errore
452 2344 592 2382 mentis
619 2344 719 2383 affici
747 2353 786 2383 et
812 2344 894 2383 fore
921 2345 1098 2390 stultum,
1124 2345 1155 2382 si
1177 2344 1303 2383 verbis
1329 2357 1460 2383 eorum
1487 2344 1602 2383 fidem
1623 2345 1692 2383 ha-

224 2395 405 2445 buissem.
466 2407 699 2456 Quanquam
721 2412 850 2444 autem
875 2406 931 2444 sic
957 2405 1120 2444 affectus
1144 2419 1263 2453 eram,
1291 2419 1359 2457 per
1379 2418 1426 2443 ea
1453 2419 1541 2457 quae
1560 2406 1692 2444 dicere

223 2470 307 2507 ausi
327 2478 430 2515 sunt,
450 2480 535 2506 sum
556 2467 936 2519 persuasus—quid
958 2468 1057 2505 enim
1086 2468 1236 2518 prolixa
1257 2467 1430 2505 oratione
1451 2480 1548 2518 opus
1568 2475 1691 2506 est—

223 2545 312 2582 quae
344 2532 546 2569 restabant
570 2529 778 2580 complere,
804 2542 924 2580 quum
956 2528 1112 2580 quidem
1139 2529 1303 2567 triennio
1331 2536 1480 2567 tantum
1510 2531 1558 2567 ab
1590 2542 1691 2568 anno

223 2597 349 2634 aetatis
369 2595 583 2634 centesimo
611 2595 803 2638 abessem,
832 2599 871 2631 et
896 2592 951 2630 sie
976 2591 1115 2630 afflicta
1135 2591 1371 2637 valetudine,
1391 2604 1468 2641 qua
1488 2591 1586 2628 alius
1607 2597 1692 2628 tan-

222 2667 303 2698 tum
331 2660 443 2697 abest
467 2665 512 2696 ut
538 2658 747 2696 orationem
778 2656 946 2694 scribere
971 2655 1215 2700 instituisset,
1237 2660 1282 2692 ut
1303 2667 1375 2692 nec
1395 2655 1443 2692 ab
1465 2653 1540 2692 alio
1560 2653 1692 2693 elabo-

223 2729 345 2760 ratam
366 2728 405 2759 et
423 2728 622 2758 ostensam
642 2718 777 2757 audire
795 2717 998 2756 voluisset.

280 2784 368 2821 105.
399 2782 479 2819 Cur
498 2794 588 2819 vero
613 2780 702 2818 haec
734 2777 1018 2819 commemoro?
1056 2777 1147 2816 Non
1173 2776 1380 2828 utique'ut
1408 2775 1574 2814 orationi
1593 2789 1689 2815 meae

219 2844 371 2884 veniam
387 2851 518 2895 petam
530 2865 583 2871 —
597 2856 667 2881 nec
685 2842 787 2881 enim
806 2841 861 2879 sle
877 2835 1107 2879 disseruisse
1124 2838 1216 2877 mihi
1232 2838 1363 2877 videor
1375 2861 1427 2866 —
1441 2837 1507 2876 sed
1523 2838 1690 2890 primum

219 2914 263 2945 ut
288 2906 492 2946 ostendam
517 2904 611 2956 quid
632 2904 724 2943 mihi
745 2903 981 2949 usuvenerit,
1001 2901 1142 2940 deinde
1162 2908 1205 2940 ut
1225 2913 1292 2940 eos
1314 2900 1510 2939 auditores
1532 2899 1688 2939 laudem
