1870 3277
276 168 351 205 366
943 172 1059 210 ISAEI

273 272 443 318 fecisset,
462 279 562 310 recte
582 278 661 310 tum
681 274 964 313 intercessisset
984 273 1200 312 Androcles
1227 275 1504 326 interponenda
1529 290 1596 316 sua
1614 278 1719 316 obte-

276 334 453 379 statione,
467 347 584 385 penes
601 335 926 374 Philoctemonem
947 337 1049 374 haud
1068 337 1185 374 fuisse
1204 343 1246 373 ut
1264 336 1365 374 hunc
1387 338 1717 387 [Chaerestratum]

275 400 314 436 in
345 404 572 435 testamento
602 411 670 449 pro
698 399 775 436 filio
803 399 1023 449 adoptaret:
1064 399 1121 435 sin
1152 405 1278 435 autem
1307 398 1584 437 Philoctemoni
1612 400 1720 438 licuit

272 466 543 497 testamentum
565 460 743 506 scribere,
763 473 888 509 neque
914 460 1097 497 infitiatur
1125 459 1198 496 hoc
1220 459 1450 504 Androcles,
1470 461 1538 498 sed
1558 461 1672 505 istud,
1696 474 1719 498 a

274 519 564 558 Philoctemone
593 521 775 571 scriptum
805 533 890 558 esse
914 527 1187 558 testamentum
1220 520 1255 557 in
1286 533 1406 570 eoque
1435 520 1536 558 hunc
1563 521 1717 559 Chaere-

274 588 434 620 stratum
455 594 523 632 pro
542 581 619 619 filio
641 582 878 632 adoptatum,
899 581 1063 619 debebat
1087 595 1157 619 nos
1185 595 1259 619 non
1287 582 1334 618 ab
1363 581 1467 618 aditu
1496 581 1544 618 ad
1571 582 1718 620 heredi-

274 649 389 681 tatem
410 642 613 680 excludere
634 642 911 693 interponenda
930 642 1198 687 obtestatione,
1223 642 1291 679 sed
1311 641 1456 679 directa
1476 642 1550 679 litis
1571 643 1718 680 denun-

272 705 428 742 tiatione
447 704 643 755 praemissa
660 704 745 754 jure
766 703 964 741 nobiscum
983 704 1228 742 contendere.
1285 703 1372 740 Jam
1392 716 1480 741 vero
1501 703 1564 753 qui
1587 716 1718 754 quaeso

272 765 505 804 luculentius
525 772 706 816 arguatur
725 765 863 803 falsum
886 764 1028 803 dixisse
1047 765 1319 811 testimonium,
1339 779 1453 815 quam
1475 766 1504 802 si
1526 766 1610 814 quis
1631 777 1716 802 eum

274 828 329 866 sic
356 827 572 878 interroget,
598 827 663 864 Tu
699 840 825 872 vero,
855 827 1111 872 Androcle,
1145 827 1287 876 ecqui
1323 827 1450 864 nosti
1482 826 1719 864 Philocte-

273 901 453 927 monem
499 900 653 937 neque
696 894 1042 925 testamentum
1085 887 1345 937 scripsisse
1393 900 1545 936 neque
1592 887 1715 925 hunc

275 951 653 988 Chaerestratum
693 948 785 986 sibi
825 960 909 998 pro
947 947 1060 984 filio
1099 947 1391 997 adoptasse?
1439 948 1586 989 Quibus
1617 948 1715 986 enim

273 1012 410 1061 aliquis
429 1010 520 1047 dum
540 1016 763 1059 gererentur
790 1007 1015 1053 interfuerit,
1036 1007 1084 1044 de
1112 1007 1158 1044 iis
1185 1007 1241 1045 fas
1269 1014 1329 1045 est
1357 1020 1440 1045 eum
1461 1009 1716 1046 testimonium

273 1074 419 1116 dicere;
451 1070 589 1122 quibus
606 1076 734 1107 autem
754 1070 835 1120 ipse
854 1081 931 1106 non
952 1068 1176 1114 interfuerit,
1193 1068 1241 1106 de
1261 1068 1304 1105 iis
1325 1074 1530 1106 testantem
1550 1082 1635 1106 eum
1657 1069 1715 1107 fas

273 1140 347 1180 est,
372 1146 449 1170 non
476 1130 610 1169 oculos
640 1143 744 1175 suos,
770 1129 839 1168 sed
867 1142 977 1167 aures
1005 1128 1223 1180 famamque
1249 1129 1401 1166 testari:
1439 1138 1480 1166 tu
1506 1143 1608 1176 vero,
1636 1131 1716 1167 An-

273 1195 417 1241 drocle,
449 1205 539 1231 cum
573 1191 769 1242 scriptioni
805 1190 1020 1229 testamenti
1057 1203 1134 1228 non
1170 1188 1361 1235 affuisses‚
1400 1189 1551 1228 disertis
1591 1197 1716 1229 tamen

273 1256 397 1296 verbis
412 1269 479 1307 pro
494 1253 713 1292 testimonio
734 1254 885 1304 negasti
906 1252 1088 1303 scripturn
1104 1265 1127 1289 a
1142 1251 1432 1289 Philoctemone
1447 1258 1718 1290 testamentum

273 1332 372 1365 esse,
403 1324 539 1356 contra
564 1328 653 1354 vero
681 1314 879 1353 affirmasti
907 1327 993 1352 eum
1021 1313 1223 1364 improlem
1252 1312 1479 1351 decessisse.
1536 1313 1666 1364 Atqui,
1696 1327 1719 1352 o

271 1381 354 1428 viri,
380 1380 444 1431 qui
470 1380 620 1430 poterat
639 1376 852 1415 Androcles
879 1376 953 1414 hoc
981 1375 1116 1414 nosse?
1157 1375 1321 1412 Perinde
1349 1376 1448 1413 enim
1475 1375 1719 1414 inconsenta-

272 1455 387 1482 neum
406 1448 478 1488 est‚
499 1441 547 1478 de
561 1440 854 1478 Philoctemone
875 1438 1114 1488 incomperta
1133 1450 1261 1487 neque
1276 1444 1381 1475 certo
1401 1438 1598 1489 explorata
1618 1439 1719 1477 affir-

272 1517 389 1551 mare,
417 1510 531 1553 atque
557 1502 602 1539 iis
631 1501 680 1538 de
706 1501 819 1538 rebus
846 1512 942 1550 quas
964 1512 1033 1536 vos
1061 1499 1100 1535 in
1129 1506 1277 1535 secreto
1305 1498 1430 1548 agitis.
1488 1500 1717 1550 Quanquam

271 1566 371 1605 enim
400 1563 636 1614 impudentia
662 1562 697 1599 ei
723 1573 871 1598 summa
898 1566 971 1606 est,
999 1572 1078 1597 non
1106 1558 1261 1596 audebit
1289 1566 1416 1596 tamen
1445 1560 1646 1607 affirmare,
1676 1575 1716 1600 se

270 1624 551 1664 Philoctemoni
581 1636 646 1673 per
671 1629 791 1660 totam
820 1621 867 1658 ab
890 1633 935 1658 eo
964 1626 1088 1658 actam
1114 1625 1270 1657 aetatem
1301 1620 1478 1658 comitem
1506 1621 1717 1661 adhaesisse

267 1686 507 1726 individuum
526 1684 750 1734 actibusque
769 1685 850 1731 ejus
870 1682 1045 1720 omnibus
1064 1688 1200 1719 testem
1221 1680 1450 1719 interfuisse.
1509 1682 1715 1722 Hominum

267 1749 371 1788 enim
396 1752 586 1799 quotquot
612 1751 703 1783 sunt
730 1743 898 1782 omnium
926 1743 1028 1780 hune
1053 1755 1172 1780 unum
1194 1743 1433 1780 Androclem
1452 1743 1714 1784 Philoctemon

268 1823 419 1861 semper
438 1807 569 1846 habuit
587 1806 889 1844 inimicissimum
908 1811 989 1842 tum
1009 1811 1164 1855 propter
1188 1804 1370 1855 reliquam
1389 1804 1553 1842 hominis
1573 1805 1711 1857 impro-

266 1873 440 1917 bitatem,
453 1869 545 1917 itum
565 1874 767 1920 propterea
785 1866 890 1918 quod
908 1866 970 1904 hic
991 1865 1205 1904 Androcles
1226 1866 1332 1903 solus
1353 1879 1399 1903 ex
1418 1867 1602 1905 universis
1623 1867 1714 1906 Phi-

266 1931 493 1972 loctemonis
521 1929 748 1968 necessariis
774 1928 966 1979 flagitiosa
988 1940 1075 1966 cum
1100 1927 1195 1965 Alce
1224 1927 1517 1965 communicavit
1541 1929 1714 1976 consilia,

269 1995 408 2046 quibus
438 1999 478 2032 et
504 1992 577 2044 ipsi
605 1990 916 2043 [Philoctemoni‚
943 1989 1003 2026 vel
1029 1988 1155 2039 potius
1184 1988 1463 2038 Chaerestrato]
1492 1996 1530 2027 et
1558 1991 1711 2042 reliquis

269 2055 516 2095 Euctemonis
535 2053 662 2092 liberis
682 2061 796 2104 atque
816 2052 905 2090 totis
925 2050 1170 2090 facultatibus
1190 2050 1473 2103 insidiarentur,
1492 2065 1612 2103 eaque
1632 2067 1714 2104 per—

266 2120 430 2172 petravit
447 2133 532 2170 quae
552 2118 667 2157 modo
684 2117 793 2156 vobis
814 2116 1084 2155 demonstravi.

325 2183 386 2218 12.
414 2181 531 2224 Quod
550 2186 676 2218 autem
696 2179 756 2217 vel
775 2179 938 2217 maxime
958 2178 1260 2229 indignationem
1284 2179 1395 2226 cieat,
1423 2180 1497 2217 hoc
1516 2186 1587 2226 est,
1605 2180 1710 2231 quod

267 2241 531 2288 Euctemonis,
555 2242 620 2292 qui
643 2240 757 2292 hujus
787 2240 1068 2291 [Chaerestrati]
1096 2253 1187 2278 avus
1215 2247 1288 2287 est,
1313 2240 1465 2278 nomine
1490 2241 1710 2282 abutantur.

264 2305 341 2344 Fac
361 2304 460 2342 enim
479 2315 610 2342 verum
628 2302 667 2340 id
686 2315 769 2340 esse
788 2302 891 2352 quod
917 2302 956 2339 hi
985 2302 1103 2348 aiunt,
1132 2301 1412 2340 Philoctemoni
1430 2301 1535 2340 haud
1553 2302 1710 2342 licuisse
1733 2308 1735 2311 ’

262 2381 330 2420 per
348 2371 617 2405 testamentum
637 2363 867 2402 constituere
892 2363 940 2400 de
959 2364 1081 2409 bonis,
1103 2377 1190 2413 quae
1209 2363 1390 2401 universa
1407 2363 1548 2401 fuerint
1568 2364 1710 2403 Eucte-

260 2428 397 2474 monis,
415 2433 543 2465 utrum
562 2425 709 2476 aequius
737 2432 796 2463 est
820 2423 1071 2462 hereditatem
1097 2424 1214 2476 patris
1242 2424 1404 2475 adipisci
1431 2424 1541 2471 filias,
1560 2437 1655 2475 quas
1673 2425 1707 2462 ei

264 2489 450 2541 genuinas
469 2500 556 2526 esse
576 2493 682 2526 extra
698 2484 996 2525 controversiam
1018 2493 1090 2531 est,
1119 2493 1158 2523 et
1176 2498 1245 2523 nos
1264 2498 1309 2523 ex
1328 2485 1401 2523 illis
1421 2491 1544 2530 natos,
1567 2498 1615 2522 an
1635 2485 1705 2523 hos

262 2551 401 2602 quibus
420 2563 508 2588 cum
528 2549 767 2587 Euctemone
787 2546 1082 2585 necessitudinis
1101 2559 1253 2597 prorsus
1276 2546 1369 2583 nihil
1395 2545 1620 2584 intercedit?
1660 2546 1705 2584 Id

261 2612 364 2663 quod
389 2625 467 2650 non
496 2624 568 2649 nos
595 2609 836 2648 solummodo
862 2607 1013 2658 liquidis
1033 2607 1328 2658 approbavimus
1359 2607 1606 2657 argumentis,
1636 2608 1703 2646 sed

260 2674 334 2724 ipsi
353 2686 506 2723 quoque
534 2672 672 2710 horum
696 2678 840 2709 tutores
868 2670 945 2708 suis
973 2668 1094 2707 sactis.
1151 2669 1238 2706 Hoc
1264 2668 1364 2706 enim
1389 2681 1471 2713 vos,
1497 2682 1520 2706 0
1539 2668 1706 2716 judices,

262 2735 376 2773 etiam
395 2741 510 2785 atque
528 2735 641 2772 etiam
657 2746 751 2785 rogo
767 2740 881 2783 atque
896 2732 1066 2769 obtestor
1085 2737 1128 2767 ut
1146 2729 1316 2780 inprimis
1336 2729 1552 2768 meminisse
1569 2730 1706 2775 velitis,

263 2795 368 2848 quod
381 2796 461 2847 jam
477 2796 595 2847 paulo
611 2803 701 2834 aute
714 2794 821 2833 vobis
837 2793 1074 2832 declaratum
1093 2798 1208 2842 atque
1226 2798 1408 2830 testatum
1425 2792 1520 2841 feci;
1550 2790 1705 2829 Andro-

261 2858 344 2897 cles
359 2857 459 2895 enim
473 2857 550 2904 hic,
561 2858 626 2909 qui
645 2871 686 2896 se
701 2857 837 2896 horum
852 2868 1057 2908 puerorum
1070 2860 1233 2892 tutorem
1245 2854 1318 2892 fert
1331 2854 1438 2905 quasi
1457 2854 1703 2892 Euctemonis

262 2919 514 2971 genuinorum
543 2920 626 2969 [qui
652 2932 729 2959 non
757 2924 862 2966 sunt,
892 2917 997 2968 atqui
1023 2916 1177 2967 ingenui
1205 2915 1269 2966 qui
1294 2929 1370 2955 non
1398 2916 1486 2962 sint,
1514 2915 1573 2954 his
1598 2920 1701 2953 tutor
