1870 3277
657 208 735 246 AD
768 203 1096 245 PHILIPPUM.
1569 198 1621 235 59

202 317 266 355 30.
297 314 518 354 Contentus
538 325 662 352 essem
680 311 766 348 haec
780 310 862 361 jam
879 306 1125 354 dixisse,nisi
1139 304 1322 356 quiddam
1338 316 1416 341 non
1432 300 1625 340 oblivione

145 379 216 417 sed
244 376 478 416 verecundia
505 375 723 415 retardatus
754 371 984 416 omisissem,
1016 369 1124 420 quod
1152 381 1255 405 nunc
1284 366 1377 404 mihi
1413 363 1623 403 dicendum

144 452 310 478 censeo:
342 452 431 477 nam
459 445 499 477 et
523 438 591 476 tibi
616 435 877 488 profuturum,
897 440 936 470 et
957 432 1072 470 officii
1092 431 1167 468 mei
1195 430 1233 467 id
1256 442 1342 467 esse
1362 437 1470 479 puto,
1490 433 1535 464 ut
1554 437 1624 477 pro

149 500 435 540 consuetudine
455 512 541 537 mea
561 511 648 548 quae
669 496 792 534 sentio
812 494 930 532 libere
951 493 1094 530 dicam.

202 565 265 601 31.
297 561 578 600 Animadverte
604 571 688 596 esse
717 557 782 608 qui
810 563 847 594 te
873 555 1124 593 criminentur
1151 566 1201 591 ex
1228 552 1274 590 iis
1295 550 1361 602 qui
1384 556 1423 588 et
1443 549 1510 586 tibi
1530 548 1626 585 invi-

147 625 257 670 dent,
280 631 320 662 et
341 636 430 661 suas
450 622 626 660 civitates
647 619 872 672 perturbare
893 617 1033 661 solent,
1052 623 1091 653 et
1111 614 1194 652 aliis
1215 625 1353 665 pacem
1375 624 1621 650 communem

151 686 384 730 existimant,
404 683 481 721 suis
502 696 591 721 vero
614 681 773 734 privatis
798 681 914 718 rebus
938 679 1112 717 bellum:
1141 676 1181 713 hi
1201 675 1317 726 igitur
1337 674 1489 713 caeteris
1509 673 1626 710 rebus

150 749 336 801 neglectis
362 746 539 786 omnibus
566 746 615 784 de
642 753 709 783 tua
738 743 916 796 potentia
941 743 1090 787 dicunt,
1112 753 1198 778 eam
1227 739 1361 790 augeri
1383 751 1459 775 non
1480 737 1530 774 ad
1551 736 1626 773 eri-

150 811 315 863 gendam
339 809 529 847 Graeciam
557 808 626 845 sed
651 807 701 845 ad
726 806 890 844 eandem
919 803 1232 856 opprimendam,
1255 809 1371 851 teque
1396 799 1478 851 jam
1507 799 1626 848 longo

150 881 321 927 ternpore
341 870 434 908 nihil
455 870 559 908 aliud
580 870 651 907 nisi
673 869 784 907 nobis
806 867 994 905 universis
1014 864 1199 910 insidiari,
1217 877 1262 901 ac
1281 862 1452 914 profiteri
1472 860 1627 911 quidem

148 943 187 973 te
208 933 411 973 Messeniis
430 945 542 983 opem
563 932 745 976 laturum,
759 943 892 968 revera
913 936 1042 967 autem
1065 928 1104 965 id
1124 925 1335 964 machinari
1356 930 1400 962 ut
1417 923 1630 962 Phocensi-

151 997 223 1034 bus
243 997 357 1033 rebus
379 994 600 1032 constitutis
620 994 938 1045 Peloponnesum
962 990 1144 1040 subigas余
1175 1001 1220 1027 ac
1240 987 1451 1026 Thessalos
1472 985 1629 1037 quidem

151 1065 190 1097 et
217 1058 424 1095 Thebanos
453 1064 492 1094 et
517 1069 652 1094 omnes
673 1053 985 1106 Amphictyoniae
1011 1051 1219 1103 participes
1247 1056 1284 1088 te
1307 1050 1448 1087 ducem
1468 1048 1632 1086 libenter

150 1127 366 1165 secuturos,
386 1119 550 1169 Argivos
577 1127 705 1156 autem
736 1126 775 1155 et
796 1116 1020 1154 Messenios
1052 1121 1091 1152 et
1111 1113 1416 1164 Megalopolitas
1452 1111 1629 1160 aliosque

153 1181 296 1219 multos
323 1180 416 1217 belli
449 1179 515 1217 tibi
544 1179 624 1216 fore
655 1179 780 1216 socios
810 1178 858 1215 ad
889 1177 1077 1215 delendos
1108 1174 1454 1217 Lacedaemonios3
1487 1173 1629 1224 quibus

147 1243 264 1280 rebus
286 1241 486 1286 confectis,
502 1241 612 1278 facile
632 1248 669 1278 te
689 1241 801 1278 etiam
823 1240 994 1290 reliquos
1012 1239 1175 1276 Graecos
1198 1244 1483 1288 superaturum.
1530 1235 1630 1273 Haec

151 1305 207 1343 illi
227 1305 317 1342 dum
338 1312 531 1352 nugantur
553 1311 592 1342 et
612 1304 706 1341 satis
727 1304 823 1341 scire
845 1316 887 1340 se
907 1302 1088 1340 dictitant
1107 1308 1145 1338 et
1160 1300 1285 1338 verbis
1305 1300 1434 1337 omnia
1454 1299 1630 1337 celeriter

150 1372 338 1411 evertunt,
357 1366 485 1404 multis
499 1365 616 1403 fidem
638 1365 798 1410 faciunt,
813 1365 872 1402 his
890 1363 1102 1415 praesertim
1121 1362 1185 1413 qui
1207 1361 1417 1400 eorundem
1438 1360 1629 1398 malorum

150 1441 239 1466 cum
260 1428 514 1478 nugatoribus
534 1427 608 1464 illis
626 1426 755 1478 cupidi
772 1434 876 1472 sunt,
893 1425 1035 1463 deinde
1055 1425 1099 1462 iis
1122 1424 1188 1475 qui
1208 1424 1256 1461 de
1280 1430 1382 1461 statu
1404 1422 1630 1473 reipublicae

153 1489 246 1526 nihil
264 1489 335 1540 ipsi
355 1488 566 1539 prudenter
586 1488 773 1538 cogitant,
791 1488 861 1526 sed
878 1488 992 1539 plane
1010 1494 1170 1538 stupent
1185 1498 1449 1536 magnamque
1466 1485 1628 1535 gratiam

151 1550 225 1588 illis
250 1550 396 1588 habent
415 1549 479 1601 qui
499 1563 539 1587 se
565 1550 749 1587 sollicitos
779 1563 862 1588 esse
884 1562 929 1587 ac
950 1549 1004 1587 eis
1026 1549 1160 1586 timere
1180 1547 1388 1591 simulant余
1420 1547 1498 1584 huc
1518 1553 1558 1584 et
1576 1546 1630 1584 illi

153 1612 358 1659 accedunt,
384 1612 448 1662 qui
475 1612 671 1662 proniores
703 1619 794 1649 sunt
827 1611 874 1649 ad
909 1610 1187 1662 suspicandum
1213 1616 1261 1648 te>
1279 1608 1450 1647 insidiari
1477 1608 1628 1647 Graecis

152 1675 372 1725 crimenque
388 1673 709 1725 illud'cupiditate
725 1687 800 1711 non
817 1673 1017 1723 indignum
1034 1678 1197 1723 putant:
1230 1671 1295 1722 qui
1316 1677 1466 1708 tantum
1488 1671 1632 1709 absunt

154 1749 178 1775 a
201 1735 403 1786 sapientia,
428 1743 471 1773 ut
500 1736 692 1786 ignorent,
721 1748 799 1772 una
827 1735 1043 1784 eademque
1072 1733 1246 1770 oratione
1276 1732 1372 1770 alios
1403 1732 1506 1777 laedi,
1537 1733 1630 1770 alios

155 1800 292 1837 ornari.
349 1798 464 1842 Quod
486 1798 546 1836 hic
568 1810 724 1848 quoque
747 1796 947 1839 usuvenit余
980 1795 1011 1833 si
1031 1795 1116 1845 quis
1137 1795 1237 1833 enim
1259 1795 1363 1832 dicat
1377 1795 1479 1832 Asiae
1499 1808 1629 1846 regem

157 1861 306 1899 Graecis
326 1860 494 1898 insidiari
519 1867 557 1898 et
584 1872 792 1911 apparasse
819 1859 963 1896 bellurn
991 1865 1127 1895 contra
1153 1871 1238 1903 nos,
1260 1857 1355 1895 nibil
1387 1857 1435 1896 de
1462 1870 1508 1895 eo
1540 1858 1630 1895 mali

156 1924 308 1968 dixerit,
331 1923 398 1961 sed
419 1922 458 1959 id
484 1922 652 1960 effecerit
678 1929 720 1959 ut
747 1922 809 1959 ille
836 1921 970 1958 fortior
997 1927 1036 1958 et
1065 1921 1311 1971 praestantior
1337 1919 1566 1963 haberetur余
1599 1920 1631 1957 si

155 1987 216 2025 cui
237 1999 326 2023 vero
346 1998 393 2023 ex
415 1984 578 2035 posteris
601 1984 800 2027 Herculis,
823 1983 888 2032 qui
908 1990 1028 2020 totam
1053 1982 1246 2019 Graeciam
1272 1981 1468 2019 beneficiis
1488 1981 1632 2024 affecit,

158 2048 234 2086 tale
256 2048 399 2086 crimen
421 2047 593 2092 inferret,
616 2059 701 2083 eum
725 2045 892 2083 maxima
920 2045 1132 2095 ignominia
1163 2045 1346 2082 afficeret.
1406 2044 1503 2088 Quis
1530 2045 1630 2081 enim

158 2123 235 2146 non
256 2109 478 2159 indignetur
497 2115 536 2145 et
554 2121 657 2158 aegre
678 2107 787 2153 ferat,
805 2107 835 2144 si
857 2107 944 2157 quis
966 2107 1010 2143 iis
1030 2106 1197 2144 insidiari
1219 2112 1389 2158 putetur,
1405 2119 1473 2157 pro
1493 2106 1632 2157 quibus

157 2178 292 2209 auctor
311 2170 462 2219 generis
483 2170 566 2220 ejus
588 2170 782 2220 suscipere
810 2169 981 2220 pericula
1001 2169 1136 2211 voluit,
1156 2183 1281 2220 neque
1306 2171 1632 2215 benevolentiam,

157 2245 274 2283 quam
294 2232 356 2269 ille
378 2232 542 2282 posteris
564 2232 643 2268 suis
666 2231 830 2282 reliquit,
851 2245 1079 2269 conservare
1096 2239 1270 2277 conetur,
1285 2232 1352 2270 sed
1366 2232 1425 2270 his
1443 2232 1632 2284 neglectis

157 2307 216 2332 res
236 2295 441 2345 probrosas
462 2300 498 2330 et
518 2306 655 2343 pravas
675 2292 860 2344 expetat?

213 2358 278 2393 32.
309 2356 460 2397 Quibus
481 2355 738 2393 consideratis
759 2369 836 2393 non
867 2356 934 2393 tibi
963 2355 1284 2393 committendum
1306 2362 1365 2394 est
1386 2363 1426 2394 ut
1447 2356 1560 2394 talem
1583 2356 1630 2393 de

159 2426 197 2457 te
220 2417 381 2456 suboriri
408 2417 548 2455 famam
582 2417 749 2467 patiaris,
779 2417 935 2468 qualem
973 2417 1116 2455 inimici
1144 2418 1192 2456 de
1226 2426 1262 2456 te
1294 2419 1423 2469 spargi
1458 2419 1632 2463 student,

160 2480 371 2518 amicorum
392 2486 519 2516 autem
535 2491 649 2516 nemo
668 2488 727 2516 est
748 2479 840 2529 quin
857 2479 1064 2516 reclamare
1084 2487 1122 2516 et
1142 2479 1312 2517 refutare
1334 2479 1488 2517 audeat.
1527 2480 1631 2521 Quid

162 2549 291 2579 autem
314 2541 380 2578 tibi
400 2540 594 2591 expediat,
615 2553 661 2578 ex
682 2540 819 2578 horum
841 2547 1092 2591 utrorumque
1113 2541 1315 2580 sententiis
1333 2540 1495 2578 maxime
1512 2542 1630 2579 veris-

166 2616 338 2654 simeque
358 2616 582 2654 perspicies

216 2667 279 2703 33.
311 2664 502 2702 Fortassis
530 2664 645 2715 igitur
676 2665 871 2702 existimes
892 2664 1020 2715 pusilli
1043 2664 1156 2702 animi
1184 2676 1270 2701 esse
1292 2663 1570 2703 maledicorum
1593 2674 1631 2704 et

165 2735 394 2778 nugatorum
418 2734 457 2764 et
477 2740 610 2764 eorum
635 2727 698 2777 qui
720 2726 793 2764 illis
815 2740 927 2765 aures
948 2728 1124 2778 praebent
1136 2725 1253 2761 ullam
1275 2725 1459 2763 rationem
1475 2726 1629 2772 habere,

167 2789 379 2840 praesertim
403 2788 433 2825 si
451 2788 517 2825 tibi
538 2789 589 2825 sis
607 2788 749 2826 nullius
773 2789 902 2827 delicti
925 2788 1118 2826 conscius.
1177 2785 1321 2824 Verum
1343 2789 1631 2826 contemnenda

165 2849 370 2887 multitudo
386 2863 461 2887 non
479 2856 552 2894 est,
570 2863 694 2900 neque
708 2851 879 2888 omnium
901 2849 1127 2901 approbatio
1145 2849 1249 2899 parvi
1265 2850 1518 2894 aestimanda余
1540 2864 1626 2888 nain

167 2924 215 2949 ea
234 2911 386 2948 demum
407 2924 498 2948 vera
518 2911 639 2961 gloria
652 2918 710 2949 est
724 2918 929 2954 etmawa,
949 2923 1037 2948 eum
1053 2918 1087 2947 te
1105 2917 1184 2947 tum
1198 2910 1272 2947 tuis
1286 2911 1495 2962 majoribus
1511 2912 1631 2963 digna

171 2973 361 3022 rebusque
378 2973 512 3021 gestis,
528 2973 559 3009 si
575 2971 748 3011 effeceris
767 2980 811 3010 ut
830 2972 962 3010 Gracci
983 2971 1118 3009 eodem
1139 2971 1215 3010 sint
1232 2984 1326 3022 erga
1343 2980 1380 3011 te
1397 2974 1538 3017 animo,
1555 2987 1631 3024 quo
