1870 3277
662 192 735 229 AD
770 184 1089 229 PHILIPPUM.
1561 189 1611 226 67

151 299 259 345 pater
279 293 328 331 ob
348 293 525 331 virtutem
556 292 654 330 inter
674 291 769 330 deos
794 291 937 338 retulit,
957 290 1226 329 humilioribus
1259 291 1476 329 nominibus
1509 290 1614 328 salu-

152 361 291 392 tentur.
351 354 468 404 Atqui
499 354 633 392 horum
666 352 758 390 nihil
787 353 841 391 ita
872 352 1166 403 relinquendum
1195 358 1265 397 est,
1286 352 1352 389 sed
1373 352 1457 390 haec
1489 351 1617 390 omnia

150 415 432 453 commovenda
451 422 489 452 et
508 413 734 452 invertenda
756 420 859 451 sunt.

204 477 270 513 56.
302 476 473 513 Omnino
493 482 619 513 autem
642 482 809 512 statuere
831 475 950 513 debes
967 487 1026 512 me
1047 473 1138 512 nihil
1155 473 1377 523 hujusmodi
1394 474 1459 512 tibi
1482 487 1615 512 suasu-

149 550 232 574 rum
253 537 387 582 fuisse,
401 538 430 575 si
451 535 651 587 imperium
672 535 863 574 duntaxat
882 542 921 573 et
938 536 1088 573 divitias
1106 534 1194 572 inde
1207 534 1385 572 vidissem
1401 536 1616 585 parandas:

151 598 314 635 arbitror
334 598 434 635 enim
452 604 488 635 te
504 599 585 647 jam
607 604 723 635 antea
749 598 926 635 omnibus
947 597 1066 647 copiis
1088 595 1222 632 harum
1242 608 1370 633 rerum
1396 596 1615 634 circumflu-

149 672 224 704 ere,
246 671 412 709 eumque
440 671 596 710 prorsus
626 658 894 709 inexplebilem
921 670 1006 695 esse
1033 657 1098 708 qui
1130 657 1256 694 subire
1291 656 1507 706 per1culum
1539 670 1614 694 non

150 726 305 757 recuset
323 733 400 770 quo
419 726 486 757 aut
504 718 549 756 iis
571 719 739 769 potiatur
755 726 822 757 aut
838 719 916 756 vita
936 719 1118 769 privetur.
1151 718 1235 768 Ego
1255 729 1345 755 vero
1364 730 1441 755 non
1462 717 1515 755 ita
1532 718 1617 755 haec

149 780 237 819 dico
257 788 299 819 ut
319 781 582 832 possessiones
603 792 731 817 eorum
753 787 940 831 spectem,
962 779 1031 818 sed
1053 779 1158 830 quod
1179 791 1225 816 ex
1248 778 1306 816 his
1327 785 1364 816 te
1385 786 1514 829 putem
1536 792 1617 818 ma-

150 842 292 879 ximum
326 841 656 891 clarissimumque
685 841 923 892 triumphum
948 847 1261 879 consecuturum.
1321 840 1478 890 Cogites
1503 841 1617 879 velim

149 903 310 941 mortale
331 915 470 954 corpus
491 915 624 940 omnes
651 915 721 940 nos
748 902 902 949 habere,
923 902 990 939 sed
1022 902 1158 953 gloria,
1181 901 1378 947 laudibus,
1399 902 1517 947 fama,
1537 915 1618 940 me-

150 964 280 1002 moriae
306 964 560 1015 perpetuitate
594 964 675 1001 fieri
708 970 905 1014 compotes
937 963 1251 1007 immortalitatis,
1271 963 1381 1014 cujus
1406 963 1618 1014 cupiditate

148 1038 284 1064 omnes
305 1027 403 1063 vires
425 1025 666 1070 exercendae,
683 1025 778 1062 nulli
793 1025 957 1071 labores,
972 1024 1077 1062 nulla
1094 1023 1264 1075 pericula
1280 1025 1497 1062 recusanda
1511 1033 1614 1063 sunt.

151 1086 253 1124 Nam
282 1087 518 1138 privatorum
544 1086 743 1124 hominum
772 1086 922 1137 aliquos
953 1099 1089 1124 cernas
1122 1092 1161 1124 et
1185 1098 1252 1124 eos
1273 1085 1427 1136 quidem
1447 1086 1615 1136 optimos

149 1148 228 1198 qui,
240 1161 357 1198 quum
374 1149 462 1186 vitae
476 1148 672 1186 caritatem
689 1148 797 1186 nulla.
812 1162 851 1186 re
867 1148 942 1186 alia
957 1153 1213 1198 permutatam
1226 1147 1360 1192 velint,
1376 1146 1616 1197 adipiscendi

150 1209 301 1247 honesti
322 1210 485 1247 nominis
507 1209 630 1259 gratia
658 1209 694 1246 in
725 1209 836 1246 bellis
865 1209 1095 1247 occumbere
1122 1221 1199 1245 non
1221 1207 1419 1251 dubitent;
1451 1208 1617 1259 denique

149 1272 305 1321 eos,qui
325 1283 475 1321 semper
488 1277 665 1308 tenentur
679 1271 870 1320 augendae
887 1270 1018 1320 gloriae
1036 1270 1178 1314 studio,
1196 1269 1343 1307 laudari
1359 1271 1406 1307 ab
1423 1271 1616 1317 omnibus,

148 1332 215 1382 qui
247 1338 374 1369 autem
406 1331 551 1382 aliquid
582 1338 810 1369 caeterarum
841 1344 966 1369 rerum
997 1330 1265 1369 insatiabiliter
1289 1330 1616 1381 complectuntur,

147 1393 220 1431 hos
241 1400 281 1431 et
300 1392 644 1431 incontinentiores
664 1399 699 1430 et
722 1392 926 1443 nequiores
947 1392 1093 1430 baberi.
1134 1392 1184 1430 Et
1198 1391 1301 1442 quod
1317 1392 1526 1430 maximum
1544 1401 1617 1438 est,

149 1467 266 1504 opum
289 1461 405 1505 atque
427 1453 669 1504 imperiorum
691 1466 795 1504 saepe
816 1453 992 1492 accidere
1013 1460 1057 1491 ut
1077 1453 1210 1491 hostes
1236 1454 1444 1505 potiantur,
1467 1454 1535 1492 sed
1551 1455 1618 1493 be-

147 1515 377 1553 nevolentiae
396 1515 535 1553 civium
557 1522 597 1553 et
615 1521 843 1553 caeterorum
860 1528 947 1565 quae
968 1515 1134 1553 diximus
1154 1528 1233 1553 non
1255 1515 1351 1554 alios
1371 1515 1533 1554 heredes
1555 1529 1614 1554 re-

148 1577 269 1628 linqui
289 1590 405 1628 quam
433 1577 576 1615 liberos
598 1590 619 1614 e
639 1576 749 1616 nobis
779 1585 1017 1629 procreatos.
1076 1577 1220 1624 Quare,
1240 1576 1313 1615 nisi
1343 1584 1501 1629 propter
1532 1577 1616 1616 haec

147 1639 216 1676 tibi
235 1639 514 1677 consuluissem
537 1638 709 1676 militiam
734 1638 836 1676 hanc
856 1637 1127 1689 suscipendam
1150 1651 1235 1677 esse
1254 1645 1295 1677 et
1314 1637 1458 1677 bellum
1479 1651 1616 1690 geren-

148 1701 238 1739 dum
261 1708 300 1738 et
319 1699 594 1744 dimicandum,
614 1700 896 1737 erubescerem.

193 1762 259 1798 57.
282 1761 345 1798 Sic
360 1767 488 1798 autem
502 1759 560 1797 his
574 1759 622 1797 de
636 1760 750 1798 rebus
760 1760 971 1798 rectissime
985 1766 1147 1806 statues,
1158 1760 1388 1810 sicogitabis
1401 1773 1479 1798 non
1491 1760 1616 1799 solum

147 1822 248 1860 hanc
274 1821 484 1860 orationem
506 1833 590 1858 esse
609 1834 697 1870 quae
719 1828 755 1858 te
774 1820 963 1867 hortetur,
981 1821 1049 1859 sed
1070 1821 1257 1860 accedere
1278 1822 1441 1873 majores
1462 1834 1617 1873 quoque

149 1890 234 1921 tuos
254 1891 293 1921 et
311 1883 559 1920 barbarorum
576 1882 769 1932 ignaviam
786 1889 824 1919 et
842 1895 907 1920 eos
928 1882 1042 1920 etiam
1064 1882 1129 1933 qui
1150 1883 1387 1921 celeberrimi
1412 1882 1506 1921 facti
1528 1890 1619 1921 sunt

148 1952 186 1983 et
210 1944 367 1982 semidei
394 1944 515 1982 habiti
544 1944 593 1981 ob
623 1944 907 1994 expeditionem
931 1950 1065 1982 contra
1089 1944 1270 1982 barbaros
1301 1950 1548 1995 susceptam;
1580 1946 1618 1983 in

148 2005 278 2056 primis
299 2011 426 2042 autem
445 2005 614 2041 excitare
635 2011 671 2041 te
693 2004 808 2042 debet
830 2004 999 2049 occasio,
1020 2018 1140 2055 quum
1159 2012 1198 2042 et
1219 2012 1260 2042 tu
1280 2006 1395 2043 tantis
1417 2006 1557 2056 opibus
1580 2013 1620 2045 et

149 2067 271 2117 copiis
292 2066 440 2116 polleas
468 2065 623 2115 quantis
646 2077 777 2102 eorum
798 2078 911 2103 nemo
933 2065 998 2116 qui
1019 2066 1056 2102 in
1078 2066 1235 2117 Europa
1252 2065 1493 2113 habitarunt,
1514 2075 1553 2105 et
1572 2068 1620 2113 is,

148 2133 285 2165 contra
305 2138 420 2176 quem
440 2126 586 2163 bellum
608 2139 734 2176 geres,
756 2126 793 2163 in
814 2133 922 2164 tanto
944 2127 994 2165 sit
1013 2127 1103 2166 odio
1135 2134 1174 2165 et
1200 2134 1427 2180 contemptu
1448 2129 1619 2167 omnium

148 2188 187 2225 in
207 2194 353 2238 quanto
375 2199 488 2224 nemo
504 2199 640 2237 regum
661 2200 828 2238 uuquam
849 2188 934 2225 fuit.

203 2251 268 2287 58.
290 2249 550 2286 Vehementer
571 2255 699 2286 autem
721 2249 834 2287 velim
855 2263 916 2288 me
932 2263 1045 2301 posse
1061 2250 1246 2302 colligere
1267 2264 1312 2290 ac
1328 2264 1406 2289 uno
1423 2252 1542 2291 veluti
1559 2254 1617 2292 fa-

150 2325 215 2350 sce
235 2311 441 2361 complecti
463 2324 508 2348 ea
534 2323 622 2361 quae
649 2310 696 2349 de
718 2311 777 2349 his
798 2312 913 2350 rebus
934 2312 1015 2350 dixi
1037 2313 1185 2352 omnia:
1215 2313 1337 2364 magis
1368 2315 1470 2352 enim
1505 2327 1620 2366 argu-

149 2379 281 2410 mento
307 2373 426 2422 digna
446 2372 530 2409 haec
550 2372 671 2409 oratio
695 2373 899 2411 videretur.
958 2374 1100 2411 Verum
1122 2380 1160 2411 te
1181 2387 1337 2425 quoque
1356 2374 1470 2413 decet
1489 2377 1618 2414 cousi-

149 2434 284 2472 derare
303 2446 349 2471 ex
365 2434 545 2471 omnibus
561 2446 606 2471 ea
626 2447 712 2483 quae
730 2434 806 2472 huc
826 2435 1020 2485 pertinent
1036 2442 1074 2473 et
1089 2435 1136 2472 ad
1158 2435 1301 2473 bellum
1320 2436 1392 2473 hoc
1408 2435 1619 2475 adhortan-

152 2503 230 2534 tur:
262 2495 316 2533 sic
336 2495 437 2533 enim
455 2494 503 2532 de
520 2495 562 2533 iis
583 2496 723 2546 optime
745 2496 1001 2534 consulueris.

205 2559 270 2596 59.
302 2557 438 2607 Neque
457 2570 550 2594 vero
568 2557 704 2608 ignoro
728 2557 956 2596 Graecorum
978 2558 1121 2596 multos
1143 2558 1180 2596 in
1203 2571 1248 2596 ea
1270 2558 1450 2609 opinione
1471 2572 1558 2598 esse
1580 2569 1622 2598 ut

153 2632 282 2670 regem
305 2618 510 2656 Persarum
534 2618 873 2669 inexpugnabilem
895 2626 1051 2670 putent:
1082 2632 1179 2670 quos
1207 2632 1301 2657 sane
1321 2619 1448 2658 mirari
1468 2633 1622 2671 aequum

152 2688 227 2726 est,
244 2680 275 2717 si
297 2679 333 2717 id
361 2679 577 2731 imperium,
596 2680 702 2730 quod
723 2687 783 2719 est
803 2681 850 2718 ab
870 2681 1024 2719 homine
1051 2681 1215 2719 barbaro
1245 2687 1285 2718 et
1311 2681 1412 2719 male
1442 2682 1621 2722 instituto

155 2742 406 2782 constitutum
428 2749 467 2780 et
486 2741 535 2779 ad
557 2742 782 2780 servitutem
800 2749 1095 2795 congregatum,
1116 2755 1138 2779 a
1158 2741 1237 2779 viro
1254 2742 1399 2780 Graeco
1414 2749 1452 2781 et
1472 2743 1621 2782 bellicis

155 2805 195 2843 in
222 2805 335 2842 rebus
363 2804 525 2841 multum
547 2803 757 2842 exercitato
783 2817 859 2842 non
881 2811 1020 2856 putant
1047 2816 1115 2854 spe
1140 2803 1416 2854 recuperandae
1435 2804 1623 2843 libertatis

159 2865 352 2916 proposita
376 2864 609 2902 dissolutum
630 2865 688 2911 iri,
709 2866 921 2916 praesertim
942 2878 1059 2914 quum
1084 2864 1206 2903 sciant
1232 2866 1466 2905 constituere
1496 2866 1626 2904 omnia

153 2939 271 2977 quam
295 2925 345 2963 sit
364 2925 534 2972 difficile,
558 2940 673 2977 quani
696 2927 807 2965 facile
824 2939 913 2964 vero
929 2925 1154 2964 dissolvere.
