1870 3277
675 544 1272 598 [SOCRATls

494 690 931 738 ADVERSUS
988 689 1455 737 EUTHYNUM

787 815 816 852 Α
828 814 1074 855 MARTYR
1084 815 1169 855 Os,

308 1014 339 1048 1.
370 1012 514 1049 JUSTAE
542 1011 633 1049 mihi
663 1018 754 1049 sunt
780 1024 908 1049 causae
932 1012 1056 1050 Niciae
1090 1010 1344 1050 defendendi:
1375 1023 1462 1048 nam
1491 1018 1529 1047 et
1556 1010 1700 1047 amicus

248 1087 356 1112 meus
377 1081 436 1112 est
455 1081 494 1111 et
512 1087 572 1111 me
603 1074 751 1125 rogavit
771 1081 809 1111 et
837 1073 996 1111 affectus
1019 1074 1153 1125 injuria
1173 1081 1233 1112 est
1257 1081 1296 1111 et
1317 1073 1469 1111 dicendi
1491 1072 1699 1124 imperitus,

248 1148 367 1187 quare
387 1142 542 1186 propter
561 1135 646 1172 haec
666 1135 795 1173 omnia
809 1148 964 1173 causam
985 1135 1065 1187 ejus
1086 1149 1199 1186 agere
1213 1149 1342 1187 cogor.

300 1199 338 1234 2.
369 1197 495 1240 Quam
516 1196 736 1233 brevissime
752 1196 866 1247 igitur
887 1202 1031 1247 potero,
1047 1198 1152 1235 vobis
1168 1210 1359 1248 exponam
1375 1196 1570 1247 quomodo
1585 1209 1703 1247 nego-

247 1257 341 1295 tium
361 1257 434 1295 hoc
451 1258 485 1295 ei
507 1270 596 1295 cum
617 1257 801 1309 Euthyno
819 1258 1089 1295 intercesserit.

304 1321 339 1357 3.
371 1319 503 1357 Nicias
534 1319 611 1364 hic,
641 1318 799 1369 triginta
830 1320 1001 1369 tyrannis
1034 1333 1156 1357 rerum
1191 1321 1439 1371 potientibus,
1470 1333 1585 1370 quum
1613 1332 1698 1358 eum

245 1380 388 1418 inimici
415 1395 435 1419 e
461 1381 601 1418 civium
628 1393 787 1418 numero
824 1379 991 1418 deletum
1026 1381 1063 1418 in
1095 1381 1281 1432 Lysandri
1322 1381 1538 1432 catalogum
1568 1380 1700 1419 inscri-

247 1441 428 1492 psissent,
448 1443 562 1480 rebus
587 1442 663 1480 suis
690 1442 839 1480 diffisus
863 1441 1068 1480 facultates
1088 1444 1330 1495 oppignorat,
1351 1444 1516 1481 famulos
1543 1456 1702 1495 peregre

247 1495 412 1554 ablegat,
451 1503 728 1555 supellectilem
767 1503 815 1540 ad
852 1517 913 1541 me
953 1505 1148 1550 transfert,
1189 1511 1227 1542 et
1263 1506 1410 1555 argenti
1442 1506 1512 1542 tria
1556 1506 1703 1543 talenta

249 1565 431 1616 Euthyno
458 1565 714 1603 custodienda
732 1564 870 1605 tradit:
901 1565 982 1615 ipse
1008 1579 1098 1604 vero
1121 1566 1158 1603 in
1183 1579 1275 1617 agro
1302 1579 1341 1603 se
1372 1567 1554 1604 continet.
1612 1567 1702 1604 Non

244 1626 368 1664 multo
384 1633 472 1678 post
483 1627 559 1664 alio
573 1626 823 1677 navigaturus
839 1634 1040 1677 argentum
1060 1628 1197 1679 repetit
1215 1641 1224 1665 :
1256 1627 1459 1681 Euthynus
1480 1635 1607 1666 autem
1624 1628 1701 1666 duo

245 1688 400 1739 quidem
416 1689 561 1726 talenta
573 1688 713 1734 reddit,
735 1687 805 1725 sed
826 1689 977 1726 tertium
994 1689 1195 1727 inficiatur.
1255 1690 1386 1728 Nicias
1407 1691 1520 1741 igitur
1539 1704 1585 1729 eo
1604 1698 1700 1729 tem-

244 1762 335 1801 pore
365 1749 456 1788 nihil
488 1750 656 1788 habebat
689 1750 794 1788 aliud
828 1750 932 1800 quod
967 1759 1110 1802 ageret,
1138 1751 1208 1789 nisi
1236 1752 1341 1802 quod
1367 1752 1469 1804 apud
1498 1753 1701 1791 familiares

246 1810 351 1848 illum
384 1812 587 1850 incusabat
624 1818 663 1849 et
694 1812 926 1862 querebatur
958 1820 996 1849 et
1033 1813 1126 1863 quid
1156 1813 1225 1851 sibi
1262 1813 1467 1853 accidisset
1506 1817 1700 1853 narrabat.

250 1872 368 1923 Atqui
393 1873 489 1910 tanti
510 1872 677 1911 faciebat
696 1873 809 1910 istum
831 1880 870 1911 et
898 1874 1157 1912 conditionem
1177 1881 1390 1926 temporum
1414 1877 1469 1914 ita
1489 1879 1700 1924 metuebat,

248 1940 288 1970 ut
307 1934 429 1972 multo
450 1934 560 1972 citius
581 1947 737 1986 parvam
752 1926 943 1986 jacturam
971 1936 1120 1973 silentio
1139 1937 1371 1988 praeterisset
1390 1952 1504 1989 quam
1531 1953 1569 1977 re
1597 1940 1703 1979 nulla

246 1993 446 2033 fraudatus
463 2003 702 2034 accusasset.
759 1996 809 2033 Et
826 1996 911 2034 haec
931 1997 1087 2047 quidem
1103 1998 1154 2035 rei
1176 2012 1326 2036 summa
1345 2006 1418 2038 est.

250 2060 252 2063 ’
299 2058 338 2092 4.
369 2057 644 2095 Conflictamur
657 2065 784 2095 autem
800 2058 950 2108 magnis
965 2058 1269 2098 difficultatibus.
1328 2062 1425 2099 Nam
1442 2062 1564 2100 Niciae
1577 2076 1703 2115 neque

248 2117 453 2169 deponenti
483 2119 669 2169 pecunias
690 2132 816 2171 neque
837 2119 1034 2170 recipienti
1061 2122 1274 2171 quisquam·
1294 2122 1400 2160 affuit
1422 2124 1482 2162 vel
1511 2125 1702 2176 ingenuus

246 2179 308 2217 vel
346 2193 501 2218 servus:
532 2181 662 2231 itaque
697 2195 767 2219 nec
802 2182 1080 2232 quaestionibus
1117 2195 1236 2234 neque
1266 2185 1429 2223 testibus
1460 2198 1520 2223 res
1550 2185 1702 2237 probari

247 2247 390 2292 potest,
412 2242 480 2279 sed
500 2255 659 2280 necesse
685 2249 742 2279 est
761 2249 799 2280 et
816 2255 887 2280 nos
911 2243 1145 2294 argumentis
1175 2244 1310 2283 docere
1330 2252 1369 2283 et
1387 2259 1455 2284 vos
1474 2247 1612 2285 eadem
1630 2249 1720 2287 hac·

246 2304 395 2341 ratione
410 2303 583 2354 judicare
601 2303 674 2341 utri
687 2316 776 2341 vera
789 2303 932 2342 dicant.

256 2379 258 2383 ’
303 2367 339 2402 5.
372 2364 550 2403 Arbitror
568 2371 696 2403 autem
718 2378 788 2402 vos
807 2377 941 2403 omnes
962 2366 1056 2404 scire
1076 2366 1300 2406 calumniari
1320 2369 1444 2407 solere
1463 2371 1703 2422 potissimum

247 2426 422 2465 homines
442 2426 685 2475 eloquentes,
706 2426 774 2465 sed
795 2439 995 2477 paupereS,
1015 2441 1080 2466 eos
1101 2429 1165 2479 qui
1185 2429 1337 2468 dicendi
1361 2431 1524 2483 imperiti
1542 2440 1645 2480 sunt,
1666 2440 1704 2472 et

249 2489 452 2540 pecuniam
485 2488 576 2527 dare
601 2496 773 2539 possunt.
831 2488 962 2526 Nicias
986 2502 1076 2527 vero
1096 2491 1277 2543 Euthyno
1307 2499 1349 2530 ut
1377 2493 1620 2544 locupletior,
1647 2495 1702 2534 sic

249 2551 365 2589 etiam
390 2551 568 2589 infantior
587 2557 669 2588 est:
699 2563 814 2601 quare
841 2549 931 2587 nihil
960 2550 1034 2588 fuit
1059 2565 1135 2601 quo
1161 2553 1281 2591 fretus
1307 2553 1527 2605 Euthynum
1561 2556 1702 2607 injuste

248 2613 457 2651 invaderet.

300 2673 338 2711 6.
368 2675 470 2716 Quin
501 2687 548 2711 ex
586 2674 669 2724 ipsa
705 2674 818 2711 etiam
848 2686 888 2711 re
919 2673 1157 2724 intelligitur,
1194 2675 1309 2726 longe
1339 2673 1581 2717 verisimilius
1615 2694 1701 2721 esse

250 2734 474 2785 Euthynum
501 2736 539 2772 id
566 2747 706 2785 negare
727 2734 830 2785 quod
858 2735 1049 2786 acceperit
1074 2748 1186 2785 quam
1214 2736 1361 2775 Niciam
1383 2740 1576 2789 postulare
1597 2744 1702 2792 quod

247 2808 323 2833 non
343 2795 503 2833 dederit.
560 2795 703 2833 Notum
727 2795 828 2833 enim
856 2803 926 2840 est,
948 2796 1043 2833 lucri
1067 2809 1185 2834 causa
1206 2810 1337 2836 omnes
1357 2800 1529 2849 injuriam
1558 2803 1699 2843 facere.

251 2857 327 2902 Qui
340 2857 455 2908 igitur
472 2856 688 2907 depositum
707 2864 862 2908 negant,
881 2857 1028 2895 habent
1042 2857 1079 2894 id
1094 2866 1248 2910 propter
1266 2861 1370 2911 quod
1383 2862 1449 2914 jus
1470 2864 1625 2912 violant,
1638 2868 1703 2917 qui

245 2931 334 2956 vero
346 2925 546 2963 accusant,
565 2917 604 2955 id
622 2930 774 2968 quoque
794 2919 973 2957 nesciunt
990 2932 1038 2957 an
1052 2921 1247 2971 accepturi
1265 2922 1354 2960 sint.
