1870 3277
761 518 1227 573 ISOCRATIS

668 666 707 714 E
751 668 793 713 V
837 668 879 715 A
925 669 970 715 G
1017 668 1060 716 Ο
1107 669 1150 716 R
1193 669 1236 716 A
1281 670 1327 717 S.

323 867 356 903 1.
387 867 523 908 Quum
557 873 593 905 te
622 867 788 906 viderem
809 867 926 919 patris
947 868 1001 904 tui
1023 869 1137 905 funus
1165 880 1314 913 ornare,
1331 867 1529 912 NicocleS,
1559 880 1634 905 non
1656 880 1734 905 ma-

262 926 405 978 gnifico
424 935 574 966 tantum
595 936 635 967 et
661 929 864 980 splendido
896 938 1098 980 apparatu,
1121 929 1188 966 sed
1222 937 1260 967 et
1289 930 1416 967 choris
1448 938 1486 966 et
1518 929 1664 966 musica
1694 937 1732 966 ct

262 987 365 1026 ludis
386 990 605 1040 gymnicis,·
625 998 743 1041 atque
770 991 884 1029 etiam
914 1004 1099 1041 equorum
1132 991 1418 1041 triremiumque
1448 990 1733 1035 certaminibus,

262 1051 356 1089 nihil
389 1051 557 1103 denique
589 1054 877 1104 praetermittere
907 1053 1012 1103 quod
1041 1053 1088 1091 ad
1122 1053 1253 1090 talium
1286 1066 1409 1090 rerum
1439 1053 1731 1103 amplitudinem

261 1112 353 1150 addi
381 1121 528 1163 posset,
555 1114 734 1164 equidem
767 1115 999 1163 Evagoram‚
1031 1114 1060 1150 si
1094 1113 1187 1164 quid
1218 1126 1347 1150 eorum
1382 1126 1470 1163 quae
1507 1113 1566 1150 hic
1599 1114 1734 1152 fierent

261 1173 434 1212 defuncti
467 1175 666 1220 sentirent,
695 1175 978 1219 existimabam,
1014 1181 1095 1212 tum
1132 1175 1205 1212 ista
1245 1174 1410 1224 benigne
1449 1176 1661 1226 approbare
1696 1182 1733 1213 et

261 1235 425 1274 libenter
445 1244 622 1288 spectare
642 1236 755 1275 istam
779 1236 837 1275 sui
865 1249 996 1274 curam
1030 1244 1213 1287 tuamque
1242 1238 1576 1285 magnificentiam,
1598 1246 1678 1274 tum
1700 1237 1732 1275 ei

260 1298 377 1349 longe
393 1299 576 1349 majorem
598 1300 713 1337 etiam
736 1311 852 1349 quam
869 1298 1016 1336 caeteris
1032 1298 1211 1335 omnibus
1235 1298 1394 1348 gratiam
1416 1297 1650 1343 habiturum,
1667 1298 1731 1348 qui

259 1359 310 1397 de
327 1360 544 1398 actionibus
565 1361 647 1411 ejus
671 1367 710 1398 et
724 1360 815 1398 belli
836 1358 1120 1397 discriminibus
1147 1359 1274 1397 dicere
1296 1367 1430 1411 posset
1456 1373 1523 1411 pro
1546 1360 1735 1410 dignitate

260 1434 383 1458 rerum
409 1422 458 1459 ab
479 1434 526 1459 eo
545 1429 765 1472 gestarum:
796 1421 953 1459 honoris
975 1421 1075 1459 euim
1094 1421 1255 1472 cupidos
1273 1422 1375 1459 viros
1403 1429 1442 1459 et
1462 1422 1729 1472 magnanimos

259 1496 339 1521 non
374 1489 526 1521 tantum
559 1483 643 1521 istis
676 1484 790 1521 rebus
826 1483 981 1521 laudem
1015 1489 1250 1534 anteponere
1285 1490 1452 1529 constat,
1485 1483 1554 1520 sed
1585 1483 1732 1521 obitum

258 1544 374 1583 etiam
390 1545 479 1582 vitae
501 1545 616 1596 plane
632 1545 827 1597 praeferre,
851 1558 896 1584 ac
916 1545 1047 1596 gloriae
1065 1558 1180 1596 quam
1204 1544 1336 1583 salutis
1356 1545 1609 1583 studiosiores
1630 1559 1732 1592 esse,

257 1606 462 1657 omniaque
484 1607 609 1644 facere
635 1614 679 1644 ut
710 1607 963 1645 immortalem
994 1606 1052 1643 sui
1083 1606 1558 1657 memoriamrelinquant.
1616 1608 1731 1646 Sum-

256 1674 346 1720 ptus
377 1675 506 1707 autem
526 1668 620 1706 nihil
641 1669 830 1720 ejusmodi
851 1674 1047 1720 praestant,
1067 1668 1135 1706 sed
1157 1668 1374 1706 divitiarum
1404 1676 1495 1706 sunt
1525 1682 1732 1720 argumen-

258 1736 364 1768 tum:
393 1730 458 1781 qui
477 1742 569 1768 vero
597 1731 744 1768 musica
763 1737 802 1768 et
828 1730 911 1768 aliis
929 1730 1202 1768 certaminibus
1222 1737 1477 1781 occupantur,
1497 1730 1576 1769 suis
1592 1732 1731 1782 partim

258 1792 403 1831 viribus
434 1793 572 1844 partim
599 1793 768 1832 artificiis
799 1792 1019 1839 ostentatiS,
1047 1793 1275 1844 semetipsos
1299 1793 1564 1831 honoratiores
1596 1795 1732 1834 effece-

260 1861 376 1899 runt;
420 1855 485 1906 qui
523 1861 653 1893 autem
688 1869 750 1893 res
778 1855 862 1906 ejus
894 1861 1026 1905 gestas
1060 1862 1199 1892 ornata
1231 1855 1400 1893 oratione
1440 1864 1669 1902 recenseret,
1702 1858 1732 1896 is

261 1916 449 1967 Evagorae
470 1916 648 1955 virtutem
669 1916 873 1954 immortali
894 1915 1066 1954 omnium
1087 1915 1286 1954 hominum
1317 1917 1511 1954 memoriae
1533 1931 1730 1956 commen-

261 1977 384 2016 daret.

314 2041 352 2077 2.
384 2039 559 2077 Laudare
579 2038 695 2090 igitur
715 2039 828 2078 etiam
849 2039 912 2077 alii
932 2039 1128 2078 debebant
1142 2052 1207 2077 eos
1223 2040 1287 2091 qui
1303 2039 1539 2091 temporibus
1559 2041 1731 2091 ipsorum

261 2107 418 2139 strenue
439 2114 480 2138 se
500 2102 728 2152 gessissent,
748 2107 792 2139 ut
820 2107 858 2138 et
877 2101 901 2137 ii
922 2101 985 2152 qui
1018 2101 1122 2138 facta
1148 2101 1309 2138 aliorum
1330 2113 1466 2139 ornare
1492 2110 1658 2153 possunt
1683 2103 1731 2141 de

262 2163 374 2200 rebus
393 2162 496 2200 notis
518 2164 635 2200 verba
661 2162 846 2200 facientes
874 2175 938 2200 eas
967 2162 1206 2200 auditoribus
1227 2176 1314 2200 vere
1344 2171 1559 2208 narrarent,
1586 2171 1623 2201 et
1643 2164 1734 2202 ado-

260 2224 466 2269 lescentes,
487 2237 605 2274 quum
638 2224 782 2261 scirent
812 2236 854 2261 se
883 2223 926 2261 iis
955 2223 1034 2260 fore
1058 2223 1290 2261 illustriores
1320 2224 1461 2274 quibus
1492 2231 1596 2263 recte
1621 2225 1733 2263 factis

260 2287 545 2339 praestitissent,
566 2288 710 2336 majore
741 2287 870 2324 studio
889 2286 1040 2324 virtutis
1069 2285 1330 2324 incitarentur.
1392 2287 1507 2326 Nunc
1529 2302 1620 2326 vero
1642 2289 1729 2340 quis

260 2349 431 2387 animum
450 2361 526 2386 non
549 2347 804 2399 despondeat,
831 2361 949 2398 quum
979 2361 1046 2386 eos
1075 2348 1140 2398 qui
1170 2348 1271 2386 circa
1293 2348 1462 2400 Trojana
1488 2358 1526 2388 et
1551 2358 1639 2389 ante
1664 2351 1732 2390 illa

260 2418 434 2462 tempora
453 2410 628 2448 vixerunt
648 2416 687 2447 et
714 2409 867 2460 hymnis
896 2417 935 2447 et
968 2409 1165 2459 tragoediis
1198 2409 1383 2447 celebrari
1405 2411 1546 2458 videat,
1574 2426 1614 2450 se
1641 2426 1732 2452 vero

260 2472 371 2518 sciat,
385 2470 537 2510 tametsi
554 2470 705 2509 illorum
722 2470 993 2508 excellentiam
1015 2477 1251 2521 superasset,
1266 2484 1463 2522 nunquam
1479 2473 1575 2511 tales
1595 2474 1731 2513 laudes

258 2531 588 2572 consecuturum?
647 2532 775 2583 Hujus
795 2539 925 2570 autem
953 2532 1006 2569 rei
1032 2532 1186 2583 culpam
1215 2533 1358 2571 invidia
1384 2534 1563 2581 sustinet,
1584 2548 1672 2585 quae
1692 2535 1732 2573 id

260 2594 452 2632 duntaxat
468 2593 589 2631 habet
607 2593 711 2639 boni,
733 2593 838 2644 quod
861 2592 1088 2644 sibimetipsi
1110 2593 1317 2644 plurimum
1338 2594 1445 2633 affert
1466 2596 1570 2633 mali.
1630 2596 1732 2633 Sunt

260 2655 361 2693 enim
382 2655 539 2703 quidam
560 2656 613 2693 ita
632 2655 846 2706 praefractis
867 2654 1045 2705 ingeniis,
1062 2662 1106 2692 ut
1125 2668 1192 2693 eos
1207 2655 1354 2694 laudari
1372 2657 1552 2695 libentius
1573 2658 1733 2698 audiant

259 2729 355 2766 quos
377 2722 504 2754 utrum
526 2716 605 2754 nati
624 2717 700 2755 sint
720 2717 913 2768 ignorant,
927 2730 1043 2768 quam
1058 2731 1126 2756 eos
1140 2731 1163 2756 a
1178 2718 1319 2768 quibus
1339 2719 1411 2771 ipsi
1430 2721 1624 2760 beneflciis
1642 2731 1733 2762 sunt

259 2776 402 2815 affecti.
460 2776 666 2816 Enimvero
686 2791 763 2816 non
793 2778 906 2817 decet
926 2778 1107 2817 cordatos
1128 2780 1227 2818 viros
1261 2779 1421 2818 istorum
1449 2783 1587 2820 servire
1608 2790 1728 2822 tantae

260 2837 451 2885 amentiae,
471 2837 539 2876 sed
556 2845 595 2877 et
614 2839 840 2891 negligendi
856 2846 948 2879 sunt
965 2841 1080 2892 tales,
1100 2848 1140 2879 et
1159 2843 1442 2881 assuefaciendi
1465 2845 1595 2883 caeteri
1614 2847 1663 2884 ad
1684 2861 1730 2886 ea

260 2913 348 2951 quae
369 2899 446 2939 dici
465 2899 580 2939 etiam
601 2907 661 2939 est
680 2914 835 2952 aequurn
857 2902 1066 2951 audienda,
1087 2905 1298 2955 praesertim
1329 2918 1449 2955 quum
1481 2912 1520 2945 et
1553 2915 1656 2947 artes
1689 2915 1727 2947 et
