1870 3277
821 161 1065 199 ULYSSES.
1585 172 1661 209 503

227 274 402 305 nontam
435 274 492 305 est
524 274 633 318 turpe
665 281 741 306 non
773 269 945 320 sepelire,
974 282 1090 320 quam
1124 271 1343 322 sepelienda
1376 287 1452 313 non
1484 277 1659 319 reddere.

228 330 356 370 Quare
375 335 415 366 tu
437 329 541 379 quod
560 335 642 366 erat
658 329 768 367 facile
788 330 989 375 sustulisti,
1006 343 1077 381 ego
1096 344 1182 381 quae
1203 334 1351 382 probris
1371 343 1478 374 erant
1497 339 1660 378 obnoxia

225 390 421 439 intercepi.

279 453 318 487 4.
347 450 519 488 Laboras
549 457 674 488 autem
702 451 842 489 invidia
864 451 975 488 simul
1001 458 1039 489 et
1063 452 1262 503 imperitia,
1283 468 1368 505 quae
1390 465 1480 496 sunt
1496 461 1658 500 maxime

226 511 415 549 contraria
434 511 557 549 mala:
580 524 744 561 cumque
762 511 827 549 illa
843 518 880 549 te
896 512 944 549 ad
965 525 1024 550 res
1043 514 1248 563 praeclaras
1270 516 1422 562 excitet,
1439 519 1519 557 haec
1533 521 1657 560 deter-

224 579 296 610 ret.
339 572 577 622 Quapropter
596 571 803 609 humanum
823 571 889 610 tibi
906 572 1088 622 quiddam
1109 574 1270 613 accidit:
1301 589 1386 615 cum
1408 584 1444 615 te
1465 580 1659 620 robustum

225 638 263 670 et
286 631 421 670 fortem
448 631 654 677 existimas,
676 632 743 670 sed
771 645 847 669 non
873 633 1032 671 eandem
1057 634 1197 673 habere
1218 637 1292 673 vim
1321 638 1357 674 in
1384 639 1484 677 bello
1511 644 1659 693 sapien-

224 692 316 729 tiam
337 699 452 741 atque
476 692 737 730 fortitudinem
767 706 843 731 non
875 694 1167 745 animadvertis;
1198 696 1384 748 imperitia
1403 713 1491 738 vero
1516 703 1657 742 malum

225 758 284 789 est
303 752 522 789 maximum.
577 752 647 797 Ac,
668 752 698 790 si
717 753 801 802 quis
821 767 988 805 unquam
1006 762 1118 806 poeta
1137 757 1289 807 sapiens
1309 760 1508 808 exstiterit,
1527 763 1557 800 is
1582 778 1656 810 me,

223 813 261 850 ni
282 812 402 856 fallor,
422 813 640 863 patientem,
657 813 896 864 prudentem,
918 815 1158 862 industrium,
1178 819 1325 855 urbium
1347 831 1656 873 expugnatorem,

224 886 269 911 ac
301 872 424 910 solum
452 874 604 925 Trojam
635 875 779 924 cepisse
807 876 956 922 dixerit,
979 884 1014 914 te
1040 890 1128 916 vero
1155 891 1240 916 cum
1268 882 1447 931 segnibus
1477 886 1589 924 asinis
1620 894 1658 925 et

221 935 358 988 opimis
376 936 518 982 vaccis,
536 949 634 988 quos
654 936 774 988 ligare
793 937 843 976 sit
861 951 1034 986 neeesse,
1053 943 1341 993 comparaverit.
