1870 3277
619 186 687 222 DE
720 186 1180 224 PERMUTATIONE.
1556 186 1627 221 201

168 296 210 324 ut
231 287 413 338 quicquid
434 287 626 326 delatores
647 287 795 326 crimini
817 281 995 325 dederint
1028 287 1261 338 approbetis,
1282 288 1347 337 qui
1369 300 1460 326 vero
1481 301 1521 326 se
1543 288 1641 325 tueri

165 356 367 394 conantur,
389 362 521 387 eorum
541 348 746 400 aliquando
769 361 817 387 ne
830 361 966 387 vocem
987 349 1143 399 quidem
1166 348 1352 393 toleretis;
1387 356 1438 395 et,
1454 361 1573 399 quum
1597 349 1632 386 in

164 410 208 447 iis
234 410 391 448 urbibus
423 409 676 448 habitandum
705 422 791 446 esse
819 422 895 447 non
928 410 1071 460 putetis
1103 409 1140 446 in
1168 408 1307 459 quibus
1340 409 1483 447 indicta
1516 422 1636 448 causa

163 472 302 509 civium
325 471 440 522 aliqui
461 472 708 522 perimantur,
734 471 834 508 istuc
855 470 981 521 ipsum
1003 471 1051 508 ab
1081 471 1127 508 iis
1155 470 1235 508 fieri
1256 470 1442 520 ignoretis
1470 471 1535 520 qui
1555 484 1633 510 non

164 533 328 570 eandem
350 534 425 571 reis
446 532 754 571 benevolentiam
775 539 975 583 praestant.
1025 532 1113 570 Jarn
1134 532 1231 570 illud
1251 532 1417 570 omnium
1439 532 1633 582 iniquissi-

162 608 265 633 mum
281 602 352 641 est,
365 595 396 633 si
410 596 496 646 quis
512 595 591 646 ipse
611 595 649 632 in
665 593 852 645 judicium
869 593 1063 633 adductus
1081 594 1208 640 fuerit,
1226 606 1313 631 eum
1334 593 1632 632 calumniatores

161 657 400 696 accusandos
426 669 512 694 esse
533 669 706 718 censere,
726 669 843 706 quum
866 668 954 693 vero
974 655 1083 693 alteri
1105 655 1170 706 jus
1191 655 1298 702 dicit,
1318 655 1357 692 in
1385 653 1523 692 eadem
1545 666 1632 692 sen-

160 720 279 756 tentia
307 731 382 756 non
412 730 651 769 permanere.
712 717 918 755 Enimvero
945 717 1128 768 sapientis
1151 723 1210 755 est
1233 717 1377 768 judicis
1397 715 1514 754 talem
1541 728 1634 766 erga

160 780 255 818 alios
274 793 315 818 se
335 780 520 831 praebere,
540 779 674 830 quales
695 780 731 817 in
758 791 800 817 se
822 779 916 816 alios
948 791 1038 816 esse
1057 778 1188 823 vellet,
1210 791 1329 829 quum
1351 776 1563 829 praesertim
1594 777 1632 814 in

160 848 267 879 tanta
287 841 612 892 sycophantarum
642 841 804 879 audacia
831 840 1082 879 metuendum
1105 840 1154 878 sit
1174 840 1367 886 omnibus,
1396 852 1444 877 ne
1470 839 1510 877 in
1529 839 1633 878 idem

159 902 367 953 periculum
389 902 515 941 vocati
541 902 693 949 eadem,
714 915 801 954 quae
823 914 897 953 ego
926 914 1029 941 nunc
1056 901 1160 953 apud
1190 914 1256 940 eos
1277 903 1343 952 qui
1370 900 1553 952 suffragia
1582 901 1632 939 de

159 977 219 1002 me
241 963 353 1001 laturi
373 971 478 1011 sunt,
497 964 627 1003 dicere
648 971 851 1015 cogantur.

217 1027 277 1064 11.
309 1026 392 1065 Nec
414 1026 518 1064 enirn
542 1027 630 1064 vitae
660 1026 921 1064 moderatione
942 1033 1058 1076 atque
1085 1025 1308 1064 innocentia
1336 1038 1407 1064 sua
1426 1026 1633 1077 quisquam

159 1089 212 1126 ita
232 1088 352 1126 fretus
374 1101 460 1126 esse
481 1088 608 1134 debet,
629 1095 673 1126 ut
694 1088 766 1126 sibi
788 1087 1024 1139 persuadeat
1044 1100 1085 1125 se
1105 1094 1309 1139 propterea
1329 1088 1410 1125 sine
1433 1087 1552 1126 ullius
1571 1087 1630 1124 in-

157 1150 347 1188 commodi
365 1157 466 1188 metu
483 1151 601 1188 vitam
614 1150 651 1187 in
669 1150 761 1187 urbe
777 1157 952 1188 acturum
968 1162 977 1186 ι
1009 1149 1147 1199 quibus
1169 1149 1268 1186 enim
1291 1154 1330 1186 et
1349 1161 1418 1186 sua
1431 1148 1631 1200 negligere

158 1220 196 1251 et
215 1213 348 1251 alienis
371 1212 541 1251 insidiari
558 1212 813 1250 deliberatum
833 1217 904 1257 est,
926 1224 1003 1250 non
1024 1211 1078 1248 illi
1101 1210 1257 1262 quidem
1273 1210 1421 1248 civibus
1442 1210 1631 1250 modestis

156 1282 337 1326 pareunt,
355 1274 596 1313 facinorosos
616 1281 743 1312 autem
767 1273 817 1311 ad
838 1286 907 1311 vos
928 1270 1144 1319 adducunt,
1169 1272 1236 1311 sed
1259 1272 1405 1324 experti
1425 1272 1525 1311 vires
1541 1286 1632 1311 suas

157 1337 194 1374 in
226 1336 512 1383 innocentibus,
542 1333 591 1374 ab
623 1335 668 1373 iis
701 1347 866 1385 quorum
898 1334 1045 1373 scelera
1074 1334 1204 1385 palam
1238 1341 1330 1372 sunt
1361 1333 1450 1385 plus
1481 1334 1630 1385 argenti

158 1405 401 1448 extorquent.

214 1461 274 1497 12.
306 1459 394 1503 Quo
415 1459 551 1497 eodem
567 1458 696 1496 animo
710 1457 969 1509 Lysimachus
990 1458 1080 1495 mihi
1097 1459 1211 1496 etiam
1233 1457 1448 1508 periculum
1469 1457 1628 1502 creavit,

156 1534 276 1572 quum
299 1521 538 1559 existimaret
554 1519 629 1558 hoc
642 1527 779 1558 contra
797 1534 858 1558 me
872 1519 1061 1572 judicium
1086 1521 1134 1558 ab
1151 1520 1235 1559 aliis
1257 1520 1328 1559 sibi
1343 1521 1511 1572 vectigal
1530 1521 1631 1572 pari·

157 1591 299 1629 turum,
316 1590 366 1629 et,
383 1583 413 1621 si
435 1596 496 1620 me
511 1582 670 1621 vicisset
689 1582 924 1633 eloquentia,
941 1596 1053 1634 quem
1075 1583 1237 1625 aliorum
1259 1583 1486 1634 magistrum
1503 1590 1629 1629 vocat,

159 1646 350 1683 neminem
382 1645 461 1683 fore
493 1657 720 1696 persuasum
752 1644 925 1691 haberet,
954 1646 1019 1695 qui
1044 1645 1118 1683 vim
1145 1644 1266 1696 ipsius
1298 1645 1481 1683 sustineri
1512 1658 1628 1697 posse

157 1707 380 1746 confideret.
439 1706 564 1757 quue
596 1719 637 1745 se
663 1706 778 1744 facile
806 1707 1076 1745 confecturum
1102 1714 1246 1758 sperat,
1275 1707 1340 1757 qui
1369 1714 1408 1745 et
1431 1720 1502 1746 vos
1527 1721 1628 1759 prae-

156 1782 317 1820 propere
337 1768 494 1806 nimium
513 1768 802 1806 criminationes
825 1775 939 1819 atque
960 1768 1174 1807 calumnias
1195 1769 1409 1820 approbare
1423 1769 1568 1815 videat,
1590 1777 1629 1808 et

158 1845 217 1870 me
239 1845 314 1869 non
337 1831 390 1869 ita
408 1838 452 1869 ut
470 1831 703 1869 existimatio
724 1843 809 1868 mea
828 1831 1000 1881 postulet
1025 1830 1187 1869 easdem
1207 1843 1327 1882 posse
1356 1831 1522 1869 refutare
1545 1837 1626 1869 tum

155 1895 204 1932 ob
235 1899 476 1931 senectutem
496 1899 575 1930 turn
604 1901 760 1943 propter
788 1892 1019 1943 imperitiam
1047 1892 1262 1930 istiusmodi
1295 1892 1505 1930 actionum.
1563 1893 1628 1931 Sic

153 1955 252 1993 enim
269 1955 346 1993 vixi
366 1955 572 1999 hactenus,
592 1961 635 1991 ut
654 1967 767 1991 nemo
789 1967 956 2005 unquam
976 1954 1034 1991 vel
1058 1954 1095 1991 in
1118 1953 1328 2005 oligarchia
1346 1953 1408 1991 vel
1434 1955 1470 1992 iu
1493 1955 1627 1993 demo-

155 2018 277 2055 cratia
296 2030 355 2054 me
376 2016 491 2054 ullius
510 2017 569 2054 vel
589 2015 834 2053 contumeliae
855 2015 914 2053 vel
938 2015 1088 2067 injuriae
1110 2016 1314 2060 accusarit,
1337 2028 1464 2066 neque
1485 2017 1628 2056 arbiter

154 2092 279 2129 neque
302 2078 423 2129 judex
449 2077 564 2115 fuerit
583 2077 645 2127 qui
669 2076 717 2114 de
745 2077 838 2115 meis
865 2077 1079 2114 actionibus
1108 2089 1277 2126 unquam
1300 2078 1506 2128 quicquam
1537 2091 1627 2129 pro·

154 2142 365 2180 nuntiarit:
398 2154 486 2179 narn
516 2141 576 2178 hae
604 2153 702 2178 meae
725 2146 826 2178 artes
853 2140 1006 2178 fuerunt
1028 2148 1071 2177 ut
1091 2154 1140 2178 ne
1161 2140 1252 2191 quid
1275 2140 1357 2191 ipse
1384 2153 1476 2192 erga
1504 2154 1628 2193 quen-

153 2215 269 2254 quam
294 2201 570 2253 delinquerem,
598 2200 689 2238 mihi
721 2213 810 2239 vero
842 2200 873 2238 si
902 2213 979 2251 qua
1012 2201 1117 2239 facta
1148 2208 1254 2239 esset
1287 2201 1441 2253 injuria,
1474 2209 1516 2240 ut
1549 2216 1627 2241 non

148 2265 300 2317 judicio
320 2276 380 2302 me
398 2263 447 2301 de
475 2262 636 2302 inimicis·
656 2262 907 2308 vindicarem,
930 2263 998 2301 sed
1027 2263 1310 2301 controversias
1332 2276 1463 2301 eorum
1493 2265 1626 2303 amicis

154 2328 391 2367 dirimendas
417 2327 690 2378 permitterem.
760 2325 934 2369 Quorum
965 2325 1058 2363 nihil
1091 2325 1181 2363 mihi
1215 2325 1368 2376 profuit,
1404 2326 1472 2364 sed
1505 2339 1626 2377 quum

153 2392 269 2430 vitam
303 2391 354 2429 ad
383 2391 486 2428 hanc
514 2402 638 2440 usque
663 2394 819 2427 aetatem
850 2387 1076 2426 sinetullius
1108 2388 1268 2439 querela
1296 2388 1560 2438 produxerim,
1589 2388 1626 2426 in

153 2453 291 2492 eodem
306 2453 477 2505 periculo
494 2463 620 2489 versor
638 2463 684 2488 ac
697 2451 728 2488 si
745 2461 880 2488 omnes
897 2449 1160 2488 offendissem.
1220 2450 1308 2487 Non
1325 2456 1453 2487 tamen
1468 2462 1625 2501 prorsus

154 2515 279 2567 abjeci
298 2515 467 2553 animum
495 2514 544 2551 ob
565 2512 722 2551 mulctae
746 2512 1067 2563 magnitudinem,
1090 2512 1173 2558 sed,
1194 2512 1223 2549 si
1245 2524 1331 2549 curn
1353 2510 1628 2550 benevolentia

154 2590 217 2616 me
242 2577 375 2616 audire
401 2575 612 2619 volueritis,
644 2587 825 2625 magnam
857 2587 966 2625 spern
1000 2573 1143 2619 habeo,
1178 2574 1210 2611 si
1240 2572 1304 2623 qui
1331 2572 1380 2610 de
1409 2585 1505 2611 meae
1535 2572 1626 2611 vitae

155 2639 301 2678 ratione
320 2639 419 2678 falso
445 2637 666 2676 existimant
687 2644 725 2674 et
744 2636 1007 2675 assentiuntur
1029 2636 1105 2673 illis
1132 2636 1197 2686 qui
1219 2648 1279 2673 me
1300 2634 1474 2673 convitiis
1494 2635 1626 2674 detur-

154 2704 246 2742 bare
264 2703 437 2749 student,
455 2701 534 2740 fore
557 2708 597 2738 ut
619 2701 901 2751 quamprimum
924 2702 972 2737 de
993 2712 1038 2737 ea
1059 2698 1238 2749 opinione
1260 2697 1528 2742 deducantur;
1559 2699 1626 2750 qui

157 2779 247 2804 vero
274 2779 335 2804 me
356 2766 478 2817 qualis
498 2779 596 2810 sum,
625 2764 740 2802 talem
761 2763 875 2802 etiarn
905 2775 988 2801 esse
1018 2769 1168 2813 putant,
1189 2762 1227 2798 in
1248 2774 1293 2799 ea
1319 2762 1514 2800 sententia
1534 2774 1627 2800 con-

155 2828 367 2866 firmentur.
425 2827 484 2866 Ne
512 2840 602 2865 vero
623 2827 728 2864 vobis
750 2825 939 2863 molestiae
959 2823 1029 2861 sim
1053 2824 1141 2861 dum
1165 2823 1285 2861 multa
1305 2831 1394 2862 ante
1414 2837 1494 2862 rem
1525 2824 1624 2870 dico,

158 2889 216 2927 bis
243 2889 410 2934 omissis,
430 2902 475 2926 ea
494 2902 561 2927 vos
584 2889 663 2940 jam
695 2888 835 2925 docere
867 2886 1038 2924 conabor
1059 2886 1108 2924 de
1129 2885 1269 2937 quibus
1294 2885 1478 2936 suffragia
1497 2886 1624 2924 inituri

158 2951 264 2990 estis.
323 2950 491 2988 Proinde
512 2950 797 2988 accusationem
820 2947 911 2986 mihi
934 2947 1034 2997 lege.

852 3011 874 3045 2
897 3021 923 3046 1)
