1870 3277
492 186 563 223 DE
593 186 880 224 CLEONYMI
912 184 1271 222 HEREDITATE.
1527 187 1599 223 307

158 299 244 325 esse
260 287 447 324 futurum:
472 300 586 338 grave
607 296 734 326 autem
750 293 790 324 et
807 286 985 324 acerbum
1001 285 1072 323 sibi
1086 285 1252 323 ducebat
1270 287 1314 332 si,
1334 300 1444 336 quem
1468 300 1601 338 super-

159 354 236 385 stes
255 347 446 385 hominum
463 349 630 386 omnium
649 347 846 386 habuisset
865 346 1177 389 inimicissimum,
1196 359 1281 384 eum
1305 349 1466 386 moriens
1486 356 1522 386 et
1536 361 1602 386 ne-

157 409 402 446 cessariorum
423 409 652 460 relinqueret
672 415 835 446 tutorem
855 414 892 445 et
911 407 1097 444 bonorum
1119 419 1276 443 suorum
1297 408 1491 454 arbitrum,
1512 422 1598 446 eum

158 468 321 519 denique
343 471 421 521 qui,
441 471 564 509 donec
584 483 651 508 nos
667 469 775 508 amici
793 468 826 506 ei
852 473 890 505 et
915 468 963 505 ab
992 468 1072 518 ipso
1104 480 1231 504 rursus
1257 469 1413 506 caritate
1440 477 1600 520 paterna

157 530 225 568 foti
240 531 555 580 adolevissemus,
570 543 726 569 necesse
742 529 898 567 haberet
913 542 988 566 non
1001 528 1106 579 justa
1121 528 1236 566 modo
1251 529 1512 579 exsequiarum
1531 531 1600 568 sibi

156 590 297 636 facere,
315 592 381 630 sed
403 593 515 631 etiarn
535 592 708 629 manibus
729 591 806 628 suis
827 603 974 628 annuas
996 590 1148 627 inferias
1164 589 1322 633 inferre;
1350 590 1453 639 quod
1471 591 1501 627 si
1522 591 1600 637 fiat,

158 651 235 690 fieri
254 665 330 690 non
350 666 465 703 posse
479 651 681 702 quominus
701 663 835 688 manes
855 651 912 688 sui
929 657 972 688 ut
986 651 1034 688 ab
1050 650 1212 688 hominis
1232 649 1467 687 infestissimi
1485 657 1522 688 et
1538 664 1608 701 pe·-

159 713 260 751 nitus
281 714 386 752 exosi
406 713 592 764 adspectu
613 713 818 763 officioque
840 714 1149 763 perturbarentur
1169 720 1284 763 atque
1303 712 1601 763 exagitarentur.

159 773 244 812 Hac
261 781 386 812 mente
401 774 581 825 quicquid
597 781 656 812 est
669 774 917 825 CleonymuS,
935 774 1011 811 sive
1024 774 1111 824 jure
1130 773 1209 811 sive
1225 773 1376 824 injuria,
1392 774 1481 824 quid
1500 775 1601 812 enim

158 836 271 873 refert
290 836 482 888 quaerere?
513 842 782 874 testamentum
805 835 900 873 illud
920 836 1085 887 scripsit.
1128 836 1216 879 Quo
1236 835 1338 873 facto
1358 849 1446 873 cum
1467 836 1602 874 Dinias

157 909 243 934 eum
270 898 442 948 protinus
464 898 501 935 in
522 898 741 936 continente
767 897 1020 948 interrogaret
1046 898 1083 935 in
1112 897 1194 935 foro
1214 910 1304 934 num
1326 897 1411 934 ideo
1435 898 1602 944 fecisset,

158 960 263 1007 quod
292 966 359 998 aut
383 960 432 998 de
457 961 566 998 nobis
593 967 658 998 aut
684 960 732 997 de
758 966 863 1011 patre
894 965 1025 997 nostro
1051 959 1211 997 haberet
1237 960 1341 1009 quod
1369 967 1602 1009 quereretur,

154 1021 350 1072 respondit
369 1021 604 1072 Cleonymus
623 1022 662 1059 in
681 1021 836 1072 publico
857 1034 983 1059 coram
1004 1021 1149 1059 civibus
1169 1021 1342 1058 omnibus
1363 1022 1399 1058 in
1418 1022 1498 1059 foro
1517 1029 1599 1059 tum

158 1083 359 1133 agentibus
378 1097 419 1121 se
438 1083 489 1120 nil
509 1083 556 1121 de
587 1082 696 1121 nobis
725 1083 833 1134 queri
863 1082 1044 1134 nullaque
1070 1089 1202 1121 nostra
1226 1082 1340 1133 culpa
1369 1090 1436 1120 aut
1464 1083 1597 1121 fraude

157 1144 258 1182 mala
282 1144 464 1182 offensum
490 1157 588 1189 esse,
609 1145 678 1182 sed
702 1158 747 1182 ex
775 1145 856 1182 sola
880 1157 949 1182 sua
969 1158 1055 1182 cum
1083 1144 1199 1182 Dinia
1217 1144 1421 1190 simultate,
1442 1145 1543 1195 quod
1563 1145 1598 1182 ei

159 1213 415 1252 succenseret,
436 1211 703 1244 testamentum
723 1206 798 1244 hoc
818 1219 840 1244 a
860 1219 899 1244 se
920 1206 1103 1256 scriptum
1131 1219 1215 1244 esse
1243 1211 1406 1243 testatus
1439 1213 1498 1244 est
1527 1219 1602 1257 quo

158 1267 284 1305 fidunt
302 1267 337 1304 hi
358 1267 560 1305 adversarii
576 1268 708 1312 nostri,
724 1267 760 1304 in
783 1281 904 1318 eoque
925 1267 1127 1305 scribendo
1148 1267 1305 1306 consilia
1322 1281 1448 1318 pravae
1463 1268 1600 1306 mentis

157 1335 195 1365 et
214 1329 262 1366 ab
280 1329 477 1366 iracundia
495 1337 699 1366 occoecatae
718 1342 758 1366 se
778 1337 950 1367 secutum
971 1342 1068 1366 esse.
1111 1330 1160 1366 Et
1178 1329 1353 1379 profecto
1367 1329 1430 1379 qui
1445 1329 1599 1367 tandem

155 1389 356 1440 potuisset,
376 1396 477 1428 recte
505 1390 534 1427 si
563 1390 762 1440 sapuisset,
782 1390 924 1427 malum
956 1390 1066 1427 nobis
1094 1390 1186 1428 dare
1213 1390 1379 1427 voluisse
1411 1392 1476 1440 qui
1509 1391 1601 1429 nihil

155 1463 240 1488 eum
256 1450 558 1489 offenderamus?
588 1464 712 1501 neque
732 1451 899 1489 substitit
918 1450 955 1487 in
977 1450 1049 1488 hac
1069 1451 1125 1487 sui
1146 1464 1235 1500 erga
1256 1463 1327 1487 nos
1355 1450 1469 1488 animi
1497 1452 1604 1489 testi-

156 1512 334 1550 ficatione
355 1513 605 1563 Cleonymus,
626 1513 694 1550 sed
715 1512 789 1549 alia
807 1512 913 1549 velut
932 1511 967 1548 in
990 1511 1187 1549 cumulum
1214 1511 1361 1550 addidit
1394 1512 1603 1550 evidentis-

155 1572 251 1611 sima
269 1574 512 1619 documenta,
534 1573 633 1611 unde
653 1580 817 1618 constet,
839 1572 1020 1623 quicquid
1049 1573 1122 1610 hoc
1152 1573 1191 1610 in
1224 1573 1509 1611 testamentario
1537 1588 1604 1611 ne-

158 1635 262 1685 gotio
281 1636 359 1687 egit
380 1636 630 1686 Cleonymus,
651 1636 688 1673 id
710 1648 819 1673 omne
846 1648 930 1672 eum
963 1647 1039 1671 non
1071 1647 1116 1671 eo
1145 1634 1268 1685 egisse
1299 1634 1425 1672 animo
1456 1642 1499 1673 ut
1531 1649 1602 1673 nos

158 1696 317 1735 laederet
334 1705 400 1735 aut
418 1711 496 1735 rem
518 1707 685 1734 nostram
706 1697 912 1734 minueret:
942 1696 1058 1733 Dinia
1078 1696 1178 1733 enim
1199 1696 1275 1733 vita
1294 1696 1494 1741 defuncto,
1513 1710 1601 1734 cum

157 1771 216 1796 res
244 1768 386 1797 nostrae
416 1760 579 1810 pessime
608 1773 648 1797 se
678 1758 876 1804 haberent,
896 1771 972 1796 non
992 1771 1130 1808 passus
1151 1764 1211 1795 est
1230 1757 1467 1808 Cleonymus
1487 1758 1601 1795 ullius

156 1820 208 1857 rei
228 1833 298 1858 nos
327 1834 452 1871 egere,
472 1820 540 1858 sed
570 1822 749 1871 ipsosque
781 1832 851 1856 nos
881 1819 920 1856 in
949 1819 1104 1857 domum
1135 1832 1243 1857 suam
1268 1819 1478 1856 translatos
1507 1819 1603 1857 edu-

155 1882 269 1926 cavit,
281 1883 621 1933 patrimoniumque
636 1882 743 1919 nobis
757 1880 998 1919 conservavit
1010 1881 1072 1919 cui
1087 1879 1293 1919 creditores
1308 1880 1602 1926 insidiabantur,

156 1949 195 1981 et
213 1944 367 1994 negotia
386 1951 517 1981 nostra
536 1943 694 1994 perinde
710 1948 825 1992 atque
843 1955 912 1979 sua
927 1941 1079 1993 propria
1093 1942 1251 1980 curavit.
1294 1942 1412 1992 Atqui
1429 1942 1598 1979 animum

156 2004 237 2055 ejus
257 2017 349 2056 erga
372 2018 441 2043 nos
462 2006 526 2055 qui
548 2005 660 2042 fuerit
680 2004 799 2054 magis
821 2016 868 2041 ex
888 2003 947 2040 his
972 2003 1055 2054 ejzus
1084 2003 1253 2041 moribus
1284 2016 1401 2053 quam
1422 2017 1442 2040 e
1462 2004 1602 2042 tabulis

156 2067 374 2104 testamenti
395 2073 568 2118 spectare
588 2072 750 2117 oportet,
770 2072 808 2103 et
828 2063 1086 2115 argumentari
1104 2077 1179 2101 non
1196 2077 1243 2101 ex
1262 2064 1308 2101 iis
1326 2076 1412 2114 quae
1432 2063 1602 2114 percitus

155 2128 352 2166 iracundia
370 2128 649 2179 egit—ecquis
668 2127 765 2165 enim
787 2139 886 2164 unus
908 2133 969 2164 est
987 2133 1160 2164 nostrum
1179 2126 1361 2170 omnium,
1378 2126 1442 2176 qui
1458 2138 1533 2163 non
1549 2125 1603 2164 ira

155 2196 370 2228 occoecatus
388 2196 427 2228 et
446 2190 665 2228 stimulatus
684 2188 795 2226 ruat?
815 2211 879 2234 —,
900 2187 965 2226 sed
987 2188 1060 2225 illis
1081 2201 1150 2239 per
1170 2200 1259 2238 quae
1278 2187 1522 2238 postmodum
1543 2188 1600 2225 sui

154 2265 286 2290 rursus
307 2265 464 2303 compos
484 2253 607 2290 factus
627 2263 752 2289 veram
772 2250 884 2288 animi
906 2249 963 2287 sui
981 2250 1210 2288 sententiam
1228 2249 1424 2300 patefecit.
1455 2249 1599 2287 Verum

155 2312 282 2351 adhuc
301 2314 422 2363 magis
442 2313 544 2350 hunc
565 2312 731 2350 animum
750 2310 964 2357 suum‚vita
982 2311 1029 2348 ad
1045 2311 1159 2349 finem
1173 2317 1367 2362 vergente,
1383 2310 1419 2347 in
1439 2310 1600 2348 articulo

155 2374 285 2412 mortis
302 2374 531 2412 constitutus
553 2372 777 2412 declaravit.
831 2373 920 2410 Jarn
949 2372 1049 2410 euim
1076 2385 1123 2410 ex
1149 2372 1214 2410 illa
1242 2372 1475 2411 decumbens
1498 2371 1600 2409 vale-

153 2434 286 2473 tudine
303 2448 389 2485 quae
409 2448 496 2473 eum
515 2434 685 2478 sustulit,
702 2435 831 2471 volens
852 2433 948 2471 illud
968 2433 1015 2471 de
1034 2447 1111 2484 quo
1138 2433 1253 2471 toties
1281 2433 1368 2470 dico
1388 2438 1597 2469 testamen-

153 2503 233 2534 tum
252 2496 398 2542 tollere,
419 2495 628 2547 Posidippo
655 2495 862 2533 mandabat
886 2501 929 2532 ut
955 2496 1218 2545 magistratum
1242 2493 1288 2530 ad
1313 2506 1352 2531 se
1373 2501 1598 2532 arcesseret.

154 2557 223 2595 Ille
243 2570 331 2595 vero
350 2558 609 2607 magistratum
631 2557 669 2594 in
695 2556 850 2594 domum
879 2555 1082 2606 Cleonymi
1101 2567 1177 2591 non
1198 2553 1313 2591 modo
1333 2566 1409 2590 non
1430 2553 1596 2599 induxit,

155 2619 222 2657 sed
242 2619 340 2657 ultro
360 2632 510 2670 quoque
529 2618 741 2665 venientem
762 2616 937 2655 exclusit.
995 2617 1122 2658 Quam
1150 2615 1198 2652 ob
1229 2612 1401 2651 fraudem
1423 2612 1594 2664 Cleony-

153 2692 238 2717 mus
259 2680 465 2731 Posidippo
485 2680 601 2717 iratus
621 2678 784 2730 injunxit
804 2677 930 2715 Diocli
954 2683 993 2713 ut
1014 2675 1186 2726 proximo
1203 2674 1263 2712 die
1283 2680 1369 2724 post
1389 2673 1596 2712 archontas

155 2740 380 2778 advocaret:
400 2754 528 2779 verum
549 2740 761 2778 intercessit
774 2740 921 2776 subitus
933 2750 1046 2776 casus
1062 2736 1170 2773 nobis
1187 2735 1387 2778 adversus;
1409 2735 1480 2773 ista
1495 2736 1594 2773 enim

155 2815 241 2839 cum
262 2802 505 2852 praecepisset
524 2802 770 2852 Cleonymus,
793 2814 867 2838 non
894 2806 935 2836 ut
965 2798 1203 2837 conclamate
1223 2798 1384 2843 cubans,
1405 2798 1474 2835 sed
1495 2805 1536 2835 ut
1556 2798 1593 2835 in

156 2862 340 2901 nonnulla
368 2875 435 2912 spe
466 2876 592 2901 rursus
623 2864 748 2901 adhuc
777 2860 1088 2905 convalescendi,
1117 2858 1245 2898 subito
1280 2858 1452 2911 proxima
1481 2866 1594 2898 nocte

157 2924 369 2962 exstinctus
390 2931 460 2961 est.
