1870 3277
727 191 1011 228 NICOCLES.
1538 191 1586 225 ‘23

144 295 247 332 modi
279 295 556 346 appellationes
588 294 747 344 singulis
782 294 894 331 rebus
926 294 1055 330 inditae
1091 299 1193 337 sunt,
1227 293 1341 330 talem
1371 293 1481 330 etiam
1514 293 1586 328 vim

142 355 290 393 illarum
311 368 393 392 esse
415 355 556 392 ducite.
614 354 673 391 Ne
694 354 859 391 invidete
880 354 924 391 iis
945 355 1009 403 qui
1030 354 1129 404 apud
1151 367 1210 389 me
1230 354 1438 402 principem
1462 353 1586 390 locum

142 423 287 459 tenent,
310 416 375 453 sed
397 415 631 459 contendite,
662 422 700 451 et
724 415 904 452 enitimini
935 421 977 451 ut
1008 415 1056 451 ob
1086 414 1313 464 probitatem
1341 422 1379 450 et
1410 415 1587 451 virtutem

143 483 307 513 vestram
328 489 416 513 cum
437 476 591 513 summis
612 475 828 524 aequetnini.
886 475 1082 512 Arnandos
1103 481 1141 511 et
1156 474 1398 512 honorandos
1418 487 1485 511 eos
1505 488 1587 512 esse

144 545 274 587 putate
296 551 391 587 quos
418 550 483 574 rex
508 536 744 586 magnifacit,
764 542 807 572 ut
826 536 962 572 eadem
983 536 1067 572 liaec
1090 536 1195 572 vobis
1215 535 1327 572 etiarn
1350 547 1371 570 a
1391 548 1449 571 me
1469 535 1586 571 tribu-

143 607 266 636 antur.
325 599 464 642 Qualia
483 611 542 635 me
563 604 750 648 praesente
772 597 911 642 dicitis,
932 597 1024 634 talia
1049 597 1163 634 etiam
1194 610 1309 647 quum
1338 598 1471 633 absum
1500 610 1587 634 sen-

142 659 223 697 tite.
282 660 455 697 Vestram
482 671 574 708 erga
594 671 662 695 nos
683 658 990 695 benevolentiam
1018 658 1131 694 factis
1166 658 1286 707 magis
1319 670 1434 706 quam
1465 658 1588 695 verbis

143 720 348 758 declarate.
404 720 502 763 Quae
521 720 630 757 vobis
650 720 697 756 ab
718 720 801 756 aliis
822 719 900 756 fieri
921 732 1023 769 aegre
1051 720 1170 762 fertis,
1191 719 1324 756 eadem
1347 719 1429 756 aliis
1451 719 1522 769 ipsi
1543 732 1589 755 ne

142 782 318 820 feceritis.
376 783 473 825 Quae
492 782 616 819 verbis
647 782 850 826 accusatis,
881 794 926 818 ea
960 794 998 817 re
1025 782 1109 830 ipsa
1127 781 1259 817 vitate.
1317 780 1375 817 Ita
1395 782 1590 818 vobiscum

142 849 266 879 actum
292 841 335 878 iri
357 841 498 879 credite
519 848 559 878 ut
578 854 669 890 erga
688 854 757 878 nos
778 840 904 879 affecti
923 841 1085 878 fueritis.
1143 841 1231 877 Non
1261 847 1404 878 tantum
1435 841 1590 877 laudate

143 902 282 945 bonos,
304 901 373 938 sed
404 901 516 938 etiam
549 901 759 938 imitamini.
815 901 946 939 Verba
965 914 1050 938 mea
1068 914 1137 951 pro
1158 901 1306 950 legibus
1327 900 1476 945 habete,
1498 914 1589 951 ope-

144 975 301 1012 ramque
334 963 423 999 date
453 968 494 998 ut
524 962 577 998 eis
607 963 900 1012 obtemperetis;
931 976 976 999 ac
996 962 1147 1006 scitote,
1168 962 1247 999 fore
1270 968 1311 999 ut
1331 961 1402 1007 his,
1425 962 1490 1011 qui
1510 975 1590 1000 ma-

142 1023 241 1060 xime
262 1023 449 1060 voluntati
469 1036 562 1059 meae
580 1022 801 1060 satisfacere
822 1023 1052 1069 studuerint,
1073 1023 1254 1061 citissime
1274 1023 1399 1060 vivere
1419 1023 1531 1060 liceat
1551 1031 1593 1060 ut

142 1086 215 1136 ipsi
233 1085 379 1123 volunt.

215 1148 276 1183 14.
306 1147 434 1196 Caput
448 1158 536 1183 vero
557 1153 616 1183 est
635 1147 803 1183 omnium
825 1159 911 1196 quae
931 1146 1113 1190 diximus,
1133 1145 1267 1195 quales
1289 1145 1512 1183 existimatis
1529 1159 1592 1183 eos

145 1207 210 1257 qui
229 1208 335 1245 vobis
352 1214 487 1257 parent
505 1220 595 1257 erga
615 1220 680 1244 vos
701 1220 785 1244 esse
805 1214 992 1256 oportere,
1013 1207 1109 1244 tales
1129 1219 1196 1243 vos
1219 1219 1309 1256 erga
1330 1219 1455 1242 meum
1475 1207 1595 1257 impe-

144 1269 239 1305 rium
260 1281 346 1305 esse
365 1267 526 1304 debetis.
584 1267 682 1310 Quae
702 1267 733 1304 si
758 1267 938 1312 feceritis,
958 1280 1140 1316 quorsum
1171 1267 1308 1304 attinet
1327 1267 1445 1303 multa
1466 1267 1594 1304 dicere

144 1329 235 1379 quid
266 1328 314 1365 sit
341 1327 588 1365 eventurum?
635 1341 722 1364 nam
753 1328 782 1365 si
819 1334 858 1365 et
886 1340 958 1377 ego
988 1340 1046 1364 me
1076 1327 1256 1377 deinceps
1285 1327 1337 1363 ita
1370 1340 1527 1377 gessero
1553 1335 1596 1365 ut

143 1388 325 1440 superiori
355 1395 538 1439 tempore,
565 1395 604 1425 et
630 1387 721 1425 mihi
741 1400 809 1425 vos
835 1388 968 1425 eodem
998 1387 1113 1424 modo
1134 1387 1390 1430 inservieritis,
1411 1388 1598 1437 quampri-

143 1464 246 1488 mum
268 1457 307 1488 et
326 1456 470 1488 vestras
501 1462 592 1500 opes
616 1448 779 1487 crevisse
804 1449 978 1486 videbitis
1007 1455 1045 1485 et
1069 1461 1192 1485 meum
1218 1448 1414 1498 imperium
1435 1457 1591 1486 auctum

144 1519 184 1551 et
200 1513 393 1550 civitatem
412 1511 560 1548 felicem
582 1524 667 1548 esse
686 1511 839 1548 factam.
884 1510 1022 1561 Operae
1043 1510 1208 1560 pretium
1226 1509 1342 1560 igitur
1356 1517 1459 1548 esset
1479 1512 1595 1548 tantis

146 1574 255 1611 bonis
275 1573 478 1624 propositis
499 1572 626 1610 omnia
652 1572 792 1615 facere,
820 1585 891 1609 nec
921 1572 1071 1608 labores
1096 1571 1194 1608 ullos
1215 1577 1282 1608 aut
1299 1570 1469 1621 pericula
1487 1585 1597 1609 recu-

146 1647 249 1673 sare:
279 1647 380 1672 nunc
399 1634 506 1671 vobis
525 1640 698 1684 potestas
719 1632 832 1669 datur
858 1631 936 1669 sine
965 1632 1044 1669 ullo
1071 1631 1241 1682 negotio,
1271 1631 1300 1668 si
1327 1630 1393 1668 fidi
1418 1631 1532 1669 modo
1560 1639 1601 1670 et

142 1697 233 1748 justi
255 1696 411 1742 fueritis,
433 1696 516 1733 haec
536 1696 663 1733 omnia
681 1693 958 1745 consequendi.
