1870 3277
700 572 1174 627 ISOCRATIS

565 726 1315 775 TRAPEZITICUS.

271 945 303 981 l.
334 943 505 981 MAGNA
527 956 614 981 mea
633 956 694 981 res
715 944 856 994 agitur,
873 945 1041 995 judices.
1100 944 1182 982 Nec
1204 944 1306 981 enim
1327 950 1475 982 tantum
1497 945 1544 982 de
1566 945 1680 995 pluri-

209 1006 282 1044 mis
303 1005 477 1056 pecuniis
498 1005 535 1042 in
555 1005 762 1043 discrimen
788 1006 914 1053 venio,
934 1006 1002 1044 sed
1023 1006 1255 1044 existimatio
1275 1018 1429 1057 quoquc
1450 1019 1549 1052 mea,
1565 1019 1680 1056 quam

209 1079 286 1117 ego
305 1066 460 1104 maximi
480 1066 594 1111 facio,
610 1067 851 1117 periclitatur
873 1081 920 1105 ne
940 1067 1066 1105 aliena
1087 1067 1226 1119 injuste
1246 1067 1520 1118 concupiscere
1536 1067 1681 1105 videar.

210 1127 312 1166 Satis
333 1127 436 1165 enim
454 1140 571 1179 opum
590 1128 703 1166 etiam
722 1128 782 1166 his
803 1129 984 1167 fraudato
1006 1129 1096 1166 mihi
1117 1128 1369 1179 relinquetur.
1429 1129 1508 1168 Sed
1535 1129 1566 1167 si
1593 1129 1681 1167 abs-

210 1203 286 1240 que
306 1189 417 1240 justa
442 1203 561 1228 causa
588 1197 736 1229 tantam
765 1190 972 1241 pecuniam
994 1198 1124 1242 petere
1145 1190 1317 1237 videbor,
1338 1203 1385 1228 ea
1405 1204 1464 1229 res
1484 1198 1682 1242 perpetuae

209 1251 301 1289 mihi
321 1252 489 1290 infamiae
510 1252 639 1290 fuerit.

264 1319 301 1351 2.
333 1313 407 1351 Est
436 1320 580 1366 autem,
600 1313 770 1365 judices,
791 1313 1203 1361 incommodissimum‚
1224 1313 1261 1351 in
1290 1314 1387 1352 tales
1413 1314 1584 1353 incidere
1612 1315 1680 1352 ad-

209 1375 414 1414 versarios.
473 1376 575 1413 Nam
603 1375 786 1427 quicquid
808 1389 895 1413 cum
926 1376 1128 1414 mensariis
1160 1376 1286 1427 agitur
1315 1377 1356 1413 fit
1381 1376 1462 1414 sine
1492 1376 1678 1415 testibus:

209 1436 313 1487 quod
334 1438 365 1475 si
385 1436 471 1487 quis
491 1440 540 1474 ab
562 1437 616 1475 eis
637 1438 924 1476 circumventus
945 1437 1074 1483 fuerit,
1097 1437 1285 1476 adversus
1307 1450 1374 1475 eos
1394 1439 1555 1489 experiri
1576 1439 1682 1489 cogi-

211 1506 287 1546 tur,
306 1499 371 1549 qui
393 1505 432 1536 et
452 1499 659 1537 amicorum
691 1499 884 1550 praesidiae
913 1499 1058 1536 habent
1077 1505 1116 1537 et
1137 1498 1277 1536 multas
1301 1499 1487 1549 pecunias
1516 1506 1684 1537 tractant

211 1564 250 1597 'et
268 1566 423 1612 propter
443 1566 566 1598 artem
593 1560 685 1598 boni
704 1560 774 1598 viri
795 1573 840 1598 ac
860 1560 936 1598 fide
963 1560 1070 1611 digni
1102 1560 1385 1598 existimantur.
1444 1560 1544 1604 Quae
1563 1574 1682 1611 quum

210 1623 263 1661 ita
290 1623 378 1668 sint,
401 1629 532 1660 tar-nen
563 1622 766 1674 perspicue
793 1621 1079 1660 declaraturum
1101 1621 1272 1668 confido,
1293 1634 1316 1659 a
1335 1622 1503 1661 Pasione
1530 1635 1592 1660 me
1615 1636 1682 1675 pe-

210 1684 327 1723 cunia
346 1684 530 1722 fraudari.

278 1749 314 1785 3.
346 1747 476 1791 Quare
510 1747 558 1784 ab
592 1746 699 1784 initio
731 1748 793 1796 [ut
826 1746 980 1797 potero]
1012 1747 1119 1785 vobis
1152 1759 1231 1784 rem
1264 1760 1417 1785 omnem
1454 1747 1681 1784 recensebo.

212 1808 510 1857 Mihi,judices‚
532 1815 642 1859 pater
663 1809 829 1859 Sopaeus
854 1816 927 1854 est,
949 1822 1061 1859 quem
1085 1821 1219 1846 omnes
1240 1809 1306 1859 qui
1326 1809 1362 1846 in
1386 1808 1555 1846 Pontum
1577 1808 1683 1846 navi-

212 1876 308 1921 gant
327 1871 380 1909 ita
405 1870 633 1908 familiarem
660 1870 799 1921 Satyro
828 1883 910 1908 esse
942 1876 1096 1914 norunt,
1120 1877 1162 1906 ut.
1189 1877 1229 1907 et
1254 1869 1421 1921 amplam
1449 1869 1684 1920 provinciam

212 1933 415 1983 gubernet,
434 1940 473 1971 et
491 1932 670 1970 omnibus
691 1932 810 1983 copiis
830 1931 995 1969 militum
1011 1932 1155 1982 praesit.
1215 1932 1301 1982 Ego
1317 1945 1420 1977 vero,
1438 1944 1558 1983 quum
1579 1938 1618 1969 et
1637 1931 1685 1969 de

211 1993 285 2032 hac
304 1995 400 2032 urbe
420 2001 460 2032 et
479 1994 526 2032 de
547 2000 689 2032 caetera
710 1993 866 2031 Graecia
887 1993 1136 2038 audivissem,
1152 2006 1312 2044 peregre
1330 1993 1435 2031 abire
1454 1992 1684 2031 desideravi.

213 2055 332 2092 Pater
374 2055 489 2106 igitur
528 2055 680 2093 duabus
718 2055 881 2093 navibus
920 2055 1114 2092 frumento
1151 2053 1277 2104 plenis
1315 2055 1556 2105 pecuniaque
1593 2054 1687 2092 data

214 2129 276 2154 me
313 2116 509 2166 ablegavit
544 2116 658 2154 simul
695 2125 734 2153 et
765 2115 964 2154 mercandi
1002 2122 1040 2153 et
1073 2116 1277 2166 spectandi
1313 2116 1459 2166 gratia:
1505 2122 1557 2163 et,
1596 2115 1686 2166 quia

216 2177 465 2230 Pythodorus
505 2179 665 2216 Phoenix
706 2179 915 2217 Pasionem
955 2178 1046 2216 mihi
1085 2179 1391 2226 commendarat,
1432 2179 1514 2230 ejus
1553 2191 1687 2216 mensa

215 2254 305 2280 usus
325 2254 423 2279 sum.

269 2306 310 2341 4.
341 2303 551 2354 Aliquanto
570 2310 669 2354 post,
687 2316 802 2354 quum
823 2310 932 2355 pater
948 2316 1056 2341 meus
1072 2302 1179 2354 regni
1199 2302 1369 2341 affectati
1384 2302 1490 2354 apud
1506 2302 1686 2354 Satyrum

216 2374 420 2404 accusatus
441 2371 556 2411 esset,
578 2378 727 2417 egoque
747 2378 834 2403 curn
856 2365 1056 2403 exsulibus
1077 2365 1325 2417 conspirasse
1342 2365 1503 2410 dicerer,
1525 2365 1688 2416 Satyrus

216 2434 255 2466 et
274 2435 420 2479 patrem
440 2439 569 2465 meum
590 2427 628 2464 in
648 2426 804 2465 vincula
821 2426 988 2477 conjicit,
1005 2433 1044 2464 et
1061 2427 1109 2464 ad
1131 2426 1316 2465 Ponticos
1336 2426 1596 2478 negotiatores
1611 2425 1687 2463 huc

218 2490 352 2528 scribit
369 2496 413 2527 ut
433 2496 472 2527 et
491 2488 679 2540 pecunias
700 2501 722 2526 a
743 2501 802 2526 me
823 2488 1017 2526 auferrent
1038 2494 1078 2526 et
1096 2489 1223 2539 ipsum
1247 2488 1372 2526 redire
1402 2488 1558 2527 domum
1573 2488 1687 2540 jube-

217 2557 327 2589 rent:
358 2551 462 2602 quod
484 2550 521 2587 ni
541 2551 740 2595 fecissem,
763 2563 786 2588 a
804 2549 912 2588 vobis
933 2557 1201 2600 exposcerent.

273 2615 311 2650 5.
342 2613 480 2650 Tantis
500 2612 616 2663 igitur
636 2610 941 2663 malis‚judices,
957 2610 1242 2648 circumventus
1264 2610 1366 2662 apud
1384 2609 1591 2648 Pasionem
1612 2610 1687 2648 for-

219 2682 331 2713 tunas
351 2687 457 2711 meas
478 2673 661 2725 deploro:
692 2686 781 2711 nam
801 2672 857 2711 ita
875 2685 963 2710 eum
979 2671 1267 2722 complectebar
1285 2671 1536 2717 familiariter,
1549 2678 1592 2709 ut
1611 2685 1688 2709 non

218 2737 404 2790 pecunias
427 2743 578 2775 tantum
602 2736 673 2775 sed
699 2736 775 2775 alia
804 2749 958 2787 quoque
982 2735 1064 2786 ejus
1090 2735 1332 2786 potissimum
1354 2735 1443 2773 fidei
1471 2736 1686 2774 crederem.

217 2798 516 2851 [Existimabam
537 2805 680 2844 autem,
700 2798 730 2836 si
750 2798 937 2850 pecunias
964 2797 1164 2835 universas
1185 2797 1402 2834 amisissem
1424 2805 1462 2835 et
1482 2798 1581 2848 patri
1600 2811 1687 2835 meo

221 2859 363 2913 aliquid
391 2859 611 2906 accidisset,
634 2873 694 2898 me
715 2867 753 2898 et
773 2860 833 2898 hic
854 2866 893 2897 et
908 2859 988 2896 illic
1019 2858 1156 2910 opibus
1187 2858 1391 2910 spoliatum
1417 2857 1466 2896 ad
1497 2872 1687 2896 summam

221 2923 390 2976 inopiam
411 2922 613 2962 redactum
634 2923 699 2961 iri:
730 2922 787 2961 sin
809 2935 895 2961 esse
916 2920 1007 2962 mihi
1030 2920 1214 2972 pecunias
1237 2920 1375 2959 faterer
1397 2928 1434 2958 et
1455 2927 1541 2971 post
1563 2920 1689 2971 Satyri
