1870 3277
272 158 345 195 120
874 161 1160 200 lSOCRATIS

267 266 356 311 post
383 260 531 298 obitum
565 260 723 301 Plutoni
755 271 794 300 et
826 262 1069 315 Proserpinae
1102 262 1278 301 maximis
1312 263 1522 302 honoribus
1552 261 1738 315 praeditus

267 322 440 361 assidere
458 322 694 373 perhibetur.

322 385 359 421 6.
393 384 520 436 Hujus
551 384 615 422 filii
643 386 800 423 fuerunt
823 386 1013 425 Telamon
1035 394 1076 425 et
1095 386 1252 432 Peleus,
1276 399 1440 437 quorum
1465 386 1563 425 alter
1581 385 1738 437 expedi-

267 445 382 483 tionis
417 445 654 484 Herculanae
685 456 822 485 contra
855 447 1163 487 Laomedontem
1199 454 1396 499 susceptae
1434 449 1564 486 socius
1597 448 1740 499 primas

265 506 405 544 virtute
435 508 586 553 meruit,
607 508 748 546 Peleus
779 517 907 547 autem
929 516 969 547 et
994 523 1037 548 re
1061 518 1198 549 contra
1217 517 1424 548 centauros
1451 510 1550 547 bene
1571 516 1683 559 gesta
1702 516 1741 546 et

265 568 395 606 multis
434 569 518 606 aliis
556 567 697 621 pugnis
741 577 939 621 spectatus
977 571 1153 610 Thetidis
1198 572 1408 616 Nereidos,
1448 570 1618 608 mortalis
1659 571 1740 620 ipse

264 630 506 677 immortalis,
525 631 708 682 conjugio
728 632 875 683 potitus
899 639 974 678 est,
995 640 1035 671 et
1065 634 1183 672 solius
1211 633 1325 684 liujus
1346 646 1393 671 ex
1413 632 1517 670 omni
1536 631 1740 670 vetustatis

264 691 448 728 memoria
487 692 523 728 in
561 692 705 742 nuptiis
742 692 991 743 hymenaeum
1026 693 1121 732 deos
1150 694 1341 732 cecinisse
1378 693 1574 731 memoriae
1611 692 1739 743 prodi-

265 760 346 790 tum
361 760 434 791 est.

319 817 356 852 7.
391 815 444 852 Hi
481 817 595 855 ambo
635 817 735 856 filios
770 818 1002 865 habuerunt,
1034 818 1222 857 Telamon
1263 818 1430 869 Ajacem
1466 825 1505 856 et
1535 817 1742 862 Teucrum,

264 876 407 915 Peleus
430 877 637 924 Achillem,
659 879 724 929 qui
757 880 968 918 maximum
996 887 1035 918 et
1065 880 1321 919 clarissimum
1341 879 1490 917 virtutis
1514 892 1595 917 suae
1614 878 1740 930 speci-

263 951 352 976 men
371 939 581 978 ediderunt
599 954 608 978 :
639 954 711 979 nec
731 942 833 979 enim
854 942 891 978 in
922 942 1002 980 suis
1024 942 1181 980 urbibus
1202 948 1352 979 tantum
1370 941 1581 992 principem
1611 941 1738 979 locum

263 1007 436 1046 tenuere,
456 1015 529 1039 nec
558 1002 598 1040 iis
620 1002 657 1039 in
678 1003 773 1041 locis
795 1016 883 1054 quae
903 1004 1160 1049 incoluerunt,
1183 1003 1253 1041 sed
1274 1003 1522 1054 expeditione
1546 1016 1570 1041 a
1589 1002 1739 1042 Graecis

262 1069 448 1112 suscepta
477 1071 615 1101 contra
647 1064 849 1110 barbaros,
878 1071 920 1102 et
949 1065 1081 1103 multis
1114 1066 1307 1115 utrimque
1328 1065 1593 1114 congregatis,
1618 1077 1737 1114 quum

262 1122 394 1161 nullus
416 1124 470 1160 vir
490 1125 711 1163 nominatus
746 1126 956 1164 mansisset
989 1125 1107 1172 domi,
1128 1126 1166 1163 in
1200 1125 1273 1164 illis
1303 1125 1484 1177 periculis
1505 1133 1547 1163 ut
1566 1125 1739 1163 Achilles

261 1185 443 1223 omnibus
463 1186 702 1232 antecelluit,
724 1187 778 1225 sic
798 1187 901 1238 Ajax
921 1188 1140 1225 secundum
1159 1187 1207 1225 ab
1234 1200 1280 1225 eo
1300 1187 1450 1225 virtutis
1480 1185 1608 1225 locum
1639 1187 1738 1225 obti-

262 1246 369 1289 nuit;
401 1246 551 1284 Teucer
571 1260 660 1285 vero
691 1253 733 1285 et
766 1247 903 1286 horum
935 1248 1165 1299 cognatione
1197 1248 1340 1299 dignus
1367 1255 1405 1286 et
1435 1247 1588 1285 nemine
1619 1254 1737 1286 caete-

259 1319 388 1345 rorum
408 1308 580 1355 inferior,
600 1322 721 1359 quum
751 1310 790 1347 in
822 1309 1088 1361 expugnanda
1106 1311 1223 1362 Troja
1254 1317 1449 1349 strenuam
1480 1323 1635 1362 operam
1667 1324 1736 1349 na-

260 1376 404 1415 vasset,
426 1371 599 1422 Cyprum
620 1372 825 1418 advectus,
844 1378 884 1410 et
904 1371 1143 1410 Salaminem
1163 1372 1350 1419 condidit,
1369 1372 1505 1424 prioris
1538 1372 1572 1411 ei
1601 1373 1735 1424 patriae

259 1432 415 1470 nomine
433 1432 625 1483 imposito,
643 1439 683 1471 et
701 1446 785 1471 eam
802 1446 890 1483 quae
910 1445 1014 1471 nunc
1030 1440 1170 1484 regnat
1189 1433 1375 1472 familiam
1394 1434 1561 1485 reliquit.

315 1494 352 1531 8.
381 1493 508 1531 Tanta
541 1493 659 1544 igitur
696 1502 757 1532 est
791 1495 980 1545 Evagorae
1012 1508 1035 1533 a
1063 1495 1274 1546 majoribus
1303 1502 1466 1546 accepta
1497 1495 1735 1546 praestantia.

263 1553 366 1592 Urbe
386 1562 516 1593 autem
537 1555 592 1593 sic
624 1555 795 1602 condita,
824 1568 986 1606 regnum
1017 1555 1123 1593 initio
1154 1554 1294 1594 Teucri
1323 1556 1470 1606 posteri
1501 1562 1735 1594 tenuerunt:

259 1614 445 1654 insecutis
467 1629 557 1654 vero
574 1616 812 1668 temporibus
832 1616 991 1668 quidam
1009 1616 1120 1655 exsul
1140 1630 1160 1655 e
1176 1616 1379 1655 Phoenicia
1398 1616 1610 1668 profectus,
1629 1624 1669 1655 et
1687 1618 1736 1656 ab

259 1689 306 1715 eo
333 1677 399 1727 qui
432 1684 526 1716 tunc
547 1679 736 1728 regnabat
764 1677 802 1716 in
822 1677 936 1716 fidem
963 1685 1144 1729 receptus
1165 1691 1425 1729 magnamque
1441 1679 1654 1729 potentiam
1675 1692 1741 1717 na-

259 1745 362 1784 ctus,
383 1751 460 1775 non
483 1739 646 1789 gratiam
675 1752 744 1790 pro
764 1739 824 1777 his
847 1739 992 1784 retulit,
1015 1740 1085 1778 sed
1105 1746 1144 1778 et
1163 1740 1316 1791 hospitii
1343 1740 1410 1791 jus
1430 1739 1601 1786 violavit,
1621 1747 1672 1788 et,
1694 1748 1736 1779 ut

259 1798 376 1837 homo
398 1799 446 1837 ad
462 1800 681 1838 faciendam
703 1799 879 1851 injuriam
909 1807 1081 1852 paratus,
1101 1801 1226 1853 ejecto
1252 1814 1342 1852 rege
1363 1802 1464 1839 bene
1483 1802 1634 1848 merito,
1654 1802 1738 1854 ipse

258 1873 421 1910 regnum
456 1862 676 1912 occupavit.
736 1862 867 1906 Quum
895 1875 985 1900 vero
1017 1862 1257 1900 conscientia
1288 1862 1477 1901 scelerum
1512 1863 1735 1914 trepidaret,

260 1934 400 1972 resque
423 1934 513 1960 suas
536 1923 574 1959 in
604 1929 690 1961 tuto
720 1923 916 1961 collocare
933 1923 1062 1969 vellet,
1082 1930 1164 1961 tum
1191 1924 1326 1962 urbem
1358 1924 1531 1962 barbaris
1562 1925 1734 1976 implevit

259 1990 338 2021 tum
361 1990 482 2021 totam
499 1984 665 2022 insulam
683 1985 854 2022 servituti
876 1985 979 2035 regis
1002 1985 1208 2023 Persarum
1229 1985 1410 2036 subjecit.

312 2047 350 2083 9.
381 2047 479 2084 Cum
500 2047 618 2097 igitur
638 2047 726 2085 talis
747 2054 787 2085 et
807 2053 930 2085 status
951 2060 1075 2084 rerum
1099 2054 1202 2085 esset
1224 2054 1262 2085 et
1288 2048 1456 2099 majores
1483 2049 1567 2098 ejus
1594 2048 1735 2099 princi·

257 2114 352 2157 patu
381 2108 609 2157 potirentur,
633 2109 835 2158 Evagoras
860 2108 1055 2146 nascitur:
1085 2107 1133 2145 de
1159 2120 1236 2158 quo
1258 2122 1346 2159 quae
1367 2109 1511 2155 omina,
1533 2122 1620 2160 quae
1641 2110 1736 2148 vati-

258 2169 488 2214 cinationes,
509 2182 596 2220 quae
618 2170 783 2208 visiones
807 2170 1045 2208 somniorum
1071 2170 1229 2215 fuerint,
1249 2170 1390 2220 quibus
1423 2170 1538 2207 rebus
1566 2171 1736 2208 humana

257 2238 360 2269 sorte
389 2233 509 2278 maj0r
536 2230 726 2277 videatur,
747 2232 925 2269 omittere
952 2231 1082 2277 statui,
1104 2244 1179 2269 non
1206 2231 1298 2280 quin
1319 2245 1365 2269 ea
1386 2244 1477 2270 vera
1495 2245 1583 2270 esse
1603 2232 1734 2283 putem

256 2304 345 2342 quae
373 2291 568 2336 dicuntur,
591 2292 659 2329 sed
681 2299 723 2330 ut
743 2293 925 2330 omnibus
945 2293 1106 2343 probem
1127 2298 1278 2330 tantum
1298 2293 1433 2331 abesse
1453 2299 1498 2330 ut
1515 2294 1628 2332 rebus
1650 2294 1734 2344 ejus

257 2353 378 2405 gestis
409 2353 615 2403 quicquam
641 2354 842 2404 affingam,
869 2361 913 2392 ut
942 2355 1057 2392 etiam
1084 2367 1105 2391 e
1129 2353 1227 2391 veris
1254 2366 1301 2391 ea
1325 2354 1571 2405 praeterierim
1591 2368 1677 2405 quae
1698 2356 1733 2393 in

256 2428 472 2467 paucorum
499 2415 636 2453 notitia
666 2422 704 2453 et
731 2429 810 2454 non
838 2416 874 2453 in
904 2416 1077 2454 omnium
1103 2415 1244 2456 civium
1265 2417 1505 2454 conscientia
1525 2425 1736 2456 versantur.

259 2477 475 2516 Exordium
504 2483 635 2515 autem
664 2477 714 2515 de
744 2490 791 2515 eo
820 2476 976 2515 dicendi
1005 2478 1157 2528 capiam
1186 2490 1209 2515 a
1238 2478 1351 2516 rebus
1381 2491 1469 2529 quae
1503 2486 1596 2517 sunt
1628 2487 1737 2519 extra

258 2552 415 2578 ornnem
436 2539 754 2578 controversiam.

316 2602 378 2639 lo.
409 2600 511 2638 Puer
539 2600 654 2651 igitur
679 2607 719 2638 et
744 2600 869 2639 forma
893 2607 932 2638 et
959 2592 1104 2638 viribus
1131 2605 1171 2637 et
1194 2599 1399 2646 modestia,
1420 2613 1508 2650 quae
1528 2601 1630 2639 bona
1648 2613 1735 2640 eam

257 2668 414 2700 aetatem
435 2663 598 2700 maxime
622 2662 779 2708 decent,
799 2660 996 2699 excelluit.
1052 2662 1181 2712 Atque
1201 2660 1245 2698 iis
1266 2661 1314 2699 de
1333 2661 1450 2699 rebus
1470 2662 1736 2702 testimonium

256 2723 514 2775 perhibebunt
532 2724 586 2769 hi,
607 2724 656 2762 de
678 2723 871 2761 modestia
890 2723 992 2761 cives
1015 2735 1093 2760 una
1120 2735 1210 2761 cum
1236 2735 1283 2760 eo
1309 2722 1491 2769 instituti,
1517 2723 1566 2762 de
1595 2724 1738 2775 pulcri-

257 2785 392 2823 tudine
420 2797 556 2823 omnes
580 2785 646 2835 qui
667 2785 860 2831 viderunt,
879 2784 928 2822 de
949 2784 1090 2824 viribus
1111 2783 1326 2823 certamina
1345 2783 1383 2821 in
1402 2784 1542 2835 quibus
1563 2786 1735 2836 aequales

257 2846 465 2899 superavit.
523 2847 654 2889 Quum
681 2859 772 2885 vero
801 2845 1052 2893 adolevisset,
1076 2852 1115 2884 et
1143 2844 1227 2884 haec
1254 2857 1333 2884 una
1362 2854 1566 2885 creverunt
1592 2848 1735 2895 omnia,

260 2916 300 2948 et
328 2908 382 2949 eis
415 2907 586 2949 accessit
609 2908 797 2948 fortitudo
825 2916 864 2947 et
893 2907 1084 2961 sapientia
1109 2914 1148 2947 et
1167 2907 1334 2960 justitia,
1352 2917 1468 2960 atque
1493 2909 1554 2948 hae
1573 2909 1735 2950 virtutes
