1870 3277
684 545 1198 623 DEMADIS

462 731 572 779 DE
630 732 1417 786 DUODECENNALI.

264 950 336 999 (1.)
364 950 520 990 EORUM
557 951 621 1001 qui
658 951 696 988 in
723 957 830 989 reatu
863 964 908 990 ac
937 951 1116 991 sordibus
1146 959 1361 998 versantur,
1394 952 1659 1003 Athenienses,

213 1011 300 1048 vitae
319 1017 358 1050 et
372 1013 477 1050 necis
492 1018 743 1063 postestatem
763 1026 829 1063 per
848 1012 957 1064 leges
978 1013 1182 1064 accepistis
1199 1027 1208 1051 z
1238 1015 1310 1063 (2.)
1327 1014 1518 1054 enimvero
1537 1029 1661 1067 neque

209 1071 417 1122 prudenter
439 1072 610 1111 medicus
626 1073 891 1112 laborantibus
912 1081 1044 1125 potest
1063 1087 1297 1122 succurrere,
1315 1075 1346 1113 si
1363 1088 1520 1115 causam
1537 1079 1659 1116 morbi

207 1133 361 1181 penitus
380 1147 456 1172 non
476 1135 687 1185 agnoverit,
716 1148 841 1186 neque
862 1135 982 1187 judex
1002 1143 1178 1175 sanctum
1193 1136 1380 1188 judicium
1400 1138 1511 1185 ferre,
1529 1139 1602 1177 nisi
1620 1139 1659 1177 in

202 1192 337 1243 judicii
357 1196 484 1233 causis
514 1195 694 1234 assiduus
724 1197 841 1235 fuerit
871 1204 1095 1236 assectator.
1153 1198 1228 1248 (3.)
1257 1199 1343 1250 Ipse
1372 1207 1501 1238 autem
1524 1201 1590 1252 qui
1619 1202 1658 1239 in

206 1254 372 1293 mediam
392 1263 583 1295 oratorum
602 1258 887 1297 contentionem
904 1258 1034 1306 incidi,
1055 1266 1098 1297 ut
1118 1272 1140 1298 a
1159 1260 1232 1298 diis
1251 1260 1540 1308 immortalibus,
1562 1262 1616 1301 sic
1635 1275 1658 1300 a

205 1315 315 1353 vobis
344 1317 526 1355 auxilium
541 1318 716 1370 imploro.
772 1319 875 1358 Vitae
906 1333 1002 1359 meae
1034 1320 1252 1370 detrahunt,
1282 1322 1541 1362 existimantes
1567 1337 1656 1375 quae

205 1374 377 1415 dicturus
406 1391 494 1418 ,sum
526 1379 677 1417 minime
708 1393 731 1418 a
760 1381 868 1419 vobis
908 1382 1055 1420 credita
1090 1383 1184 1420 fore.
1240 1384 1313 1433 (4.)
1342 1384 1429 1435 Ego
1460 1398 1549 1423 vero
1587 1398 1656 1423 seu

203 1435 310 1474 vivus
332 1451 401 1476 seu
419 1445 591 1477 mortuus
611 1440 704 1477 nihil
720 1453 828 1478 sum:
860 1441 951 1492 quid
969 1443 1072 1479 enim
1089 1443 1404 1490 Atheniensibus,
1425 1445 1529 1495 quod
1550 1445 1654 1483 nihili

201 1495 315 1535 homo
337 1498 567 1537 Demades?
620 1501 692 1548 (5.)
720 1501 854 1538 Meum
878 1502 980 1539 enim
1007 1503 1203 1539 interitum
1231 1517 1356 1554 neque
1386 1505 1494 1543 miles
1523 1506 1653 1557 deplo-

200 1559 298 1597 rabit
312 1560 439 1609 —qui
459 1560 573 1606 enirn,
599 1573 715 1610 quem
733 1560 877 1598 bellum
897 1562 1054 1610 quidem
1080 1563 1200 1607 auxit,
1216 1576 1291 1613 pax
1308 1577 1386 1601 non
1408 1565 1486 1603 alat
1498 1589 1564 1612 —,
1584 1567 1653 1606 sed

200 1619 264 1670 qui
289 1619 484 1670 regionem
503 1620 673 1665 excolit,·
690 1632 792 1657 mare
813 1620 982 1670 navigat,
1011 1627 1051 1658 et
1064 1621 1185 1659 omnis
1208 1622 1274 1672 qui
1294 1623 1465 1673 quietam
1483 1626 1597 1664 vitam
1612 1628 1651 1665 in

197 1683 341 1721 deliciis
360 1682 489 1729 habet,
503 1683 565 1721 cui
582 1682 713 1720 Attica
731 1682 890 1728 munita,
911 1689 1060 1721 montes
1086 1696 1165 1721 non
1191 1683 1383 1735 lapidibus
1408 1686 1650 1735 circumdati,

197 1744 267 1782 sed
287 1744 426 1782 civium
446 1743 640 1794 praesidio.
695 1744 767 1791 (6.)
796 1745 848 1781 At
878 1743 1008 1781 multis
1038 1743 1404 1796 fortassis‚judices‚
1431 1759 1564 1785 eorum
1583 1749 1648 1799 qui

195 1805 375 1844 subsellia
389 1805 680 1856 compleverunt
694 1805 789 1842 vafri
810 1804 1005 1856 quippiam
1027 1806 1188 1844 subesse
1204 1806 1366 1845 videtur.
1423 1809 1530 1848 Sicut
1546 1811 1646 1849 enim

194 1867 390 1906 oculorum
421 1867 610 1917 aegritudo
632 1866 783 1905 vitalem
807 1866 963 1904 videndi
987 1867 1226 1906 functionem
1258 1869 1461 1908 confundit
1487 1879 1525 1909 et
1549 1885 1645 1922 quo-

193 1930 318 1967 minus
339 1929 440 1967 clare
471 1929 622 1980 objecta
649 1928 936 1980 conspiciantur
965 1928 1140 1980 impedit,
1168 1929 1221 1967 ita
1248 1929 1503 1982 incomposita
1533 1946 1643 1984 pero·

192 1991 301 2036 ratio,
335 1990 534 2028 sententiis
561 1990 734 2041 judicum
769 2003 852 2028 sese
879 2003 1088 2040 exponens,
1109 1991 1309 2030 veritatem
1342 1993 1424 2031 sine
1453 1993 1528 2031 bile
1548 2007 1641 2033 con-

191 2052 288 2103 spici
313 2064 389 2089 non
415 2053 569 2103 patitur.
624 2052 698 2101 (7.)
727 2051 856 2095 Quare
884 2051 999 2090 etiam
1031 2054 1210 2091 convenit
1235 2066 1302 2091 vos
1334 2054 1373 2091 in
1401 2067 1519 2094 causa
1547 2056 1641 2095 cita-

189 2122 314 2153 torum
341 2123 381 2153 et
404 2128 535 2153 eorum
555 2115 620 2165 qui
644 2115 682 2152 in
703 2115 881 2166 periculis
902 2122 1101 2154 versantur
1130 2116 1294 2154 maxime
1325 2117 1640 2169 circumspicere:

189 2176 244 2213 illi
258 2176 373 2222 enim,
392 2176 546 2227 qualem
572 2176 745 2226 cupiunt,
760 2176 874 2214 talem
893 2189 915 2214 a
933 2176 1166 2227 praecedenti
1188 2178 1520 2230 actionejudicem
1541 2180 1639 2218 obti-

189 2243 305 2282 nent;
333 2236 372 2273 hi
393 2244 526 2275 contra
544 2236 707 2275 irritatos
721 2237 872 2288 judices
893 2237 1014 2288 ipsam
1035 2238 1199 2277 animam
1219 2239 1383 2290 objicere
1402 2241 1637 2292 compellun-

188 2305 262 2335 tur.
318 2299 389 2345 (8.)
423 2298 546 2349 Igitur
573 2298 604 2336 si
632 2299 668 2336 in
700 2299 814 2336 tantis
848 2298 1024 2350 periculis
1058 2300 1277 2339 constitutis
1309 2301 1435 2340 socius
1469 2301 1635 2340 criminis

184 2359 328 2405 videar,
348 2359 440 2409 quid
460 2360 678 2398 faciendum
694 2360 911 2411 sit,jubete,
928 2373 998 2398 nec
1016 2362 1160 2412 parcite
1176 2375 1186 2406 ;
1214 2375 1290 2400 non
1305 2363 1405 2400 enim
1420 2362 1606 2413 deprecor
1622 2377 1632 2401 :

186 2433 338 2470 possem
357 2420 510 2470 quidem
522 2421 609 2471 jure
629 2427 668 2458 et
686 2420 836 2471 legibus
859 2420 1131 2472 publicamque
1151 2423 1200 2460 ob
1220 2421 1418 2460 utilitatem
1437 2422 1634 2473 sejunctus

185 2481 296 2519 areis
314 2481 478 2532 reperiri,
499 2482 566 2519 sed
596 2495 672 2519 non
707 2481 885 2520 frustrate
916 2495 975 2520 me
1006 2489 1083 2522 tam
1105 2482 1244 2532 insigni
1271 2490 1442 2521 actorum
1469 2484 1633 2522 crudeli-

185 2549 276 2581 tate.
325 2543 398 2591 (9.)
419 2543 459 2580 Si
475 2549 602 2581 autem
621 2543 776 2582 omnino
796 2543 1035 2581 moriendum
1056 2543 1117 2589 sit,
1134 2557 1174 2581 re
1195 2544 1322 2595 aliqua
1337 2544 1501 2594 publicae
1517 2545 1631 2583 saluti

184 2603 398 2648 consulam,
423 2609 466 2641 ut
483 2603 535 2640 illi
555 2604 758 2649 affirmant,
782 2604 953 2642 alacriter
973 2605 1218 2642 occumbam:
1251 2605 1422 2655 pulcrum
1443 2614 1500 2643 est
1529 2606 1629 2643 enim

183 2663 335 2714 propria
361 2671 481 2702 morte
513 2665 704 2716 publicam
731 2665 934 2703 conciliare
964 2664 1280 2712 benevolentiam,
1308 2666 1338 2703 si
1367 2667 1497 2716 patriae
1526 2679 1630 2704 com-

181 2723 352 2770 modum,
373 2725 441 2762 sed
457 2737 533 2763 non
552 2738 682 2764 eorum
705 2739 829 2764 sermo
844 2726 924 2776 jam
946 2725 1127 2763 vindicias
1149 2727 1289 2764 tulerit.
1344 2728 1443 2775 (10.)
1464 2727 1625 2765 Permit-

181 2785 247 2821 tite
262 2796 329 2834 per
342 2784 435 2822 deos
449 2785 699 2832 immortales,
716 2786 984 2831 Athenienses,
1003 2786 1208 2837 permittite
1224 2786 1374 2825 tandem
1392 2788 1480 2825 mihi
1499 2789 1624 2826 vobis·

181 2857 269 2881 cum
289 2843 337 2881 de
350 2845 512 2892 justitia,
531 2847 854 2896 quemadmodum
874 2855 1011 2898 exopto
1031 2847 1270 2897 patrocinari.
1314 2849 1412 2898 (11.)
1441 2849 1510 2886 Sat
1525 2849 1621 2886 enim

183 2904 314 2942 virium
341 2913 541 2956 suppetere
573 2908 748 2945 existimo
775 2908 821 2945 ad
843 2907 932 2945 mihi
953 2907 1109 2957 aliisque
1130 2909 1467 2959 patrocinandum:
1500 2910 1534 2945 in
1566 2908 1622 2945 his
