1870 3277
847 516 873 569 I
915 516 950 569 S
993 518 1130 573 AEI

368 662 474 713 DE
528 663 980 714 ASTYPHILI
1038 665 1601 715 HEREDITATE.

749 881 1225 921 ARGUMENTUM.

306 965 492 1007 Astyphilus
515 970 547 997 et
567 966 618 996 ille
642 967 694 1008 qui
719 967 798 998 hanc
818 968 985 998 orationem
1008 967 1116 998 recitat
1141 968 1244 998 fratres
1267 977 1303 998 ex
1327 968 1436 998 eadem
1461 973 1568 999 matre:
1593 972 1711 999 mortno

264 1023 367 1048 autem
382 1016 553 1058 Astyphilo
565 1015 664 1048 Cleon
679 1018 805 1059 quidam
821 1017 900 1048 illius
916 1018 1116 1048 consobrinus
1133 1023 1346 1048 testamentum
1362 1018 1500 1059 protulit,
1511 1019 1617 1049 dicens
1633 1019 1709 1049 illud

264 1069 298 1099 in
313 1068 394 1098 illius
409 1068 505 1098 filium
521 1079 588 1099 esse
610 1069 736 1100 factum.
781 1068 944 1110 Astyphili
960 1079 1032 1100 vero
1057 1069 1146 1100 stater
1168 1069 1280 1100 refellit
1302 1075 1515 1100 testamentum
1538 1076 1573 1100 ut
1593 1071 1709 1101 fictum.

264 1117 367 1150 Status
378 1128 471 1150 causa
485 1124 532 1150 est
547 1119 774 1161 conjecturalis.

274 1207 277 1209 ’
317 1198 351 1234 1.
382 1197 618 1236 Umssnnms
640 1203 720 1236 erat
735 1197 839 1244 mihi,
852 1196 1018 1248 judices,
1032 1197 1148 1236 frater
1161 1196 1409 1249 Astyphilus,
1426 1197 1535 1248 cujus
1555 1196 1627 1234 fuit
1642 1196 1711 1234 he·

261 1258 406 1297 reditas
424 1259 510 1297 haec
530 1260 582 1298 de
599 1272 678 1310 qua
703 1273 805 1298 nunc
830 1259 1098 1298 contenditur:
1127 1259 1158 1297 is
1182 1272 1270 1298 cum
1296 1259 1466 1298 exercitu
1491 1259 1632 1296 missus
1659 1257 1708 1296 ad

263 1319 493 1371 Mitylenem
513 1333 601 1358 cum
627 1321 816 1371 dignitate
842 1321 1016 1371 praefecti
1044 1320 1147 1358 diem
1175 1320 1249 1359 ista
1278 1321 1317 1358 in
1347 1319 1590 1372 expeditione
1617 1319 1709 1358 obiit

262 1394 496 1433 supremum.
556 1382 711 1420 Faciam
726 1396 830 1420 nunc
851 1383 890 1420 id
907 1382 1012 1434 quod
1026 1382 1216 1420 facturum
1233 1383 1272 1420 in
1285 1385 1633 1430 contrajuramento
1649 1394 1707 1418 re—

262 1445 362 1495 cepi,
378 1444 452 1482 hoc
472 1450 534 1482 est
559 1444 715 1494 planum
741 1444 896 1490 faciam,
913 1444 1016 1482 hunc
1036 1444 1282 1495 Astyphilum
1302 1456 1427 1494 neque
1448 1443 1617 1493 aliquem
1636 1442 1708 1480 sibi

259 1506 381 1544 filium
401 1506 622 1557 adoptasse,
637 1519 763 1557 neque
778 1506 944 1545 donasse
964 1507 1066 1544 bona
1081 1519 1150 1544 sua
1161 1506 1356 1557 cuiquam,
1367 1518 1493 1556 neque
1506 1511 1711 1542 testamen-

259 1574 340 1605 tum
359 1580 383 1605 a
400 1580 442 1606 se
460 1568 642 1619 scriptum
661 1567 877 1618 reliquisse:
908 1574 1140 1618 quapropter
1158 1567 1220 1604 alii
1241 1566 1382 1605 nemini
1400 1565 1579 1604 convenit
1592 1566 1709 1616 Asty-

260 1628 354 1679 phili
373 1630 474 1667 bona
491 1629 646 1675 habere,
661 1641 774 1679 quarn
795 1628 900 1666 mihi.
957 1628 1057 1665 Nam
1078 1627 1200 1665 Cleon
1219 1627 1281 1665 hic
1298 1627 1498 1678 Astyphili
1515 1627 1711 1665 consobri—

260 1703 335 1728 nus
366 1697 435 1735 est,
456 1691 506 1728 ita
535 1697 578 1727 ut
607 1696 733 1741 patres
762 1690 960 1729 amborum
987 1689 1120 1728 fratres
1151 1689 1309 1732 fuerint;
1332 1701 1407 1738 quo
1431 1688 1474 1726 fit
1492 1695 1534 1725 ut
1553 1687 1709 1726 Cleonis

260 1751 372 1797 filius,
390 1752 500 1803 cujus
519 1752 586 1790 filii
612 1752 670 1789 sui
694 1765 784 1803 ergo
806 1752 930 1790 Cleon
957 1752 1019 1790 hic
1043 1764 1196 1789 mecum
1222 1751 1436 1797 contendit,
1456 1750 1659 1801 Astyphilo
1687 1764 1710 1788 a

260 1819 368 1864 patre
385 1826 452 1864 pro
470 1814 548 1852 filio
571 1813 768 1859 suffectus,
786 1813 979 1865 Astyphili
1000 1812 1048 1851 sit
1067 1813 1285 1851 consobrini
1311 1812 1422 1850 filius.
1479 1812 1597 1862 Atqui
1618 1812 1707 1850 Cle-

261 1874 344 1912 onis
365 1881 474 1926 pater
491 1876 603 1914 aliam
624 1876 662 1913 in
683 1876 839 1914 domum
851 1876 922 1914 fuit
934 1874 1212 1926 emancipatus,
1226 1887 1302 1925 qua
1315 1874 1352 1910 in
1368 1873 1483 1911 domo
1502 1873 1555 1911 illi
1574 1886 1707 1912 omnes

261 1937 387 1987 [pater
407 1937 563 1975 Cleonis
582 1943 688 1988 puta,
707 1943 746 1975 et
765 1937 886 1974 Cleon
913 1936 1009 1987 ipse,
1029 1949 1116 1974 cum
1140 1935 1249 1985 filiis]
1273 1935 1401 1973 adhuc
1423 1941 1532 1978 sunt3
1563 1947 1639 1985 qua
1659 1935 1707 1972 de

261 2010 380 2036 causa
409 2011 486 2036 non
515 1999 744 2050 contingunt
762 1997 1008 2049 Astyphilum
1027 1997 1062 2035 vi
1089 1997 1194 2048 leges
1227 2009 1293 2034 eos
1321 2009 1343 2034 a
1374 1996 1706 2046 consanguinitate

261 2061 517 2111 excludentiS.
574 2060 730 2099 Conscii
751 2061 880 2111 itaque
901 2059 974 2111 ipsi
993 2059 1063 2097 sibi
1079 2071 1166 2096 cum
1188 2064 1322 2096 essent
1340 2057 1413 2095 hac
1431 2070 1478 2094 ex
1494 2064 1600 2107 parte
1619 2056 1705 2094 nul-

258 2121 337 2158 lum
360 2121 430 2158 sibi
456 2122 520 2172 jus
545 2120 582 2159 in
605 2121 800 2172 Astyphili
821 2122 923 2158 bona
941 2133 1038 2165 esse,
1059 2119 1265 2158 commenti
1292 2125 1383 2156 sunt
1402 2124 1440 2156 et
1460 2117 1706 2168 subjecerunt

259 2188 529 2220 testamentum
549 2182 601 2228 id,
626 2182 730 2233 quod
761 2195 834 2232 ego
863 2194 924 2219 me
944 2181 1292 2219 demonstraturum
1313 2191 1425 2231 spero
1444 2178 1584 2216 falsum
1606 2191 1707 2223 esse,

258 2257 326 2296 per
342 2244 446 2296 quod
464 2244 608 2295 eripere
627 2244 718 2281 mihi
738 2250 851 2294 atque
863 2249 1089 2293 extorquere
1104 2242 1231 2281 conati
1246 2248 1338 2279 sunt
1350 2242 1452 2279 bona
1467 2239 1590 2278 fratris
1609 2241 1683 2278 mei
1698 2252 1706 2276 ι

260 2311 299 2343 et
317 2311 359 2343 ut
377 2305 523 2356 pridem
540 2305 705 2356 speravit
723 2304 786 2342 hic
807 2304 943 2352 Cleon,
962 2305 1015 2342 ita
1033 2304 1257 2342 adhucdum
1277 2309 1420 2354 sperat,
1441 2309 1479 2340 et
1497 2307 1575 2339 tam
1594 2301 1707 2339 firmi·
1726 2312 1729 2315 “

260 2372 317 2404 ter
336 2373 466 2418 sperat
484 2366 672 2404 neminem
691 2365 804 2403 alium
824 2372 1080 2416 praeterquam
1100 2378 1140 2403 se
1160 2364 1379 2403 habiturum
1406 2375 1493 2400 esse
1513 2361 1705 2413 Astyphili

258 2430 374 2475 bona,
393 2435 450 2473 ut,
465 2428 744 2479 quamprimum
762 2426 926 2464 nuncius
946 2426 993 2464 de
1013 2434 1135 2464 morte
1155 2425 1348 2477 Astyphili
1365 2424 1441 2462 huc
1460 2424 1702 2475 perferretur,

259 2505 335 2543 quo
355 2499 526 2543 tempore
544 2497 653 2542 pater
669 2503 777 2529 meus
798 2502 900 2540 aeger
918 2489 1139 2527 decubabat
1158 2496 1196 2526 et
1222 2501 1296 2539 ego
1321 2487 1358 2524 in
1383 2485 1519 2524 castris
1544 2497 1702 2535 peregre

259 2553 436 2603 agebam,
456 2553 516 2591 hic
532 2552 655 2590 Cleon
670 2552 708 2589 in
728 2550 1013 2602 possessionem
1034 2549 1168 2600 praedii
1184 2549 1231 2587 ab
1248 2548 1452 2599 Astyphilo
1467 2546 1603 2589 relicti,
1619 2552 1658 2584 et
1671 2546 1701 2584 si

259 2616 351 2666 quid
369 2616 496 2654 adhuc
516 2615 618 2653 aliud
636 2615 669 2653 ei
682 2614 834 2659 fuisset,
847 2612 1084 2663 immigrarit‚
1099 2624 1221 2662 eaque
1235 2610 1364 2648 omnia
1376 2609 1434 2647 sui
1447 2607 1602 2659 jactarit
1616 2621 1702 2646 esse

259 2678 338 2725 filii,
357 2678 417 2716 vel
445 2686 652 2729 antequam
672 2690 739 2715 vos
768 2677 816 2714 de
845 2686 1064 2714 successore
1091 2674 1130 2710 in
1156 2673 1269 2711 istam
1294 2670 1548 2709 hereditatam
1568 2670 1702 2708 decre-

255 2740 419 2779 vissetis.
476 2741 528 2778 Et
548 2730 793 2778 nihilominus
812 2743 1012 2784 tamen,ut
1029 2736 1104 2774 huc
1124 2735 1271 2786 perlata
1291 2739 1383 2771 sunt
1397 2731 1587 2784 Astyphili
1602 2745 1701 2779 ossa,

253 2802 331 2849 ille,
351 2803 416 2853 qui
431 2815 470 2840 se
489 2802 636 2840 dudum
657 2815 726 2852 pro
746 2801 931 2852 adoptato
946 2798 1027 2850 ejus
1045 2797 1122 2835 filio
1139 2803 1326 2848 gesserat,
1339 2808 1463 2846 neque
1483 2800 1697 2845 spectatum

255 2864 430 2916 exposuit
449 2863 639 2915 Astyphili
657 2876 794 2914 corpus
814 2873 940 2912 neque
959 2859 1144 2905 humavit,
1160 2857 1228 2896 sed
1245 2857 1356 2895 amici
1375 2855 1564 2908 Astyphili
1582 2861 1698 2905 atque

253 2924 545 2971 commilitones,
563 2923 735 2962 videntes
756 2929 903 2974 patrem
933 2933 1059 2959 meum
1089 2924 1355 2970 aegrotantem,
1376 2931 1438 2956 me
1458 2923 1586 2956 autem
1605 2917 1696 2954 urbe
