1870 3277
708 189 1021 227 EVAGORAS.
1523 190 1592 226 121

131 304 257 341 neque
274 291 486 330 mediocres
502 304 626 342 neque
643 304 884 337 communes,
898 290 968 329 sed
984 290 1148 340 singulae
1163 291 1398 330 excellentes
1414 305 1423 330 ε
1446 299 1595 330 tantum

137 353 235 390 enim
258 359 297 390 et
315 353 483 404 corporis
503 361 543 392 et
562 353 675 391 animi
695 353 898 391 virtutibus
922 352 1117 403 praestitit,
1135 359 1178 389 ut
1202 353 1240 398 ii,
1260 353 1325 402 qui
1350 360 1430 391 tum
1458 367 1599 405 regna-

128 414 234 459 bant,
266 416 417 465 quoties
450 428 538 453 eum
572 414 755 453 videbant
793 414 1094 465 percellerentur
1131 426 1329 465 regnoque
1368 422 1598 463 metuerent,

130 476 395 516 existimantes
416 492 493 517 non
513 491 629 529 posse
648 478 727 515 fieri
749 484 791 515 ut
810 478 898 516 talis
919 484 1055 515 natura
1074 477 1111 514 in
1133 477 1292 527 privatae
1310 477 1399 515 vitae
1426 480 1598 517 obscuri-

129 544 206 575 tate
226 538 480 584 delitesceret,
497 551 616 589 quum
634 551 724 576 vero
741 551 866 576 mores
883 538 966 589 ejus
987 538 1250 583 intuebantur,
1266 545 1414 576 tantam
1430 540 1464 577 ei
1479 540 1595 578 fidem

127 597 328 646 haberent,
342 606 386 638 ut
403 600 619 651 Evagoram
640 600 711 638 sibi
731 600 846 638 etiam
866 606 1000 638 contra
1020 598 1176 637 insidias
1197 599 1358 638 aliorum
1378 600 1593 652 adjutorem

123 659 205 698 fore
225 661 481 706 confiderent,

185 724 246 760 ll.
277 724 335 761 Ac
363 730 501 762 neutra
529 737 610 771 eos,
638 722 937 774 quum'tantum
976 724 1075 761 inter
1112 736 1178 761 eas
1213 724 1433 770 interesset,
1462 724 1599 762 fefellit

127 785 278 836 opinio:
309 800 379 825 nec
395 788 493 825 enim
510 787 680 838 privatus
699 793 886 837 perpetuo
904 786 1048 824 mansit
1066 799 1191 837 neque
1208 798 1301 837 erga
1315 785 1404 824 illos
1421 786 1596 838 deliquit,

128 847 195 885 sed
217 848 251 885 ei
271 847 367 886 deus
391 856 467 886 tam
487 849 651 887 sollicite
678 848 889 899 prospexit,
908 861 986 899 quo
1006 848 1169 886 honeste
1190 860 1309 899 regno
1331 848 1532 899 potiretur,
1552 857 1597 887 ut

127 915 166 946 et
183 922 241 955 ea,
261 922 349 960 quae
373 910 469 948 eitra
491 910 727 962 impietatem
753 910 887 961 peragi
913 922 990 947 non
1014 915 1193 960 poterant
1223 909 1321 947 alius
1351 911 1596 961 perpetrarit,

126 977 163 1008 et
195 971 413 1022 Evagoram
442 972 492 1009 ad
518 985 565 1010 ea
589 973 792 1011 reservarit
818 984 886 1023 per
910 984 997 1022 quae
1025 971 1224 1022 imperium
1248 970 1357 1022 juste
1385 979 1598 1023 sancteque

125 1033 353 1083 susciperet.
409 1033 577 1076 Quidam
598 1033 701 1072 enim
720 1046 920 1085 procerum
941 1039 978 1070 et
998 1045 1067 1084 per
1086 1032 1242 1070 insidias
1263 1039 1471 1084 tyrannum
1491 1035 1599 1072 occi-

125 1092 183 1131 dit
200 1101 239 1132 et
260 1093 474 1146 Evagoram
501 1095 831 1146 comprehendere
857 1100 1018 1132 conatus
1045 1102 1120 1139 est,
1141 1094 1341 1145 imperium
1361 1095 1536 1133 obtinere
1557 1109 1598 1134 se

126 1168 202 1193 non
224 1170 338 1207 posse
358 1165 465 1195 ratus
479 1157 550 1195 nisi
565 1164 604 1195 et
618 1157 723 1195 illum
741 1170 761 1194 e
778 1156 904 1195 medio
921 1155 1156 1194 sustulisset.
1213 1155 1302 1194 Hoc
1316 1169 1404 1195 vero
1424 1157 1598 1208 periculo

127 1218 281 1264 evitato,
301 1232 419 1269 quum
446 1219 649 1258 incolumis
675 1219 789 1257 Solos
817 1218 965 1256 Ciliciae
997 1219 1131 1256 urbem
1160 1218 1411 1268 pervenisset,
1440 1231 1517 1256 non
1548 1232 1597 1258 eo

125 1280 198 1318 fuit
216 1282 343 1320 animo
363 1295 440 1332 quo
462 1282 523 1319 alii
544 1294 630 1319 esse
652 1281 780 1318 sol-ent
799 1280 836 1317 in
857 1279 1082 1331 hujusmodi
1102 1279 1397 1318 calamitatibus.
1455 1280 1599 1318 Caeteri

126 1343 242 1388 enim,
263 1343 376 1382 etiam
396 1343 419 1380 ii
440 1343 506 1393 qui
526 1356 689 1393 regnum
709 1342 934 1389 amiserunt,
954 1341 1064 1379 fracti
1086 1341 1249 1379 fortunae
1274 1341 1420 1392 impetu
1448 1342 1598 1380 animos

125 1403 271 1443 habent
296 1406 550 1457 abjectiores:
579 1405 644 1442 ille
670 1412 797 1442 autem
821 1410 970 1442 tanturn
991 1404 1118 1441 animo
1138 1404 1254 1441 robur
1272 1411 1517 1455 conceperat,
1539 1412 1597 1449 ut,

127 1478 244 1516 quum
275 1473 363 1504 ante
387 1467 575 1517 privatam
601 1465 718 1504 vitam
748 1465 905 1516 egisset,
926 1465 965 1502 in
992 1464 1171 1503 exsilium
1199 1471 1311 1502 actus
1337 1478 1500 1516 regnum
1527 1465 1599 1504 sibi

127 1527 412 1566 vendicandum
432 1541 518 1566 esse
539 1528 803 1565 arbitraretur.
860 1528 918 1565 Ac
940 1526 1139 1565 erronibus
1162 1527 1319 1578 quidem
1339 1527 1510 1579 fugitivis
1530 1527 1599 1566 de-

125 1589 279 1640 spectis,
306 1602 435 1641 neque
462 1602 530 1641 per
555 1589 651 1627 alios
678 1589 842 1628 reditum
871 1598 1042 1640 quaerere
1071 1601 1200 1640 neque
1229 1588 1358 1640 seipso
1388 1589 1598 1629 deteriores

125 1652 252 1690 colere
273 1653 416 1691 voluit:
447 1653 518 1691 sed
538 1665 585 1691 ea
604 1665 694 1690 usus
715 1652 920 1690 occasione
942 1665 1030 1703 quae
1051 1651 1252 1703 religiosos
1273 1652 1448 1690 homines
1471 1652 1598 1700 decet,

127 1715 191 1763 qui
212 1721 392 1766 acceptas
412 1715 571 1767 injurias
591 1713 739 1760 ulcisci,
757 1727 834 1752 non
854 1714 927 1765 ipsi
945 1714 1075 1752 facere
1094 1714 1286 1765 injuriam,
1308 1713 1450 1761 solent,
1471 1721 1539 1752 aut
1558 1728 1599 1755 re

125 1776 228 1817 bene,
252 1783 363 1827 gesta
390 1777 579 1828 imperare
607 1782 673 1814 aut
698 1783 787 1814 voto
810 1775 1017 1814 frustratus
1044 1782 1207 1813 mortem
1234 1781 1417 1826 oppetere
1440 1777 1600 1821 statuit;

125 1845 164 1875 et
194 1838 377 1876 adhibitis
405 1838 624 1876 bominibus
646 1859 695 1866 --
715 1844 757 1875 ut
788 1837 852 1887 qui
882 1838 1069 1888 plurimos
1094 1837 1230 1875 dicunt
1249 1836 1465 1874 —circiter
1487 1838 1601 1888 quin·

125 1900 326 1950 quaginta,
341 1899 490 1938 illorum
508 1912 582 1950 ope
600 1899 670 1937 sibi
685 1899 853 1936 reditum
870 1898 907 1936 in
924 1898 1086 1949 patriam
1108 1898 1328 1948 patefacere
1343 1905 1406 1937 est
1422 1906 1602 1938 conatus.

129 1961 240 1999 Unde
268 1960 490 2013 cumprimis
517 1968 557 1999 et
584 1961 650 2012 qui
678 1960 829 1998 animus
859 1966 898 1998 et
924 1966 1070 2010 quanta
1097 1960 1181 2011 ejus
1211 1959 1315 2010 apud
1342 1960 1467 1998 socios
1488 1960 1602 1999 fuerit

124 2023 332 2061 auctoritas
361 2022 611 2073 perspicitur:
640 2022 892 2072 navigaturus
923 2021 1025 2059 enim
1053 2033 1143 2059 cum
1171 2027 1248 2059 tam
1279 2021 1414 2071 paucis
1444 2021 1493 2059 ad
1521 2029 1600 2061 tam

124 2083 319 2135 ingentem
332 2085 539 2132 civitatem,
551 2085 724 2136 quamvis
738 2082 989 2122 acerbissima
1000 2096 1166 2134 quaeque
1181 2083 1219 2121 in
1233 2090 1442 2135 conspectu
1456 2092 1601 2132 essent,

125 2152 252 2185 tamen
280 2159 408 2198 neque
435 2147 516 2198 ipse
541 2147 683 2198 abjecit
709 2146 878 2184 animum
905 2159 1032 2197 neque
1057 2145 1363 2184 commilitonum
1393 2147 1601 2198 quisquam

125 2209 383 2259 periculorum
405 2209 632 2248 societatem
652 2208 893 2254 detrectavit,
912 2209 980 2247 sed
994 2216 1032 2247 et
1047 2208 1098 2246 illi
1115 2215 1301 2260 tanquam
1319 2208 1437 2246 deum
1458 2209 1600 2248 ducem

127 2272 250 2309 secuti
271 2283 409 2309 omnes
432 2271 467 2308 in
489 2271 567 2309 fide
587 2277 826 2318 manserunt,
846 2277 888 2309 et
906 2271 1003 2323 ipse,
1023 2270 1130 2321 quasi
1154 2276 1222 2308 aut
1246 2271 1453 2310 firmiorem
1481 2283 1599 2322 quam

125 2332 329 2372 adversarii
349 2333 508 2371 haberet
522 2333 735 2371 exercitum
751 2340 820 2371 aut
831 2333 1049 2371 futurorum
1065 2339 1169 2370 esset
1182 2332 1383 2383 praescius,
1399 2332 1453 2371 sic
1470 2333 1599 2371 animo

126 2394 287 2433 affectus
307 2395 391 2432 fuit.

183 2458 246 2494 12.
279 2457 320 2494 ld
343 2456 446 2508 qnod
466 2469 526 2495 res
551 2457 636 2508 ipsa
661 2456 854 2495 ostendit:
887 2469 975 2494 nam
997 2469 1115 2507 quum
1136 2456 1173 2494 in
1195 2456 1359 2495 insulam
1380 2469 1400 2493 e
1422 2455 1509 2494 navi
1529 2455 1598 2495 de-

125 2518 353 2564 scendisset,
373 2531 449 2556 non
475 2518 680 2557 castellum
707 2518 861 2570 aliquod
891 2518 1042 2556 firmum
1069 2517 1342 2570 occupandum
1372 2518 1535 2563 censuit,
1555 2526 1600 2555 ut

125 2592 283 2631 corpore
305 2593 375 2618 suo
396 2580 432 2618 in
453 2587 538 2618 tuto
557 2580 749 2619 collocato
769 2581 1082 2632 circumspiceret
1100 2593 1148 2618 an
1171 2579 1289 2630 aliqui
1309 2578 1448 2617 civium
1468 2578 1598 2630 opitu-

126 2640 237 2679 laturi
257 2650 412 2686 essent3
443 2643 512 2681 sed
533 2655 623 2681 mox
642 2642 778 2681 eadem
799 2649 926 2689 nocte,
942 2648 985 2680 ut
1002 2650 1085 2680 erat
1099 2648 1272 2694 paratuS,
1294 2653 1411 2692 parva
1429 2640 1596 2692 quadam

127 2704 222 2740 muri
241 2710 352 2754 porta
369 2701 557 2756 perfracta
569 2705 756 2755 sociisque
770 2717 837 2756 per
851 2717 933 2743 eam
949 2705 1181 2742 introductis
1197 2704 1382 2755 impetum
1397 2703 1435 2741 in
1450 2703 1595 2754 regiam

127 2763 229 2802 fecit.
286 2765 492 2804 Tumultus
513 2772 639 2804 antem
661 2767 726 2817 qui
746 2766 968 2818 hujusmodi
990 2766 1227 2817 temporibus
1243 2765 1419 2804 incidunt
1431 2773 1469 2804 et
1485 2773 1599 2803 caete·

128 2837 252 2862 rorum
275 2826 567 2876 trepidationem
589 2834 628 2865 et
647 2828 939 2866 exhortationes
968 2827 1068 2865 illius
1095 2827 1225 2865 multis
1248 2827 1388 2866 referre
1409 2840 1594 2878 quorsum

129 2885 288 2924 attinet?
319 2887 448 2930 Quum
468 2901 555 2927 vero
576 2889 727 2940 tyranni
748 2889 905 2941 quidem
932 2888 1117 2927 satellites
1139 2888 1172 2926 ei
1195 2888 1431 2934 resisterent,
1453 2887 1592 2938 reliqui

128 2954 255 2986 autem
282 2947 385 2987 cives
413 2958 648 3001 spectatores
679 2959 811 2989 essent
831 2973 879 2979 —
902 2963 991 2989 narn
1019 2950 1175 2989 alterius
1205 2950 1406 3002 imperium
1437 2950 1599 2989 alterius.

848 3028 870 3051 R
