1870 3277
594 213 1078 252 PANATHENAICUS.
1495 215 1570 252 157

108 316 251 355 cundia
280 323 319 354 et
347 316 494 368 impetu
522 323 561 355 et
586 316 726 354 invidia
752 323 791 354 et
814 316 1020 354 ambitione
1047 316 1194 367 plenOS‚
1218 322 1346 354 tamen
1373 330 1440 355 eos
1466 318 1570 369 ipsos

108 378 242 416 decem
263 391 385 416 annos
406 378 594 416 continuit
612 391 689 416 non
709 377 978 428 magnitudine
997 376 1276 428 stipendiorum
1303 391 1429 428 neque
1453 391 1572 431 pecu-

107 439 256 476 niarum
286 440 517 491 sumptibus,
545 453 631 491 quae
662 452 766 477 nunc
792 439 1046 477 conciliandae
1072 438 1361 489 retinendaeque
1388 441 1572 491 potentiae

107 500 202 537 ratio
224 509 295 546 est,
315 502 381 540 sed
403 509 484 539 tum
505 515 550 539 ea
571 514 610 538 re
630 500 735 551 quod
756 507 793 538 et
814 501 1022 552 prudentia
1046 501 1196 539 caeteris
1224 501 1339 551 longe
1361 503 1573 552 praestabat

108 567 146 598 et
171 570 427 601 commeatum
458 577 507 602 ex
537 562 666 601 hostili
695 575 788 613 agro
815 563 998 601 militibus
1026 561 1275 614 suppeditare
1302 568 1467 612 poterat,
1489 570 1573 601 tum

107 636 197 661 vero
217 626 322 675 quod
343 625 504 663 aliorum
525 624 638 663 saluti
658 625 798 662 rectius
818 637 935 675 quam
957 624 1019 662 alii
1046 625 1117 662 sibi
1143 623 1216 675 ipsi
1236 623 1437 661 consulere
1457 631 1572 675 puta-

107 685 234 724 batur.
290 686 458 724 Proinde
484 686 584 732 finis,
609 699 723 737 quem
749 686 808 724 his
834 687 948 723 rebus
975 685 1170 737 imposuit,
1197 685 1257 723 vel
1287 685 1323 722 in
1346 685 1478 736 primis
1504 685 1574 723 ad-

109 746 310 785 miratione
335 747 478 799 dignus
506 755 588 786 est:
619 761 693 786 nec
719 747 820 786 enim
848 747 1054 785 indecorus
1082 759 1208 797 neque
1230 759 1252 784 a
1270 759 1385 798 supra
1405 759 1576 785 comme-

109 808 264 846 moratis
281 808 490 847 abhorrens
505 810 536 847 is
551 809 646 853 fuit;
677 822 766 847 nam
782 809 898 847 verbo
913 808 1070 859 quidem
1087 816 1222 846 contra
1240 821 1358 846 unam
1378 807 1575 846 civitatem

107 868 212 906 bello
225 869 409 919 gerendo,
424 883 557 908 revera
571 878 700 909 autem
713 884 791 908 non
807 877 958 908 tantum
973 875 1109 907 contra
1124 882 1260 906 omnes
1276 882 1343 907 eos
1360 868 1426 920 qui
1442 869 1576 907 Asiam

109 929 285 968 incolunt
312 931 379 969 sed
409 940 546 970 contra
564 933 707 970 multas
729 932 844 970 etiarn
865 931 959 969 alias
979 937 1114 981 gentes
1133 931 1318 968 barbaras
1340 930 1575 976 dimicando,

110 992 226 1029 nullis
247 993 429 1043 periculis
449 993 684 1045 defatigatus
700 1000 773 1040 est,
789 1005 866 1030 non
885 992 985 1043 prius
1001 991 1191 1038 discessit,
1209 1005 1326 1042 quam
1346 992 1427 1043 ejus
1442 993 1576 1031 urbem

113 1054 177 1103 qui
206 1054 427 1105 delinquere
451 1068 570 1093 ausus
596 1056 724 1093 fuerat
747 1054 957 1093 excidisset
976 1061 1014 1092 et
1034 1053 1216 1091 ferociam
1237 1053 1472 1105 injuriasque
1491 1055 1579 1092 bar-

112 1115 291 1153 barorum
313 1117 557 1156 coercuisset.

168 1179 231 1215 31.
265 1178 401 1228 Neque
430 1191 521 1217 vero
552 1178 688 1230 ignoro
717 1191 833 1230 quam
865 1177 989 1216 multa
1021 1177 1071 1216 de
1101 1177 1407 1229 Agememnonis
1439 1177 1579 1216 virtute

115 1237 287 1285 dixerim,
309 1253 434 1290 neque
461 1240 552 1277 illud
584 1241 698 1278 etiam
725 1254 786 1278 me
811 1240 993 1292 praeterit,
1014 1239 1045 1277 si
1072 1239 1138 1289 qui
1166 1239 1363 1290 sigillatim
1384 1252 1430 1277 ea
1449 1239 1579 1277 consi·

115 1299 248 1338 derent
269 1301 453 1350 quidnam
475 1309 578 1340 esset
597 1303 906 1353 improbandum,
926 1301 991 1351 qui
1012 1301 1215 1339 detrahere
1234 1301 1442 1351 quicquam
1464 1302 1582 1339 aude-

115 1367 186 1408 ret,
207 1362 290 1400 fore
318 1363 523 1408 neminem,
546 1364 629 1409 sed,
648 1363 679 1401 si
706 1363 840 1402 ordine
860 1363 989 1401 omnia
1006 1362 1201 1413 legantur,
1222 1376 1353 1400 ornnes
1374 1363 1581 1415 reprehen-

114 1436 222 1461 suros
245 1431 288 1462 ut
305 1424 427 1463 multo
448 1425 652 1476 prolixiora
671 1438 787 1477 quam
807 1425 1033 1477 oportuerit.

170 1487 233 1523 32.
264 1486 348 1537 Ego
372 1500 476 1533 ver0,
500 1487 689 1538 siquidem
718 1487 958 1538 ignorassern
988 1500 1048 1525 me
1077 1486 1234 1525 modum
1264 1486 1469 1534 excedere,
1497 1501 1583 1526 eru-

114 1547 284 1585 buissem
305 1561 376 1594 me,
397 1549 461 1600 qui
481 1548 528 1587 de
551 1549 666 1587 rebus
694 1561 791 1600 quas
818 1561 932 1586 nemo
960 1547 1057 1586 alius
1086 1547 1217 1586 conari
1247 1548 1391 1586 audeat
1418 1549 1583 1588 scribere

117 1608 188 1646 sim
209 1622 430 1660 aggressus,
450 1623 572 1660 usque
591 1610 690 1648 adeo
706 1623 790 1648 esse
804 1609 1026 1661 stupidum:
1057 1623 1161 1648 nunc
1181 1609 1323 1648 certius
1342 1610 1450 1655 scivi,
1467 1624 1583 1662 quarn

117 1669 177 1707 isti
197 1671 261 1719 qui
283 1683 343 1708 me
368 1670 646 1721 reprehendere
673 1671 831 1717 audent,
851 1670 936 1708 haec
963 1671 1001 1708 in
1028 1670 1236 1708 multorum
1263 1684 1347 1709 esse
1377 1673 1586 1723 reprehen-

119 1732 264 1769 sionem
291 1732 515 1771 incursura:
547 1732 615 1770 sed
640 1732 795 1783 gravius
815 1732 897 1770 fore
916 1733 1064 1779 censui,
1086 1733 1118 1770 si
1139 1732 1187 1771 de
1207 1733 1273 1770 tali
1292 1733 1372 1771 viro
1393 1734 1586 1773 disserens

119 1793 269 1844 aliquas
290 1794 372 1846 ejus
393 1795 529 1833 laudes
548 1809 644 1846 quas
662 1795 736 1833 mei
754 1795 870 1834 officii
884 1802 988 1834 esset
1002 1808 1193 1847 exponere
1208 1796 1454 1847 praeterirem,
1470 1810 1586 1848 quam

121 1855 152 1892 si
179 1855 217 1892 in
247 1855 320 1894 hac
349 1864 458 1906 parte
488 1856 682 1907 aliquibus
713 1857 895 1908 temporis
923 1863 963 1895 et
991 1857 1093 1894 modi
1122 1857 1308 1895 rationem
1338 1871 1415 1896 non
1445 1858 1588 1897 habere

120 1917 281 1956 viderer.
339 1920 468 1969 Atque
488 1919 602 1956 etiam
623 1919 726 1969 apud
748 1918 987 1957 humanitate
1006 1918 1255 1970 politissimos
1272 1919 1467 1958 auditores
1484 1920 1589 1960 laudi

122 1979 214 2016 mihi
235 1979 313 2017 fore
333 1979 480 2026 censui,
496 1980 526 2017 si
548 1980 596 2018 de
616 1980 755 2018 virtute
776 1981 895 2019 verba
914 1981 1062 2018 faciens
1084 1980 1208 2031 magis
1228 1980 1266 2017 in
1287 1994 1333 2018 eo
1352 1981 1589 2022 elaborarem

124 2047 167 2078 ut
191 2054 261 2091 pro
284 2040 473 2090 dignitate
494 2041 596 2079 illius
614 2041 780 2079 dicerem
800 2055 916 2092 quam
938 2055 986 2080 ne
1007 2054 1133 2080 essem
1155 2055 1268 2093 aequo
1290 2042 1497 2093 prolixior3
1529 2045 1591 2083 id-

122 2115 197 2153 que
227 2115 345 2153 quum
375 2103 469 2140 satis
498 2102 649 2149 scirem,
675 2110 757 2140 tum
786 2103 1010 2153 neglectum
1047 2102 1230 2140 orationis
1268 2103 1427 2142 modum
1464 2118 1589 2144 meam

123 2163 285 2215 gloriam
316 2165 618 2210 imminuturum,
644 2171 727 2201 tum
751 2164 923 2216 prudens
950 2164 998 2202 de
1025 2164 1119 2215 ipsis
1146 2165 1261 2202 rebus
1287 2165 1488 2203 consilium
1507 2167 1591 2206 istis

124 2238 224 2277 quos
244 2226 443 2264 laudarem
464 2226 734 2277 profuturum:
765 2232 892 2263 tamen
915 2225 1079 2263 utilitate
1107 2226 1287 2276 neglecta.
1307 2227 1498 2277 justitiam
1522 2229 1592 2268 de-

125 2288 216 2339 legi.
275 2288 411 2338 Neque
432 2300 522 2325 vero
542 2288 665 2325 solum
686 2287 725 2325 in
745 2287 803 2325 his
824 2300 911 2338 quae
933 2300 1035 2325 nunc
1055 2287 1160 2326 dicta
1179 2294 1271 2325 sunt
1289 2301 1350 2326 me
1369 2289 1444 2328 hoc
1464 2291 1592 2330 animo

126 2350 245 2388 fuisse
267 2349 480 2401 apparebit,
494 2349 563 2387 sed
579 2361 736 2399 prorsus
751 2348 790 2386 in
807 2348 1010 2393 omnibus;
1039 2356 1174 2387 notum
1195 2348 1296 2387 enim
1316 2356 1376 2387 est
1395 2363 1454 2388 me
1477 2351 1591 2389 etiam

126 2412 224 2450 inter
250 2411 461 2462 discipulos
489 2423 594 2448 meos
622 2411 666 2448 iis
693 2409 883 2448 hactenus
909 2410 1035 2462 magis
1061 2411 1295 2449 delectatum
1316 2423 1400 2449 esse
1420 2412 1485 2461 qui
1504 2412 1593 2450 vitae

127 2473 318 2525 probitate
345 2479 386 2510 et
413 2473 526 2510 rebus
556 2471 733 2523 gerendis
760 2472 1023 2511 excelluerunt
1048 2485 1163 2523 quam
1184 2473 1247 2523 qui
1271 2473 1492 2522 eloquentia
1512 2473 1593 2513 cla-

129 2541 304 2575 ruerunt.
361 2535 566 2572 Enimvero
589 2535 819 2580 orationum,
840 2534 988 2572 etiamsi
1012 2533 1105 2571 nihil
1134 2534 1172 2570 in
1198 2533 1270 2570 illis
1290 2533 1445 2572 omnino
1465 2547 1595 2574 meum

129 2607 247 2644 esset,
267 2611 401 2636 omnes
422 2611 482 2636 me
501 2604 697 2636 auctorem
725 2597 922 2641 dicerent;
954 2604 1055 2635 recte
1083 2596 1271 2634 factorum
1293 2602 1420 2634 autem
1441 2599 1595 2637 tametsi

131 2674 264 2699 omnes
284 2673 344 2698 me
365 2660 483 2698 fuisse
500 2672 694 2698 suasorem
713 2659 870 2704 scirent,
886 2672 999 2697 nemo
1019 2665 1150 2696 tamen
1172 2663 1229 2695 est
1248 2657 1339 2707 quin
1360 2671 1449 2696 eum
1468 2660 1594 2712 ipsum

130 2723 195 2773 qui
216 2736 275 2761 res
296 2722 522 2773 perfecisset
540 2722 668 2773 potius
688 2721 926 2759 laudandum
947 2720 1120 2758 duceret,

188 2785 252 2821 33.
281 2783 424 2821 Verum
444 2783 575 2821 nescio
595 2795 672 2834 quo
691 2783 879 2834 abripior:
910 2795 1026 2832 quum
1049 2781 1150 2818 enim
1170 2780 1218 2818 ad
1240 2794 1356 2833 supra
1375 2782 1480 2822 dicta
1499 2785 1595 2836 adji-

136 2844 274 2882 cienda
287 2857 371 2882 esse
386 2857 432 2883 ea
448 2857 535 2895 quae
552 2850 700 2882 restant
718 2845 934 2889 arbitrarer,
950 2842 1170 2893 longissime
1187 2842 1234 2879 ab
1255 2842 1431 2883 instituto
1447 2845 1596 2896 digres-

137 2917 202 2943 sus
234 2916 331 2942 sum.
388 2904 495 2942 Nihil
525 2904 639 2956 igitur
670 2904 773 2942 aliud
806 2910 937 2949 restat,
965 2902 1036 2940 nisi
1066 2910 1108 2940 ut
1137 2902 1257 2953 petita
1283 2905 1474 2943 senectuti
1499 2919 1595 2944 meae

139 2965 340 3005 oblivionis
368 2973 406 3004 et
432 2966 678 3017 loquacitatis
704 2966 826 3012 venia,
853 2977 940 3016 quae
966 2964 1057 3003 vitia
1089 2971 1258 3004 nostram
1291 2973 1447 3006 aetatem
1479 2968 1597 3006 comi·
