1870 3277
270 181 347 217 406
933 174 1047 237 lSAEl

269 279 370 330 quod
390 291 433 316 ea
455 279 610 328 exsequi
631 278 678 316 ad
700 278 771 315 hoc
793 276 865 314 diei
886 283 952 314 aut
968 289 1042 314 non
1060 276 1294 327 potuerimus
1316 283 1381 314 aut
1400 276 1548 326 insuper
1567 275 1709 312 habue‘

269 341 448 378 rimus—
467 353 544 377 non
565 340 664 377 enim
692 339 763 376 hoc
790 338 825 374 in
851 351 1005 376 censum
1037 338 1152 383 venit,
1173 351 1284 388 quam
1316 338 1379 374 diu
1401 351 1534 388 passus
1553 337 1602 375 sis
1623 337 1711 387 jura

271 408 339 439 tua
357 401 663 451 interquiescere,
684 400 751 438 scd
771 400 844 437 hoc
865 400 1000 450 agitur,
1019 412 1168 449 aequum
1191 413 1237 436 ne
1259 399 1305 437 sit
1320 399 1357 436 id
1371 399 1475 449 quod
1491 407 1531 436 tu
1544 399 1710 449 postules

272 475 487 500 necne—t
517 475 647 499 verum
679 461 779 498 enim
808 473 909 504 vero,
941 474 988 498 ne
1018 461 1131 511 hujus
1165 461 1318 511 quidem
1345 460 1565 498 cessationis
1596 473 1714 497 causa

274 524 384 562 nobis
403 523 524 570 deest,
546 524 611 561 sed
633 524 816 560 habemus
836 522 1001 573 allegare
1017 522 1206 560 idoneam.
1265 522 1378 560 Pater
1398 535 1533 573 nempe
1550 535 1654 558 meus
1669 533 1715 558 ea

274 585 361 636 lege
377 585 448 623 sibi
467 584 694 636 desponderi
714 592 869 622 matrem
884 597 1007 622 meam
1022 597 1158 634 passus
1179 584 1314 629 fuerat,
1334 591 1375 622 ut
1395 590 1598 621 contentus
1614 590 1716 620 esset

277 646 365 684 dote
393 646 444 683 illi
471 646 662 691 addenda,
693 646 813 696 ipsam
837 645 1087 683 hereditatem
1114 659 1160 683 ne
1185 652 1350 696 peteret;
1382 645 1446 682 sed
1468 644 1567 682 illam
1594 645 1715 694 ipsam

275 707 405 746 dotem
424 707 530 745 nullo
558 715 672 759 pacto
701 714 850 758 poterat
877 707 924 744 ab
944 706 1017 744 illis
1047 707 1232 757 redigere,
1263 706 1325 758 qui
1354 705 1575 744 hereditatis
1603 704 1716 756 hujus

277 769 533 807 emolumenta
551 769 836 821 percipiebant:
866 770 1036 819 quamvis
1055 769 1154 806 enim
1176 775 1296 806 mater
1317 782 1403 806 eum
1425 768 1564 819 saepius
1583 767 1715 804 stimu-

276 831 372 869 laret
390 838 430 869 ut
450 832 497 870 ab
517 831 562 869 iis
577 831 778 881 repetitum
800 830 880 876 iret,
902 830 940 867 hi
957 838 1099 874 tamen,
1120 830 1268 880 quoties
1289 838 1394 881 pater
1413 830 1525 880 hujus
1541 829 1591 866 rci
1613 841 1716 866 men-

277 893 417 930 tionem
435 892 482 930 ad
501 906 542 930 se
562 893 716 937 faceret,
737 893 976 929 minabantur
990 904 1029 928 se
1046 903 1198 928 uxorem
1221 891 1340 942 ipsius
1354 899 1394 928 ut
1408 891 1518 928 filiam
1539 890 1717 928 heredem

278 954 416 1004 injure
445 954 513 991 sibi
543 966 625 990 esse
654 952 924 1003 postulaturOS,
953 953 983 990 si
1011 952 1131 990 nollet
1158 965 1240 989 eam
1273 953 1342 989 sub
1376 952 1592 989 conditione
1621 951 1720 988 dotis

277 1015 432 1053 habere.
488 1015 601 1053 Pater
616 1015 758 1065 itaque,
775 1026 821 1051 ne
842 1021 960 1051 matre
980 1014 1199 1064 privaretur,
1220 1013 1307 1050 sivit
1325 1026 1391 1050 eos
1406 1014 1590 1050 bonorum
1608 1025 1717 1049 usum

277 1076 441 1113 fructum
461 1076 667 1127 percipere,
687 1075 801 1113 etiam
818 1075 848 1112 si
869 1074 986 1126 duplo
1006 1074 1187 1126 ampliora
1206 1074 1380 1112 fuissent.
1435 1075 1549 1111 Hanc
1568 1073 1616 1111 ob
1633 1085 1722 1110 cau-

280 1151 361 1176 sam
380 1147 486 1188 pater
504 1145 581 1175 tam
599 1137 661 1175 diu
683 1136 846 1175 cessavit
859 1136 986 1174 uxoris
999 1137 1086 1187 jura
1101 1136 1136 1173 in
1150 1137 1232 1174 foro
1247 1137 1421 1187 prosequi
1438 1149 1446 1171 :
1476 1133 1718 1186 postmodum

280 1199 484 1238 intervenit
496 1200 638 1237 bellum
653 1198 953 1244 Corinthiacum,
965 1199 1002 1236 in
1020 1212 1096 1249 quo
1110 1205 1258 1249 egoque
1277 1205 1460 1249 paterque
1480 1197 1721 1234 militavimus

281 1262 499 1300 necessario
514 1274 523 1304 ;
553 1274 630 1312 quo
648 1261 792 1298 sactum
807 1267 864 1298 est
876 1268 919 1297 ut
936 1260 1081 1310 utrique
1101 1269 1272 1298 nostrum
1285 1273 1418 1311 poenas
1433 1258 1550 1297 abhis
1570 1258 1722 1295 meritas

281 1331 450 1374 repetere
480 1330 659 1374 negatum
688 1330 804 1361 esset.
861 1322 962 1362 Pace
991 1330 1118 1359 autem
1149 1321 1322 1360 restituta
1351 1322 1424 1359 hoc
1443 1320 1533 1358 mihi
1566 1319 1725 1369 contigit

281 1386 542 1430 infortunium,
574 1392 616 1422 ut
634 1384 789 1421 aerarius
819 1384 944 1421 fierem
971 1383 1216 1434 reiptiblicae3
1246 1389 1475 1434 quapropter
1491 1394 1575 1418 cum
1602 1380 1660 1418 his
1686 1381 1721 1416 in

278 1448 364 1498 jure
393 1459 506 1497 agere
531 1459 607 1484 non
627 1445 778 1483 licebat.
836 1444 1049 1482 Habuimus
1068 1446 1208 1494 itaque,
1228 1450 1271 1480 ut
1291 1457 1393 1481 nunc
1413 1442 1563 1488 videtis,
1583 1454 1721 1479 causas

284 1516 427 1546 nostrae
440 1506 876 1557 cessationislegitimas.
908 1505 1020 1543 Nunc
1041 1512 1167 1543 autem
1183 1504 1337 1542 tandem
1357 1503 1721 1554 aliquandojustum

284 1576 323 1607 et
338 1577 593 1620 opportunum
608 1575 666 1605 est
685 1568 785 1605 hunc
801 1566 1092 1617 [Xenaenetum]
1108 1566 1247 1610 dicere,
1262 1566 1437 1615 quisnam
1454 1565 1486 1602 ei
1501 1563 1600 1601 hanc
1616 1563 1723 1600 here-

286 1632 441 1670 ditatem
461 1631 608 1680 legarit,
628 1637 667 1667 et
684 1642 844 1680 quarum
864 1628 992 1678 legum
1018 1641 1064 1664 ex
1084 1627 1309 1665 auctoritate
1335 1627 1369 1663 in
1390 1626 1592 1676 collegium
1613 1624 1726 1675 phra-

285 1701 410 1732 torum
438 1691 681 1744 [Aristarchi]
700 1690 879 1727 inductus
899 1690 961 1736 sit,
981 1698 1019 1727 et
1044 1703 1111 1727 cur
1135 1695 1254 1726 mater
1279 1702 1363 1726 mea
1382 1701 1457 1726 non
1478 1688 1590 1725 fuerit
1608 1687 1686 1724 filia
1705 1699 1727 1724 a

286 1762 391 1806 patre
415 1767 499 1792 cum
521 1753 730 1791 hereditate
750 1751 893 1789 relicta.
952 1750 1047 1788 Haec
1065 1750 1164 1788 enim
1186 1757 1275 1787 sunt
1292 1749 1355 1787 illa
1375 1749 1502 1800 capita
1521 1749 1569 1786 de
1588 1748 1726 1799 quibus

287 1830 355 1855 vos
376 1823 535 1867 oportet,
557 1815 719 1867 judices,
747 1813 1004 1865 pronuntiare,
1025 1825 1099 1850 non
1121 1819 1290 1862 tempore
1316 1811 1470 1855 moveri,
1492 1810 1521 1847 si
1543 1811 1639 1847 forte
1657 1823 1727 1847 nos

288 1878 485 1929 aliquanto
506 1878 624 1915 serius
640 1877 726 1927 jura
744 1883 876 1913 nostra
894 1874 1147 1925 exsequimur.
1203 1874 1269 1911 Sin
1290 1879 1415 1910 autem
1436 1871 1484 1909 ad
1499 1871 1562 1910 illa
1580 1871 1651 1908 tria
1664 1883 1726 1908 ca-

286 1941 380 1992 pita,
400 1940 436 1977 in
458 1940 595 1990 quibus
615 1938 886 1976 controversiae
905 1936 1022 1974 cardo
1036 1935 1203 1981 vertitur,
1223 1934 1464 1986 respondere,
1484 1941 1533 1979 et,
1553 1946 1640 1983 quae
1660 1933 1726 1970 de-

288 2001 491 2040 monstrari
516 2000 682 2051 postulo,
709 2012 755 2037 ea
780 1998 1037 2036 demonstrata
1055 1998 1145 2034 dare
1175 2002 1380 2048 nequeant,
1403 1995 1488 2046 jure
1508 1995 1641 2032 merito
1662 2007 1728 2032 vos

287 2063 555 2114 pronuntietis,
569 2061 734 2112 judices,
749 2060 998 2098 hereditatem
1020 2067 1185 2097 nostram
1207 2071 1305 2096 esse.

345 2127 382 2163 8.
413 2125 536 2162 Probe
558 2133 683 2162 autem
704 2123 803 2168 novi,
824 2136 910 2173 quae
923 2122 1090 2173 postulo,
1107 2135 1152 2160 ea
1166 2127 1346 2172 praestare
1359 2127 1540 2170 negatum
1553 2119 1612 2156 his
1627 2132 1730 2161 esse;

288 2187 441 2225 difficile
461 2187 557 2223 enim
575 2194 634 2224 est
651 2186 778 2237 legum
799 2185 932 2223 edictis
948 2192 986 2222 et
1006 2197 1118 2235 aequo
1131 2184 1206 2232 juri
1225 2179 1436 2234 repugnare
1453 2195 1462 2220 ε
1491 2190 1530 2219 at
1548 2182 1664 2219 verba
1680 2181 1727 2218 de

293 2248 474 2286 defuncto
495 2247 732 2298 [Aristarcho
755 2245 921 2297 juniore]
945 2246 1097 2290 facient,
1120 2244 1288 2282 oratione
1307 2244 1355 2281 ad
1382 2242 1556 2281 ciendam
1575 2254 1731 2293 compo·

292 2311 366 2348 sita
385 2309 676 2354 miserationem,
697 2320 808 2356 quam
824 2308 931 2345 fortis
952 2307 1006 2344 vir
1025 2314 1064 2345 et
1083 2320 1197 2358 quam
1217 2307 1254 2344 in
1274 2305 1377 2344 bello
1396 2318 1485 2343 acer
1499 2310 1537 2342 et
1553 2306 1735 2341 strenuus*

293 2372 528 2416 occubuerit,
550 2378 588 2409 et
605 2384 721 2421 quam
749 2369 798 2406 sit
821 2381 973 2419 aequum
993 2370 1039 2407 ab
1069 2382 1114 2406 eo
1139 2382 1207 2420 per
1236 2374 1505 2406 testamentum
1526 2366 1732 2404 constituta

294 2442 377 2472 rata
396 2441 434 2471 et
452 2434 559 2471 firma
573 2445 670 2471 esse.
701 2431 784 2482 Ego
798 2430 1080 2481 ver0,judices,
1102 2437 1180 2468 tum
1201 2430 1364 2482 ipsemet
1381 2430 1440 2467 aio
1462 2434 1730 2466 testamentum

294 2509 380 2534 esse
400 2496 537 2533 debere
557 2501 679 2532 ratum
707 2500 745 2530 et
762 2492 926 2530 validum
948 2491 1055 2536 illud,
1077 2505 1152 2542 quo
1181 2492 1266 2542 quis
1286 2491 1334 2528 de
1365 2491 1473 2529 bonis
1495 2490 1572 2527 suis
1592 2488 1733 2526 consti-

296 2559 432 2601 tuerit;
465 2565 541 2595 tum
570 2568 697 2593 rursus
717 2568 816 2604 nego
837 2554 973 2598 debere
998 2553 1143 2591 illorum
1165 2553 1294 2591 haberi
1314 2553 1495 2590 rationem
1525 2558 1733 2588 testamen-

296 2630 435 2668 torum,
454 2621 590 2671 quibus
610 2619 733 2657 aliena
750 2620 851 2656 bona
869 2617 1034 2667 dilargiri
1054 2617 1117 2667 qui
1140 2617 1305 2654 scribant
1322 2622 1565 2666 praesumant.
1624 2613 1735 2664 Nego

297 2683 385 2721 huic
405 2689 719 2720 testamentorum
746 2679 876 2731 generi
902 2678 1058 2730 perinde
1086 2680 1161 2715 vim
1188 2677 1304 2714 ullam
1332 2683 1445 2727 atque
1473 2675 1734 2714 auctoritatem

300 2758 394 2790 esse,
413 2753 526 2795 atque
547 2750 607 2781 est
632 2742 740 2780 alteri
768 2741 820 2779 illi
838 2741 949 2793 priori
971 2739 1110 2791 generi.
1167 2739 1254 2776 Jam
1275 2737 1357 2775 haec
1381 2738 1574 2775 hereditas
1594 2737 1642 2774 de
1661 2747 1738 2786 qua

300 2820 401 2845 nunc
429 2807 565 2856 agitur,
585 2812 627 2843 ut
655 2818 756 2842 nunc
778 2811 897 2855 paret,
919 2815 993 2840 non
1021 2802 1168 2847 horum,
1194 2799 1262 2838 sed
1287 2807 1418 2837 nostra
1444 2807 1515 2837 est.
1573 2797 1687 2841 Quod
1708 2797 1738 2834 si

300 2881 392 2919 ergo
413 2867 460 2905 ad
481 2867 580 2904 hano
598 2867 780 2904 latebram
797 2864 1052 2903 excusationis
1066 2869 1260 2913 receptum
1274 2861 1449 2899 habuerit
1468 2857 1737 2911 [Xenaenetus]

293 2929 532 2978 *testiumque
554 2927 777 2966 auctoritate
797 2926 953 2977 planum
976 2925 1089 2963 faciat
1109 2923 1369 2962 Aristarchum
1395 2929 1662 2960 testamentum
1682 2932 1736 2956 re—
