1870 3277
728 531 1183 588 DINARCHI

496 672 832 722 CONTRA
895 672 1407 723 PHILOCLEM.

286 877 319 913 l.
351 876 469 921 Qum
490 890 557 929 per
576 879 669 917 deos
696 881 929 920 immortales
949 882 996 918 de
1022 881 1236 932 hujusmodi
1256 881 1408 918 homine
1437 881 1564 919 dicere
1582 894 1670 919 con-

227 938 343 984 venit,
359 939 419 976 vel
438 939 632 988 quomodo
652 941 688 977 in
712 941 993 992 improbitatem
1011 942 1117 979 istius
1137 941 1348 992 inquiritis?
1376 941 1440 991 qui
1461 954 1535 979 non
1554 943 1674 980 semel

226 999 293 1036 sed
322 999 431 1036 tertio
464 1001 662 1038 convictus
689 1002 736 1039 ab
769 1003 958 1054 Areopagi
992 1003 1260 1041 senatu—uti
1291 1003 1447 1040 novistis
1476 1014 1608 1041 omnes
1636 1011 1674 1040 et

226 1070 329 1097 nunc
361 1059 399 1097 in
431 1061 574 1111 populo
602 1062 844 1101 intellexistis
857 1086 923 1109 —,
957 1064 1214 1114 mentitusque
1251 1064 1514 1100 universorum
1554 1062 1674 1100 Athe-

225 1120 416 1158 niensium
432 1123 627 1173 totiusque
646 1124 890 1162 circumfusae
910 1125 1173 1170 multitudinis,
1189 1124 1445 1162 adversarium
1460 1124 1675 1174 Harpalum

225 1181 430 1231 quominus
457 1183 495 1220 in
525 1183 715 1222 Piraeeum
746 1186 907 1224 navibus
933 1186 1142 1236 appelleret
1162 1198 1203 1223 se
1228 1184 1504 1236 prohibiturum
1525 1198 1671 1223 asseve-

225 1255 329 1288 rans,
356 1242 518 1280 militum
550 1245 756 1295 praefectus
788 1246 825 1283 in
861 1246 1111 1298 Munychiam
1143 1246 1368 1296 navaliaque
1399 1258 1421 1283 a
1447 1247 1551 1284 vobis
1579 1246 1674 1284 desi-

224 1310 380 1354 gnatuS‚
398 1310 438 1342 et
455 1305 558 1344 dona
576 1313 711 1345 contra
729 1320 796 1345 vos
817 1320 950 1346 omnes
970 1315 1010 1346 et
1028 1308 1223 1359 regionem
1243 1314 1282 1345 et
1298 1320 1437 1345 uxores
1457 1307 1673 1358 liberosque

225 1364 399 1415 accipere
428 1369 688 1419 praesumpsit,
722 1370 991 1421 abjuratusque
1021 1370 1118 1408 inter
1150 1382 1319 1408 mensam
1349 1376 1388 1407 et
1415 1369 1535 1407 sedile
1569 1368 1675 1420 quod

216 1427 411 1477 juraverat
429 1429 715 1480 juramentum3
745 1432 1020 1483 decretumque
1051 1438 1185 1470 contra
1214 1433 1381 1483 seipsum
1413 1431 1675 1476 conscribens,

222 1496 262 1526 et
293 1497 416 1528 morte
446 1492 709 1531 condemnans
739 1494 769 1530 si
800 1494 880 1531 auri
908 1495 1101 1546 quippiam
1131 1495 1212 1545 ejus
1245 1493 1346 1545 quod
1371 1494 1408 1531 in
1439 1492 1673 1544 provinciam

225 1549 421 1602 Harpalus
443 1553 651 1591 advexerat
671 1554 914 1605 suscepisset,
931 1562 1100 1592 vestrum
1120 1556 1157 1593 in
1178 1562 1432 1606 conspectum
1452 1554 1673 1592 convictum

224 1623 307 1649 sese
328 1612 476 1663 illisque
496 1614 671 1652 omnibus
700 1615 905 1653 obnoxium
926 1615 1103 1654 effectum
1124 1616 1214 1654 dare
1235 1629 1311 1654 non
1335 1615 1534 1661 dubitavit,
1554 1627 1675 1665 seque

221 1671 348 1722 ipsum
376 1674 593 1721 ostendere,
614 1689 690 1713 non
708 1677 860 1725 justitia
877 1677 997 1715 fretus
1011 1678 1168 1728 —quid
1198 1678 1298 1714 enim
1317 1677 1371 1714 illi
1391 1689 1478 1715 cum
1496 1676 1673 1727 justitia?

224 1734 355 1772 —sed
374 1735 536 1774 audacia
555 1742 594 1774 et
621 1737 872 1788 impudentia,
894 1752 970 1789 qua
988 1739 1091 1789 prius
1111 1738 1264 1788 quidem
1293 1751 1385 1776 usus
1401 1738 1490 1789 jura
1508 1737 1672 1775 civitatis

224 1807 369 1846 vosque
396 1796 681 1847 parvipendens
702 1812 835 1837 aurum
855 1799 1029 1850 accipere
1049 1800 1229 1850 dignatus
1249 1806 1322 1846 est,
1335 1812 1434 1836 nunc
1453 1811 1543 1836 vero
1561 1799 1672 1849 quasi

223 1855 316 1893 nihil
341 1870 470 1895 eorum
495 1866 754 1909 perpetrasset
772 1873 840 1911 pro
863 1874 903 1898 se
930 1861 1101 1899 dicturus
1132 1860 1308 1898 advenit:
1339 1860 1434 1898 adeo
1458 1860 1670 1898 socordiam

223 1927 389 1957 vestram
421 1920 527 1957 nihili
561 1921 739 1960 aestimat.
796 1923 845 1960 Et
871 1923 1084 1960 communis
1115 1922 1268 1973 quidem
1296 1923 1400 1960 urbis
1430 1922 1505 1968 lex,
1527 1922 1559 1959 si
1589 1921 1672 1972 quis

225 1979 441 2018 adversario
461 1981 599 2019 civium
628 1983 822 2034 spondens
851 1984 994 2035 aliquid
1025 1983 1344 2035 transgrediatur,
1370 1996 1457 2021 eum
1476 1983 1671 2033 injustitiae

225 2042 434 2079 obnoxium
463 2056 547 2081 esse
573 2045 708 2094 jubet:
738 2045 798 2082 hic
831 2059 920 2084 vero
954 2059 1088 2084 omnes
1116 2045 1370 2083 Athenienses
1399 2045 1607 2095 decipiens,
1635 2052 1674 2083 et

224 2102 489 2140 auctoritatem
513 2104 706 2155 fidemque
737 2105 903 2156 prodens
937 2120 1051 2156 quam
1079 2106 1182 2158 apud
1202 2118 1269 2143 vos
1293 2105 1475 2156 indignus
1502 2105 1671 2156 collegit,

225 2163 354 2201 omnia
372 2163 536 2214 denique
555 2165 594 2202 in
614 2166 768 2204 civitate
788 2176 976 2214 evertens,
1005 2168 1069 2205 ille
1097 2168 1146 2206 ad
1166 2167 1428 2205 defensionem
1453 2180 1671 2218 proponen-

225 2224 315 2262 dam
335 2224 514 2263 adveniet
535 2226 583 2264 de
603 2229 817 2276 quaestione
845 2235 980 2266 contra
1001 2242 1088 2266 eum
1109 2227 1322 2266 adornata?
1368 2228 1452 2278 Ego
1469 2240 1572 2274 vero,
1590 2228 1671 2275 viri,

225 2299 358 2324 verum
385 2286 509 2325 dicere
538 2287 570 2325 si
597 2289 922 2328 conveniat—ut
945 2297 1048 2328 certe
1073 2289 1329 2337 convenit—‚
1355 2302 1430 2327 non
1450 2289 1674 2341 praejudicia
1733 2318 1736 2322 -

224 2347 466 2386 discutienda
494 2361 646 2395 censeo,
665 2356 842 2389 utrumne
861 2364 951 2390 vera
978 2352 1054 2389 sint
1074 2364 1122 2389 an
1148 2351 1248 2389 falsa
1267 2363 1355 2401 quae
1380 2357 1515 2389 contra
1542 2351 1673 2389 Philo-

225 2410 324 2448 clem
343 2409 469 2453 facta;
504 2410 572 2448 sed
591 2411 641 2448 de
673 2411 861 2463 supplicio
883 2412 918 2449 in
941 2413 1095 2451 decreto
1122 2412 1340 2463 conscripto
1369 2412 1583 2463 disceptare
1603 2424 1671 2450 vos

223 2476 387 2522 oportet,
409 2483 458 2508 an
477 2484 570 2510 auro
600 2472 785 2511 mulctare
806 2473 1010 2511 conveniat
1036 2474 1128 2512 talia
1154 2479 1233 2512 tam
1259 2473 1403 2524 injuste
1423 2479 1558 2511 contra
1582 2473 1670 2510 civi-

225 2538 341 2570 tatem
362 2539 662 2584 perpetrantem,
683 2533 743 2572 vel
764 2534 875 2572 morti
895 2534 1133 2581 addicentes,
1152 2536 1208 2572 uti
1226 2534 1290 2572 ille
1308 2534 1346 2571 in
1366 2534 1519 2572 decreto
1537 2540 1672 2571 contra

226 2605 268 2630 se
283 2594 422 2640 sanxit,
435 2594 661 2633 facultatem
682 2608 729 2633 ex
747 2595 890 2634 talibus
911 2595 1085 2634 sordibus
1106 2595 1306 2634 collectam
1322 2595 1416 2632 fisco
1431 2594 1626 2631 addicere.

281 2655 320 2691 2.
346 2655 458 2693 Anne
477 2668 579 2694 nunc
600 2656 763 2707 primum
784 2657 995 2708 improbum
1021 2656 1127 2694 illum
1155 2670 1223 2707 per
1240 2655 1344 2694 istud
1363 2668 1497 2693 aurum
1527 2655 1672 2693 factum

226 2726 312 2752 esse
333 2716 579 2763 arbitramini,
599 2717 661 2755 vel
681 2731 782 2756 nunc
809 2718 973 2769 primum
992 2723 1125 2756 contra
1144 2729 1212 2754 vos
1232 2728 1431 2754 munerum
1452 2716 1672 2766 largitiones

224 2775 452 2815 admisisse?
501 2778 589 2816 Non
617 2779 670 2817 ita
689 2787 758 2825 est,
781 2779 850 2817 sed
871 2779 957 2818 talis
981 2778 1125 2830 pridem
1147 2790 1232 2816 cum
1261 2784 1364 2814 esset
1390 2777 1546 2827 ignotus
1565 2777 1672 2814 vobis

222 2837 307 2885 fuit,
339 2846 377 2876 et
408 2839 509 2877 belle
542 2839 686 2890 egistis,
716 2841 807 2891 quia
835 2854 911 2878 non
940 2842 978 2878 in
1004 2839 1211 2890 majoribus
1243 2837 1510 2876 occasionibus
1537 2837 1674 2875 mentis

222 2899 341 2950 ipsius
372 2901 645 2952 turpitudinem
673 2903 911 2942 audiebatis:
956 2902 1097 2942 etenim
1118 2901 1286 2940 deterius
1312 2901 1465 2940 homine
1493 2900 1584 2938 nihil
1613 2908 1673 2939 est
