1870 3277
695 171 768 209 DE
797 170 954 209 PACE.
1483 165 1558 202 105

97 277 308 329 diligimus,
327 284 371 315 ut
390 277 506 315 etiam
524 276 555 315 si
576 276 703 314 liberis
723 274 864 313 nostris
880 273 955 310 vim
969 278 1035 310 aut
1049 271 1226 322 injuriam
1240 269 1415 315 fecerint,
1429 280 1563 319 poenas

93 353 160 378 eos
174 339 265 377 dare
278 338 493 381 nollemus;
512 338 593 389 jam
610 337 762 375 illorum
781 334 925 387 rapinis
948 340 988 372 et
1005 333 1203 371 violentiae
1228 340 1266 370 et
1285 331 1562 382 transgressio·

98 401 224 446 nibus,
240 400 393 438 tametsi
418 400 529 438 nobis
555 398 703 437 crimini
724 397 807 436 dari
828 396 952 435 soleat
967 395 1073 446 quod
1093 394 1146 432 illi
1168 393 1445 439 commiserint,
1465 393 1564 431 adeo

96 475 175 500 non
202 475 495 506 succensemus,
520 466 563 498 ut
587 459 764 497 laetemur
793 458 909 497 etiam
937 457 970 495 si
995 455 1086 507 quid
1113 468 1181 495 eos
1206 453 1395 506 ejusmodi
1425 466 1564 504 perpe·

96 532 216 562 trasse
248 523 497 562 audierimus.
557 522 601 559 In
630 534 715 559 eam
748 520 913 571 denique
945 518 1148 557 stultitiam
1178 515 1399 562 incidimus,
1419 521 1462 552 ut
1491 514 1563 565 ipsi

94 598 262 624 annonae
285 585 444 636 penuria
469 584 691 622 laborantes
718 582 969 634 peregrinum
998 580 1100 619 alere
1131 578 1288 616 militem
1321 576 1562 622 studeamus,

92 652 134 684 et
154 660 176 685 a
196 646 309 685 sociis
326 645 465 684 nostris
482 645 626 683 tributa
643 657 712 696 per
727 643 903 696 injuriam
920 649 1237 693 extorqueamus,
1250 652 1328 690 quo
1343 637 1564 676 mercedem

93 707 365 746 communibus
386 706 555 744 omnium
577 707 754 744 hostibus
775 717 1033 743 numeremus.
1092 703 1311 747 Postremo,
1327 706 1436 738 tanto
1456 699 1564 737 dete-

95 768 214 806 riores
244 781 378 805 sumus
408 767 619 819 majoribus
646 766 800 814 nostris,
821 779 898 805 non
932 764 1101 803 laudatis
1132 763 1207 800 illis
1241 768 1392 800 tantum
1419 760 1488 798 sed
1521 759 1564 798 iis

91 829 209 867 etiam
229 829 296 880 qui
315 830 353 866 in
375 828 465 867 odio
487 829 656 875 fuerunt,
677 837 721 867 ut
741 829 808 875 illi,
829 829 861 867 si
881 827 1022 880 quibus
1042 826 1181 864 inferre
1204 825 1349 863 bellum
1371 823 1566 863 decrevis-

96 900 195 939 sent,
214 893 389 943 quamvis
415 899 578 943 argento
599 899 637 930 et
657 905 752 931 auro
781 892 963 930 refertum
991 898 1094 928 esset
1119 888 1314 934 aerarium,
1333 894 1465 924 tamen
1487 884 1566 923 suis

92 954 320 1004 corporibus
349 954 600 1004 exsequenda
629 968 717 1005 quae
748 959 964 992 statuerant
993 956 1210 996 censerent,
1238 962 1308 988 nos
1337 947 1388 986 ad
1418 953 1568 985 tantam

92 1022 308 1066 egestatem
338 1016 498 1061 redacti,
518 1016 556 1053 in
578 1023 684 1054 tanta
710 1016 850 1054 civium
877 1014 1137 1059 multitudine,
1158 1011 1318 1063 perinde
1338 1017 1380 1048 ut
1398 1021 1566 1060 magnus

94 1090 161 1115 rex
183 1077 432 1115 conductitiis
462 1078 694 1116 exercitibus
720 1085 884 1116 utamur.
944 1076 1017 1122 Illi,
1040 1076 1168 1114 classe
1189 1075 1227 1111 in
1252 1085 1354 1110 mare
1382 1070 1567 1116 deducta,

94 1140 320 1190 peregrinos
342 1146 382 1177 et
399 1152 528 1184 servos
550 1140 712 1178 navibus
742 1139 904 1188 agendis
926 1138 1206 1186 prmfioiebant,
1224 1135 1328 1170 cives
1359 1132 1475 1169 armis
1505 1144 1567 1169 or-

95 1207 208 1238 natos
245 1200 473 1238 mittebant:
522 1213 594 1237 nos
629 1197 876 1237 conductitiis
916 1196 1101 1233 militibus
1137 1206 1292 1244 gravem
1331 1199 1566 1230 armaturam

95 1262 248 1307 damus,
278 1262 381 1300 cives
414 1260 602 1310 remigare
635 1260 838 1310 cogimus3
869 1256 974 1295 unde
1003 1257 1048 1293 fit
1075 1262 1118 1293 ut
1145 1255 1184 1292 in
1217 1254 1398 1292 hostilem
1432 1266 1569 1303 agrum

93 1323 254 1374 egressi,
271 1323 338 1372 qui
359 1322 430 1359 sibi
450 1320 652 1371 imperium
673 1320 711 1357 in
728 1319 892 1356 Graecos
911 1322 1094 1367 arrogant
1113 1315 1311 1353 nauticum
1332 1314 1568 1351 instrumen-

96 1392 176 1424 tum
208 1392 377 1436 gestent,
401 1383 453 1421 illi
482 1396 573 1421 vero
609 1382 752 1420 talibus
785 1380 947 1432 ingeniis
976 1378 1141 1431 praediti,
1167 1377 1298 1429 qualia
1329 1376 1447 1428 paulo
1478 1386 1568 1414 ante

75 1447 385 1498 descripsimus,
407 1445 543 1483 armati
565 1444 602 1482 in
622 1444 704 1482 acie
724 1450 939 1482 versentur.
970 1438 973 1442 ’

151 1509 213 1546 17.
243 1508 296 1546 At
312 1521 400 1546 vero
417 1507 520 1545 domi
541 1506 762 1558 respublica
782 1506 837 1543 sic
858 1503 1163 1547 administratur,
1181 1508 1223 1539 ut
1241 1502 1279 1539 in
1297 1513 1381 1539 eam
1401 1500 1567 1538 intuenti

96 1573 197 1609 bona
220 1584 306 1623 spes
333 1570 401 1609 fiat
421 1570 469 1607 de
489 1569 665 1608 caeteris?
696 1570 772 1607 imo
793 1568 890 1606 illud
916 1568 1042 1619 ipsum
1070 1574 1130 1604 est
1150 1565 1255 1616 quod
1279 1564 1448 1603 maxime
1468 1563 1570 1601 indi-

98 1634 239 1685 gneris.
297 1633 414 1679 Nam,
443 1646 560 1684 quum
594 1645 666 1671 nos
698 1632 901 1683 indigenas
931 1644 1018 1669 esse
1049 1636 1167 1680 atque
1191 1628 1293 1666 hanc
1319 1629 1454 1666 urbem
1481 1633 1569 1665 ante

96 1702 258 1733 caeteras
280 1708 367 1733 esse
384 1695 580 1733 conditam
597 1694 788 1739 dieamus,
805 1700 844 1732 et
862 1706 932 1731 nos
947 1691 1139 1730 universis
1156 1690 1376 1741 exemplum
1393 1689 1569 1740 praebere

97 1757 304 1796 conveniat
317 1758 429 1795 bonae
446 1757 711 1808 ordinataeque
733 1754 970 1806 reipublicae,
984 1760 1158 1791 nostram
1180 1751 1375 1790 civitatem
1397 1750 1566 1788 deterius

97 1827 136 1858 et
157 1820 416 1871 perturbatius
438 1818 753 1856 administramus
775 1817 818 1852 iis
835 1817 899 1865 qni
919 1815 1063 1866 oppida
1080 1814 1198 1851 modo
1218 1812 1412 1856 condunt3
1442 1812 1570 1862 splen-

98 1881 191 1919 dore
212 1894 325 1932 porro
344 1880 529 1918 natalium
551 1879 794 1929 superbimus
818 1883 857 1914 et
876 1876 959 1913 aliis
981 1874 1249 1926 generosiores
1272 1886 1357 1912 esse
1375 1873 1569 1919 volumus,

97 1942 168 1981 sed
192 1942 347 1980 facilius
375 1940 577 1992 quibusvis
605 1939 706 1976 hanc
732 1937 973 1976 nobilitatem
1001 1936 1242 1987 impertimus
1266 1947 1382 1985 quarn
1404 1934 1568 1972 Triballi

96 2011 165 2043 aut
179 2003 326 2042 Lucani
343 2016 451 2040 suam
472 2001 773 2053 ignobilitatem:
804 2000 909 2050 leges
931 1999 1115 2051 plurimas
1135 1998 1306 2043 ferimus,
1324 1997 1393 2035 sed
1409 1998 1569 2036 easdem

98 2066 153 2104 ita
171 2064 454 2104 contemnimus
474 2070 517 2100 ut
536 2075 655 2113 quum
681 2074 796 2113 poena
812 2061 946 2112 capitis
967 2062 1005 2098 in
1026 2073 1114 2098 eum
1135 2059 1285 2098 sancita
1304 2059 1469 2097 sit--ex
1489 2072 1568 2098 uno

98 2130 201 2168 enim
223 2129 337 2167 etiam
364 2135 505 2166 caetera
525 2125 881 2178 judicabitis—qui
906 2126 1074 2163 ambitus
1101 2125 1150 2162 sit
1175 2122 1391 2170 ecnvictus,
1414 2137 1481 2162 eos
1502 2124 1569 2175 qui

98 2191 338 2243 largitionem
365 2190 492 2241 palam
520 2189 668 2227 faciunt
695 2189 947 2239 imperatores
977 2187 1208 2238 deligamus,
1234 2192 1273 2224 et
1298 2199 1375 2237 quo
1402 2186 1567 2237 quisque

99 2253 229 2305 plures
263 2252 366 2291 cives
399 2250 624 2302 corruperit,
654 2263 700 2287 eo
731 2249 938 2300 majoribus
973 2248 1206 2300 praeficiatur
1235 2249 1348 2286 rebus
1383 2261 1405 2286 a
1436 2247 1566 2286 nobisz

100 2321 289 2366 praeterea
308 2326 427 2364 quum
449 2313 497 2350 de
516 2311 735 2362 reipublicae
756 2311 878 2349 forma
896 2323 972 2348 non
989 2311 1116 2348 minus
1138 2310 1290 2348 solliciti
1312 2309 1431 2347 simus
1451 2322 1568 2360 quam

100 2375 150 2413 de
181 2375 305 2413 salute
335 2374 451 2413 totius
478 2374 659 2419 civitatis,
681 2386 751 2411 nec
781 2373 1004 2424 ignoremus
1031 2372 1257 2425 popularem
1291 2377 1435 2408 statum
1463 2378 1568 2409 tran-

99 2437 229 2488 quillis
257 2443 296 2474 et
320 2437 468 2488 pacatis
495 2436 611 2473 rebus
638 2448 811 2473 crescere
842 2442 881 2473 et
906 2434 1139 2481 confirmari,
1159 2434 1271 2472 bellis
1291 2445 1381 2471 vero
1400 2433 1481 2483 jam
1508 2432 1567 2470 bis

103 2499 299 2537 sublatum
327 2510 426 2544 esse,
445 2497 551 2548 pacis
580 2496 771 2534 studiosos
797 2496 907 2548 quasi
928 2497 992 2547 qui
1019 2496 1149 2534 omnia
1170 2495 1218 2534 ad
1239 2506 1448 2546 paucorum
1469 2493 1569 2532 arbi-

104 2562 214 2600 trium
242 2574 423 2599 revocare
455 2566 642 2600 conentur
671 2560 838 2605 odimus,
871 2561 936 2610 qui
963 2566 1091 2598 autem
1123 2558 1226 2596 bella
1257 2555 1469 2601 concitant,
1494 2556 1567 2595 hos

104 2623 259 2662 demum
278 2631 316 2662 et
337 2621 540 2675 populares
560 2630 599 2660 et
618 2622 830 2660 benevolos
851 2635 937 2660 esse
958 2628 1163 2672 putamus:
1193 2617 1368 2670 quamvis
1386 2619 1569 2670 eloquen-

103 2685 239 2723 tissimi
265 2692 305 2723 et
332 2698 457 2723 rerum
486 2684 743 2735 gerendarum
772 2683 1007 2735 peritissimi,
1029 2696 1075 2721 ea
1103 2681 1320 2720 temeritate
1354 2693 1503 2726 sumus,
1524 2688 1569 2718 ut

102 2747 238 2785 eodem
260 2746 321 2785 die
342 2746 390 2784 de
417 2747 530 2784 rebus
561 2746 694 2783 iisdem
722 2758 802 2783 non
830 2745 966 2782 eadem
993 2743 1220 2788 sentiamus,
1243 2742 1311 2781 sed
1336 2755 1425 2794 quae
1453 2742 1570 2781 domo

104 2807 250 2858 egressi
270 2807 565 2854 damnabamus,
581 2807 647 2845 illa
662 2807 746 2858 ipsa
765 2807 804 2844 in
824 2806 1011 2845 concione
1031 2805 1222 2856 suffragiis
1238 2804 1379 2842 nostris
1396 2816 1572 2856 compro·

105 2870 255 2915 bemus,
274 2875 312 2907 et
333 2870 449 2920 paulo
473 2875 563 2921 post
588 2869 743 2908 domum
774 2868 937 2919 regressi
958 2880 1046 2918 quae
1066 2866 1128 2905 hic
1147 2866 1305 2905 decreta
1332 2872 1423 2904 sunt
1442 2865 1571 2904 denuo

103 2931 351 2970 cavillemur:
382 2944 500 2981 quum
521 2944 591 2970 nos
610 2930 837 2969 Graecorum
860 2929 1167 2981 sapientissimos
1195 2942 1279 2968 esse
1306 2928 1570 2979 profiteamur,

823 3004 844 3027 ε»
