1870 3277
592 199 665 237 DE
696 194 1172 236 PERMUTATIONE.
1535 191 1619 229 229

146 307 275 339 autem
307 299 484 339 honestis
515 308 555 340 et
580 301 749 340 cordatis
775 299 863 338 viris
891 298 1014 349 perdi,
1040 296 1233 348 siquando
1261 294 1617 347 deprehendantur.

148 363 278 407 Quare
309 363 370 401 isti
396 363 606 416 prudenter
635 363 795 408 faciunt,
827 373 916 399 cum
943 372 1078 398 omnes
1108 359 1179 397 has
1207 357 1360 396 abolere
1389 356 1621 409 disprlinas

145 423 336 469 nituntur,
354 424 391 462 in
406 425 547 475 quibus
563 437 662 476 quos
677 423 854 461 meliores
868 421 1031 460 effectos
1042 420 1222 465 viderint,
1234 418 1465 457 inimiciores
1477 424 1620 470 putant

147 485 298 523 futuros
327 486 404 524 suis
423 486 524 525 vitiis
551 493 592 524 et
624 483 912 537 sycophantiis3
942 495 1010 521 vos
1040 489 1169 520 autem
1196 481 1310 519 decet
1337 479 1533 519 contraria
1558 479 1619 517 his

146 546 286 593 facere,
309 553 425 598 atque
452 560 498 585 ea
521 554 657 598 putare
685 545 943 598 pulcherrima
969 544 1099 583 studia
1118 543 1258 595 quibus
1278 542 1350 580 hos
1375 540 1619 593 potissimum

148 608 345 647 adversari
365 609 517 647 videtis.

203 670 293 708 262*
322 672 387 709 23.
418 670 496 708 Sed
527 670 666 708 iterum
692 667 858 708 absurda
886 679 1028 721 passus
1059 679 1171 705 sum:
1221 664 1348 704 dicam
1383 663 1500 709 enim,
1532 661 1624 701 licet:

149 732 328 769 nonnulli
356 744 417 769 me
444 731 557 770 valde
583 732 869 770 inconstantem
897 728 1129 782 appellaturi
1164 727 1253 766 sint.
1310 725 1449 764 Paullo
1479 724 1625 776 quippe

150 801 239 833 ante
264 794 414 833 aiebam
443 794 584 832 multos
612 794 736 833 bonos
758 802 797 832 et
824 792 1011 831 honestos
1033 791 1134 830 viros
1161 789 1270 829 falsis
1302 788 1350 827 de
1380 786 1626 839 philosophia

148 855 319 894 imbutos
337 855 592 907 opinionibus
616 856 654 893 in
682 868 765 893 eam
788 868 873 893 esse
892 859 1166 906 exasperatos:
1197 863 1303 889 nunc
1324 857 1455 888 autem
1474 849 1529 887 ita
1548 847 1626 886 evi-

148 915 286 955 dentes
307 923 423 968 atque
444 917 622 955 omnibus
643 922 871 968 perspectos
893 928 1091 954 sermones
1113 926 1219 952 meos
1241 912 1449 951 arbitratus
1469 923 1568 957 sum,
1582 916 1628 947 ut

148 990 264 1017 nemo
284 977 376 1016 mihi
391 978 569 1017 videatur
587 979 664 1017 vim
679 979 781 1017 illius
798 979 993 1029 ignorare,
1011 977 1072 1016 vel
1087 978 1125 1015 in
1144 989 1205 1014 me
1220 974 1331 1027 quasi
1346 972 1627 1024 discipulorum

150 1045 416 1090 corruptorem
446 1040 676 1078 sententiam
704 1040 819 1088 ferre,
840 1038 901 1076 vel
932 1037 1155 1090 hujusmodi
1184 1035 1329 1086 aliquid
1359 1034 1440 1085 pati
1473 1033 1521 1071 de
1551 1045 1628 1084 quo

151 1100 284 1151 paullo
305 1106 399 1138 ante
411 1112 499 1138 cum
521 1099 596 1137 illis
617 1099 938 1150 expostulabam;
969 1099 1039 1137 sed
1057 1099 1088 1136 si
1103 1110 1193 1136 vere
1206 1095 1418 1134 dicendum
1434 1101 1494 1133 est
1513 1101 1629 1145 atque

152 1161 193 1199 id
221 1161 327 1212 quod
346 1161 465 1199 menti
485 1173 581 1198 meae
600 1160 779 1206 occurrit,
801 1171 876 1210 ego
895 1160 1071 1198 existimo
1089 1170 1157 1196 eos
1175 1157 1240 1208 qui
1262 1155 1352 1194 mihi
1373 1156 1629 1194 adversantur

154 1223 311 1260 omnino
339 1229 378 1261 et
399 1222 598 1274 sapientiae
626 1228 663 1260 et
683 1221 916 1272 eloquentiae
937 1219 1099 1271 cupidos
1127 1231 1229 1264 esse,
1256 1217 1326 1255 sed
1344 1218 1450 1269 ipsos
1471 1217 1629 1268 quidem

153 1284 225 1322 has
255 1291 357 1322 artes
389 1285 601 1336 negligere,
630 1283 726 1322 alios
754 1296 824 1334 per
853 1282 1087 1327 socordiam,
1110 1281 1207 1319 alios
1232 1279 1325 1330 quia
1354 1279 1434 1317 suis
1465 1279 1630 1330 ingeniis

155 1344 348 1391 diffidant,
365 1345 461 1383 alios
482 1346 567 1384 aliis
588 1344 637 1383 de
657 1345 946 1395 causis—quae
964 1344 1176 1381 innumerae
1197 1354 1282 1381 esse
1299 1347 1541 1392 possunt—‚
1554 1340 1631 1379 illis

155 1414 285 1445 autem
315 1407 382 1458 qui
406 1407 656 1445 vehementer
685 1419 732 1444 ea
760 1406 896 1444 colunt
924 1412 1041 1456 atque
1071 1403 1232 1456 adipisci
1264 1402 1436 1449 student,
1464 1415 1630 1453 quorum

153 1468 228 1520 ipsi
247 1468 439 1507 desiderio
459 1476 653 1515 tenentur,
673 1467 875 1513 subirasci,
899 1466 1088 1513 invidere,
1108 1465 1244 1504 animis
1272 1464 1477 1503 concitatis
1499 1464 1537 1502 in
1565 1477 1631 1503 eos

155 1533 254 1577 esse,
270 1537 309 1569 et
322 1530 459 1569 similia
472 1531 684 1570 amantium
698 1530 797 1581 pati:
819 1542 907 1567 nam
923 1542 1012 1580 quae
1024 1527 1239 1567 criminatio
1252 1527 1327 1566 hac
1340 1525 1636 1566 convenientior

157 1592 199 1630 in*
225 1606 292 1631 eos
314 1592 480 1631 conferri
505 1591 662 1645 potest?
693 1605 716 1630 a
734 1591 875 1643 quibus
898 1592 1002 1629 beati
1027 1591 1184 1642 quidem
1202 1589 1464 1642 praedicantur
1482 1600 1528 1626 ac
1548 1588 1633 1626 lau-

159 1654 302 1692 dantur
322 1654 345 1692 ii
374 1655 440 1705 qui
468 1661 573 1693 recte
595 1655 650 1693 uti
671 1666 847 1692 sermone
874 1659 1053 1705 possunt,
1073 1652 1322 1704 increpantur
1342 1657 1471 1689 autem
1501 1648 1634 1688 adole-

110 1720 113 1724 ’
158 1723 315 1755 scentes
335 1717 400 1768 qui
420 1717 494 1755 hoc
513 1717 660 1755 honore
680 1716 791 1768 potiri
815 1715 988 1754 student.
1046 1715 1104 1753 Ac
1128 1727 1242 1753 nemo
1263 1712 1421 1765 quidem
1446 1718 1506 1750 est
1525 1711 1591 1762 qui
1611 1724 1635 1750 a

159 1779 233 1817 diis
253 1792 333 1817 non
351 1785 502 1831 peteret
519 1792 560 1817 se
589 1780 628 1817 in
648 1777 778 1830 primis
798 1790 886 1816 esse
913 1777 1186 1828 eloquentem;
1219 1777 1278 1814 sin
1299 1775 1427 1813 minus
1456 1786 1512 1821 se,
1531 1780 1636 1812 certe

158 1840 301 1879 liberos
318 1854 364 1879 ac
379 1840 588 1879 familiares
605 1853 724 1880 suos:
756 1852 824 1878 eos
846 1845 975 1877 autern
994 1839 1061 1890 qui
1081 1839 1211 1877 labore
1232 1844 1271 1876 et
1288 1837 1484 1875 literarum
1505 1834 1636 1873 studio

160 1902 234 1941 hoc
250 1902 402 1941 efficere
421 1902 593 1940 nituntur
607 1902 712 1953 quod
731 1902 802 1953 ipsi
821 1915 843 1939 a
859 1901 930 1940 diis
951 1900 1137 1951 consequi
1155 1899 1312 1945 vellent,
1334 1898 1428 1936 nihil
1449 1906 1637 1949 opportu-

161 1977 257 2002 num
273 1964 401 2003 facere
421 1965 544 2010 aiunt,
568 1964 638 2002 sed
657 1964 850 2002 interdum
870 1963 1026 2015 quidem
1041 1970 1085 2001 ut
1104 1962 1291 2013 deceptos
1305 1968 1343 1999 et
1362 1962 1501 1999 illusos
1522 1961 1641 1999 simu-

160 2026 246 2064 lant
264 2025 421 2064 irridere
443 2039 521 2072 eos,
536 2038 657 2077 quum
677 2026 792 2064 iidem
808 2031 937 2064 autem
954 2025 1224 2063 adolescentes
1236 2024 1460 2062 facultatem
1483 2023 1639 2061 dicendi

162 2088 266 2126 nacti
286 2087 440 2133 fuerint,
464 2088 573 2126 aliter
592 2088 641 2125 de
671 2088 714 2126 iis
735 2088 961 2138 loquuntur,
981 2095 1169 2137 tanquam
1200 2085 1273 2137 ipsi
1293 2084 1472 2123 videlicet
1499 2084 1639 2136 injuste

164 2149 202 2187 in
222 2150 351 2188 causis
371 2149 581 2200 praevalere
609 2149 774 2201 possint.
832 2148 885 2186 Et
909 2147 1151 2186 consultores
1172 2147 1319 2197 utique,
1342 2159 1461 2196 quum
1481 2144 1638 2196 aliquod

163 2211 376 2263 periculum
392 2211 525 2248 urbem
545 2210 785 2262 corripuerit,
798 2210 870 2248 hos
891 2209 1090 2254 adhibent,
1108 2207 1175 2258 qui
1189 2208 1332 2259 optime
1349 2207 1395 2245 de
1409 2220 1449 2245 re
1467 2207 1640 2258 gerenda

164 2273 294 2311 dicere
313 2272 455 2318 valent,
476 2273 701 2323 faciuntque
722 2272 761 2310 id
783 2272 889 2322 quod
910 2271 973 2309 isti
994 2270 1214 2312 suaserint;
1244 2282 1310 2308 eos
1331 2282 1443 2320 porro
1459 2269 1523 2319 qui
1543 2268 1642 2306 dant

166 2347 323 2386 operam
345 2342 388 2372 ut
407 2334 478 2372 hos
499 2335 612 2372 utiles
630 2334 770 2372 talibus
787 2333 1027 2384 temporibus
1048 2332 1132 2369 urbi
1152 2331 1372 2376 exhibeant,
1395 2336 1530 2381 putant
1550 2341 1638 2367 esse

167 2397 461 2448 vituperandos.
519 2396 571 2434 Et
590 2395 789 2434 Thebanis
813 2394 970 2446 quidem
991 2393 1219 2444 caeterisque
1249 2391 1427 2430 hostibus
1448 2390 1639 2428 inscitiam

166 2459 413 2510 exprobrant,
431 2470 498 2495 eos
518 2464 647 2495 autem
662 2458 728 2508 qui
747 2457 836 2496 totis
851 2457 994 2495 viribus
1014 2456 1188 2493 nituntur
1209 2454 1382 2491 morbum
1398 2452 1640 2490 hunc-vitare

168 2519 384 2559 maledictis
405 2520 617 2557 incessunt.
675 2520 805 2570 Atque
825 2519 898 2557 hoc
922 2531 1001 2556 non
1031 2515 1331 2569 perturbationis
1353 2520 1502 2551 tantum
1523 2527 1640 2565 argu-

169 2591 342 2622 mentum
362 2589 435 2629 θεῖ,
456 2595 586 2620 verum
607 2583 719 2620 etiarn
736 2589 986 2634 contemptus
1008 2581 1189 2618 deorum:
1221 2591 1309 2616 narn
1332 2577 1500 2615 Suadam
1522 2591 1638 2615 unam

169 2659 217 2685 ex
246 2644 392 2684 deabus
424 2657 510 2682 esse
541 2645 765 2682 existimant
793 2644 1005 2695 videntque
1036 2644 1171 2679 urbem
1208 2639 1369 2689 singulis
1404 2639 1514 2676 annis
1547 2639 1638 2679 huic

173 2721 324 2746 sacrum
346 2708 500 2751 facere;
532 2707 616 2745 illos
638 2716 767 2746 autem
788 2708 852 2758 qui
875 2708 958 2758 ejus
982 2705 1175 2743 facultatis
1196 2716 1310 2754 quam
1333 2702 1406 2740 dea
1425 2703 1542 2742 habet
1561 2704 1640 2742 fieri

173 2769 373 2821 participes
401 2769 549 2816 volunt,
579 2777 763 2819 tanquam
792 2782 921 2820 pravae
946 2768 1107 2815 alicujus
1140 2765 1192 2803 rei
1222 2764 1417 2803 studiosos
1447 2766 1639 2817 corrumpi

173 2831 365 2869 dictitant.
421 2831 601 2869 Omnium
624 2839 750 2868 autem
772 2830 1040 2881 gravissimum
1062 2835 1135 2873 est,
1162 2826 1267 2877 quod
1296 2827 1462 2864 animam
1481 2827 1637 2878 quidem

173 2892 396 2931 nobiliorem
431 2906 592 2944 corpore
625 2894 705 2931 sine
739 2892 856 2931 dubio
884 2891 1078 2942 judicant,
1111 2896 1150 2926 ct
1182 2897 1309 2931 tamen
1342 2889 1393 2927 itu
1429 2889 1639 2927 sentientes

175 2954 461 3006 amplectuntur
477 2956 603 3007 potius
621 2954 873 3006 gymnasticae
890 2966 1005 3004 quam
1022 2951 1275 3004 philosophiae
1293 2952 1501 2991 studiosos.
1549 2952 1637 2990 Jam
