1870 3277
825 558 920 612 VI.

446 698 838 746 IASONIS
895 697 1296 745 LIBERIS.

204 893 237 929 l.
268 891 590 931 Rnnun‘rmvrr
610 891 701 931 mihi
722 890 950 930 nostratium
975 889 1189 940 legatorum
1209 888 1364 939 quidam
1387 900 1428 926 se
1450 901 1472 926 a
1491 891 1598 927 vobis

145 959 369 992 sevocatum
395 963 441 992 ac
464 953 622 992 seorsim
649 966 673 992 a
694 952 844 992 caeteris
872 952 1147 1002 interrogatum
1177 962 1276 996 esse,
1303 963 1350 987 an
1376 950 1599 1001 persuaderi

144 1015 235 1052 mihi
264 1016 389 1068 possit
418 1023 462 1055 ut
491 1028 650 1068 peregre
679 1016 876 1068 profectus
907 1021 1036 1053 vestra
1067 1013 1325 1052 familiaritate
1355 1020 1453 1051 utar.
1510 1013 1599 1064 Ego

143 1089 234 1116 vero
249 1085 405 1129 propter
422 1078 571 1116 Iasonis
586 1085 627 1116 et
642 1075 834 1128 Polyalcis
855 1076 1062 1127 hospitium
1078 1076 1243 1113 libenter
1261 1075 1310 1113 ad
1324 1088 1393 1113 vos
1409 1075 1597 1118 venirem:

144 1150 233 1176 eum
260 1139 359 1177 enim
385 1152 636 1191 congressum
664 1151 779 1191 posse
806 1131 915 1176 nobis
942 1138 1118 1175 omnibus
1137 1136 1319 1188 prodesse
1339 1135 1499 1188 opinor:
1531 1135 1597 1174 secl

146 1201 265 1239 multa
282 1214 342 1239 me
360 1201 590 1253 impediunt,
610 1208 726 1252 atque
750 1200 847 1237 illud
876 1200 913 1237 in
939 1198 1070 1250 primis
1095 1197 1202 1248 quod
1223 1204 1262 1236 et
1280 1197 1424 1236 itineris
1449 1197 1600 1236 labores

145 1262 243 1300 ferre
271 1274 423 1313 nequeo
451 1269 490 1300 et
518 1269 597 1300 tam
626 1260 761 1312 grandi
793 1267 906 1298 aetate
939 1271 1097 1310 peregre
1126 1258 1253 1296 vivere
1281 1257 1503 1296 indecorum
1529 1265 1600 1304 est,

143 1321 284 1361 deinde
298 1323 405 1373 quod
424 1335 555 1361 omnes
576 1323 709 1360 audita
729 1334 775 1360 ea
792 1320 1100 1372 peregrinatione
1114 1320 1202 1371 jure
1219 1332 1279 1357 me
1295 1326 1599 1365 contemnerent,

142 1383 225 1434 qui,
237 1384 381 1434 reliquo
395 1385 484 1421 vitae
504 1396 600 1421 rneae
620 1390 792 1434 tempore
810 1383 928 1420 otium
950 1381 1159 1432 amplexus,
1178 1381 1214 1417 in
1232 1386 1430 1418 senectute
1445 1380 1599 1418 demum

145 1445 379 1497 peregrinari
398 1445 651 1490 instituerem,
670 1456 786 1495 quum
808 1443 973 1488 deceret,
995 1442 1143 1481 etiamsi
1162 1442 1266 1493 prius
1291 1441 1382 1479 alibi
1401 1441 1599 1487 vixissem,

144 1520 246 1546 nunc
265 1507 423 1546 domum
442 1507 637 1553 festinare,
657 1513 861 1558 postquam
882 1506 929 1543 ab
948 1505 1052 1543 obitu
1077 1511 1156 1542 tam
1181 1516 1300 1555 prope
1326 1504 1475 1541 absum.
1534 1504 1599 1542 Ad

146 1569 243 1615 haec,
262 1581 354 1607 vera
373 1569 472 1607 enim
494 1568 659 1607 dicenda
685 1575 788 1614 sunt,
810 1568 922 1605 etiam
950 1566 1144 1604 civitatem
1172 1578 1295 1603 meam
1319 1565 1506 1603 formido:
1537 1566 1600 1616 qui

142 1630 256 1669 initas
278 1643 365 1669 cum
385 1643 430 1668 ea
447 1631 648 1669 societates
667 1629 839 1667 celeriter
859 1628 983 1666 solere
1009 1626 1133 1664 dirimi
1153 1626 1316 1664 videam.
1376 1626 1492 1669 Quod
1512 1627 1542 1664 si
1563 1633 1602 1665 et

146 1692 282 1730 vestris
301 1692 340 1729 in
360 1692 473 1730 rebus
494 1691 570 1729 tale
591 1691 737 1741 aliquid
755 1690 974 1735 accidisset,
994 1687 1188 1738 quomodo
1209 1694 1247 1725 et
1265 1687 1425 1725 crimina
1446 1694 1484 1725 et
1502 1689 1601 1739 peri-

144 1753 235 1791 cula
250 1753 417 1804 effugere
431 1766 600 1804 possem,
616 1752 654 1790 id
675 1751 778 1803 quod
799 1750 954 1789 difficile
971 1749 1178 1788 admodum
1194 1755 1266 1794 est,
1281 1755 1318 1786 et
1333 1748 1502 1786 dedecus
1522 1761 1598 1786 non

147 1814 402 1861 admitterem,
423 1815 501 1853 sive
520 1814 636 1866 aliqui
663 1820 843 1865 putarent
861 1825 927 1851 vos
947 1824 969 1850 a
988 1825 1049 1849 me
1075 1818 1230 1862 propter
1256 1823 1380 1849 meam
1407 1812 1598 1849 civitatem

146 1877 304 1929 negligi,
322 1877 401 1915 sive
421 1885 576 1928 propter
595 1889 663 1914 vos
679 1875 811 1927 patriae
828 1874 1016 1913 rationem
1032 1886 1109 1911 non
1128 1872 1286 1910 haberi?
1330 1872 1456 1916 Quum
1473 1882 1598 1910 autem

148 1951 222 1977 non
242 1939 455 1977 communis
475 1938 524 1976 sit
543 1938 699 1983 utilitas,
718 1936 913 1988 quomodo
939 1935 1112 1985 utrisque
1134 1933 1336 1985 gratificari
1363 1947 1501 1984 queam
1522 1947 1600 1972 non

147 2001 352 2052 perspicio.
410 2001 550 2039 Causae
570 2000 696 2051 igitur,
717 2005 870 2051 propter
897 2010 991 2049 quas
1017 2009 1064 2035 ea
1090 2010 1178 2048 quae
1196 1995 1334 2034 vellem
1362 1996 1452 2034 mihi
1472 1996 1600 2035 facere

147 2075 223 2100 non
242 2062 346 2109 licet,
362 2069 441 2101 tam
460 2061 591 2100 multae
610 2061 839 2099 inciderunt.

201 2127 239 2161 2.
272 2125 410 2175 Neque
426 2131 554 2162 tamen
575 2123 714 2161 decere
734 2120 909 2161 existimo
928 2127 972 2158 ut
991 2120 1038 2158 de
1053 2119 1149 2158 meis
1169 2119 1359 2157 duntaxat
1376 2120 1490 2158 rebus
1508 2120 1600 2157 scri-

146 2188 242 2225 bens
275 2200 336 2225 res
363 2193 509 2224 vestras
542 2185 761 2237 negligam;
796 2183 865 2222 sed
897 2196 985 2234 quae
1018 2182 1132 2221 isthic
1161 2194 1292 2220 coram
1322 2181 1600 2229 disseruissem,

147 2248 230 2286 haec
249 2248 384 2286 eadem
403 2261 505 2285 nunc
524 2249 578 2286 ita
595 2254 638 2284 ut
658 2253 789 2297 potero
810 2245 1002 2296 explicare
1027 2244 1208 2295 conabor.
1266 2243 1402 2295 Neque
1422 2257 1510 2282 vero
1530 2259 1598 2296 pu-

147 2312 236 2349 tetis
253 2311 356 2349 hanc
375 2310 576 2362 epistolam
595 2308 865 2348 ostentationis
886 2320 909 2345 a
926 2320 987 2345 me
1011 2320 1132 2346 causa
1149 2306 1276 2358 potius
1301 2306 1481 2357 scriptam
1502 2320 1600 2351 esse,

149 2384 266 2423 quam
291 2371 448 2422 hospitii
469 2370 596 2408 vestri.
653 2369 744 2407 Non
773 2369 873 2406 enim
904 2369 958 2406 ita
984 2367 1137 2407 insanio
1164 2374 1208 2405 ut
1237 2367 1420 2418 ignorem,
1440 2380 1501 2404 me
1528 2367 1599 2405 hac

147 2433 286 2471 affecta
303 2439 418 2470 aetate
437 2431 593 2470 meliora
614 2431 672 2469 his
692 2444 778 2483 quae
799 2430 903 2481 prius
928 2430 1033 2467 edita
1059 2436 1151 2468 sunt
1173 2429 1338 2467 scribere
1357 2441 1598 2479 nequaquam

148 2507 286 2546 posse;
316 2494 372 2532 sin
387 2493 577 2532 deteriora
592 2492 802 2544 protulero,
817 2492 898 2529 fore
913 2499 957 2528 ut
973 2491 1096 2542 gloria
1110 2503 1198 2528 mea
1212 2502 1287 2527 non
1304 2502 1433 2540 parum
1451 2490 1525 2527 min
1533 2503 1596 2527 ua-

149 2563 221 2594 tur.
279 2554 444 2601 Deinde,
464 2554 494 2593 si
519 2553 764 2593 ostentationi
791 2552 932 2604 ingenii
961 2551 1101 2590 servire
1127 2550 1249 2602 magis
1273 2563 1387 2600 quam
1415 2551 1511 2589 serio
1533 2565 1597 2589 vo-

149 2618 298 2655 biscum
325 2628 440 2668 agere
467 2617 676 2659 studerem,
703 2629 778 2653 non
807 2615 882 2653 hoc
909 2619 1174 2665 argumentum
1207 2626 1254 2650 ex
1283 2612 1460 2650 omnibus
1491 2612 1596 2651 dele-

149 2679 302 2729 gissem,
315 2678 364 2716 de
385 2691 462 2729 quo
481 2678 586 2716 haud
606 2677 757 2716 difficile
775 2685 834 2715 est
853 2684 939 2728 apte
957 2675 1142 2713 disserere
1160 2686 1168 2711 τ
1200 2674 1267 2711 sed
1288 2673 1361 2711 alia
1382 2673 1493 2725 longe
1512 2675 1595 2726 pul-

148 2740 270 2778 criora
287 2746 326 2777 et
345 2740 520 2778 uberiora
537 2740 774 2790 reperissem.
833 2738 909 2776 Sed
930 2748 1058 2787 neque
1076 2736 1263 2773 hactenus
1280 2748 1449 2786 unquam
1470 2736 1517 2773 de
1540 2736 1596 2774 his

103 2820 106 2823 ·
150 2801 239 2838 mihi
265 2800 404 2850 placui,
424 2801 491 2838 sed
513 2802 563 2838 ob
581 2800 656 2838 alia
680 2801 807 2851 potius
828 2812 913 2850 quae
931 2798 1102 2849 plerique
1122 2797 1316 2844 ignorant,
1340 2810 1464 2847 neque
1493 2811 1594 2836 nunc

151 2876 196 2899 eo
212 2861 337 2898 animo
357 2861 521 2899 laborem
543 2862 648 2900 hunc
667 2863 774 2913 cepi:
805 2873 922 2912 quum
945 2866 1072 2896 autem
1093 2872 1161 2896 vos
1182 2858 1311 2896 multis
1331 2859 1458 2896 arduis
1480 2873 1593 2909 nego-

150 2925 209 2961 tiis
225 2922 439 2975 implicatos
458 2936 540 2961 esse
557 2923 717 2968 videam,
735 2936 820 2974 qum
837 2935 921 2960 mea
941 2921 986 2959 sit
1004 2920 1051 2958 (lc
1073 2919 1145 2958 illis
1162 2920 1347 2958 sententia
1368 2920 1593 2959 declarabo}
