<?xml version="1.0" encoding="UTF-8"?>
<!DOCTYPE html PUBLIC "-//W3C//DTD XHTML 1.0 Transitional//EN"
    "http://www.w3.org/TR/xhtml1/DTD/xhtml1-transitional.dtd">
<html xmlns="http://www.w3.org/1999/xhtml" xml:lang="en" lang="en">
 <head>
  <title>
</title>
<meta http-equiv="Content-Type" content="text/html;charset=utf-8" />
  <meta name='ocr-system' content='tesseract 3.04.00' />
  <meta name='ocr-capabilities' content='ocr_page ocr_carea ocr_par ocr_line ocrx_word'/>
</head>
<body>
  <div class='ocr_page' id='page_1' title='image "./oratoresatticie14dobs_0160.png"; bbox 0 0 1870 3277; ppageno 0'>
   <div class='ocr_carea' id='block_1_1' title="bbox 253 177 1131 217">
    <p class='ocr_par' dir='ltr' id='par_1_1' title="bbox 253 177 1131 217">
     <span class='ocr_line' id='line_1_1' title="bbox 253 177 1131 217; baseline 0.005 -4"><span class='ocrx_word' id='word_1_1' title='bbox 253 177 325 214; x_wconf 85' lang='lat'>148</span> <span class='ocrx_word' id='word_1_2' title='bbox 833 178 1131 217; x_wconf 84' lang='lat' dir='ltr'>ISOCRATIS</span> 
     </span>
    </p>
   </div>
   <div class='ocr_carea' id='block_1_2' title="bbox 242 279 1728 2991">
    <p class='ocr_par' dir='ltr' id='par_1_2' title="bbox 251 279 1728 953">
     <span class='ocr_line' id='line_1_2' title="bbox 254 279 1724 333; baseline 0.001 -16"><span class='ocrx_word' id='word_1_3' title='bbox 254 280 422 318; x_wconf 85' lang='lat' dir='ltr'>convitia</span> <span class='ocrx_word' id='word_1_4' title='bbox 443 279 573 319; x_wconf 86' lang='lat' dir='ltr'>dicere</span> <span class='ocrx_word' id='word_1_5' title='bbox 594 287 662 319; x_wconf 89' lang='lat' dir='ltr'>aut</span> <span class='ocrx_word' id='word_1_6' title='bbox 681 280 796 320; x_wconf 86' lang='lat' dir='ltr'>sociis</span> <span class='ocrx_word' id='word_1_7' title='bbox 815 294 898 320; x_wconf 89' lang='lat' dir='ltr'>esse</span> <span class='ocrx_word' id='word_1_8' title='bbox 920 282 1107 320; x_wconf 90' lang='lat' dir='ltr'>molestos</span> <span class='ocrx_word' id='word_1_9' title='bbox 1129 288 1197 320; x_wconf 90' lang='lat' dir='ltr'>aut</span> <span class='ocrx_word' id='word_1_10' title='bbox 1217 281 1298 320; x_wconf 87' lang='lat' dir='ltr'>sine</span> <span class='ocrx_word' id='word_1_11' title='bbox 1320 282 1539 321; x_wconf 85' lang='lat' dir='ltr'>discrimine</span> <span class='ocrx_word' id='word_1_12' title='bbox 1564 281 1724 333; x_wconf 88' lang='lat' dir='ltr'>quosvis</span> 
     </span>
     <span class='ocr_line' id='line_1_3' title="bbox 251 340 1725 395; baseline 0.001 -17"><span class='ocrx_word' id='word_1_13' title='bbox 251 340 491 387; x_wconf 88' lang='lat' dir='ltr'>calumniari,</span> <span class='ocrx_word' id='word_1_14' title='bbox 526 355 585 380; x_wconf 92' lang='lat' dir='ltr'>me</span> <span class='ocrx_word' id='word_1_15' title='bbox 618 356 709 381; x_wconf 91' lang='lat' dir='ltr'>vero</span> <span class='ocrx_word' id='word_1_16' title='bbox 744 356 874 381; x_wconf 91' lang='lat' dir='ltr'>earum</span> <span class='ocrx_word' id='word_1_17' title='bbox 909 345 1127 382; x_wconf 90' lang='lat' dir='ltr'>orationum</span> <span class='ocrx_word' id='word_1_18' title='bbox 1161 343 1375 395; x_wconf 87' lang='lat' dir='ltr'>principem</span> <span class='ocrx_word' id='word_1_19' title='bbox 1408 344 1600 382; x_wconf 82' lang='lat' dir='ltr'>exstitisse</span> <span class='ocrx_word' id='word_1_20' title='bbox 1636 355 1725 394; x_wconf 88' lang='lat' dir='ltr'>quae</span> 
     </span>
     <span class='ocr_line' id='line_1_4' title="bbox 253 402 1726 457; baseline 0 -16"><span class='ocrx_word' id='word_1_21' title='bbox 253 402 422 441; x_wconf 83' lang='lat' dir='ltr'>Graecos</span> <span class='ocrx_word' id='word_1_22' title='bbox 442 410 524 442; x_wconf 89' lang='lat' dir='ltr'>turn</span> <span class='ocrx_word' id='word_1_23' title='bbox 544 404 592 442; x_wconf 90' lang='lat' dir='ltr'>ad</span> <span class='ocrx_word' id='word_1_24' title='bbox 612 404 862 443; x_wconf 87' lang='lat' dir='ltr'>concordiam</span> <span class='ocrx_word' id='word_1_25' title='bbox 883 405 981 443; x_wconf 90' lang='lat' dir='ltr'>inter</span> <span class='ocrx_word' id='word_1_26' title='bbox 1001 406 1108 457; x_wconf 87' lang='lat' dir='ltr'>ipsos</span> <span class='ocrx_word' id='word_1_27' title='bbox 1125 413 1205 444; x_wconf 88' lang='lat' dir='ltr'>tum</span> <span class='ocrx_word' id='word_1_28' title='bbox 1223 405 1272 443; x_wconf 90' lang='lat' dir='ltr'>ad</span> <span class='ocrx_word' id='word_1_29' title='bbox 1288 405 1572 456; x_wconf 82' lang='lat' dir='ltr'>expeditionem</span> <span class='ocrx_word' id='word_1_30' title='bbox 1589 413 1726 443; x_wconf 89' lang='lat' dir='ltr'>contra</span> 
     </span>
     <span class='ocr_line' id='line_1_5' title="bbox 252 464 1728 517; baseline 0.002 -15"><span class='ocrx_word' id='word_1_31' title='bbox 252 464 439 504; x_wconf 89' lang='lat' dir='ltr'>barbaros</span> <span class='ocrx_word' id='word_1_32' title='bbox 462 466 750 517; x_wconf 82' lang='lat' dir='ltr'>suscipiendam</span> <span class='ocrx_word' id='word_1_33' title='bbox 771 467 1039 512; x_wconf 83' lang='lat' dir='ltr'>exhortantur,</span> <span class='ocrx_word' id='word_1_34' title='bbox 1060 474 1099 506; x_wconf 90' lang='lat' dir='ltr'>et</span> <span class='ocrx_word' id='word_1_35' title='bbox 1119 468 1287 506; x_wconf 80' lang='lat' dir='ltr'>suadent</span> <span class='ocrx_word' id='word_1_36' title='bbox 1307 468 1561 505; x_wconf 90' lang='lat' dir='ltr'>communiter</span> <span class='ocrx_word' id='word_1_37' title='bbox 1581 469 1629 505; x_wconf 88' lang='lat' dir='ltr'>ab</span> <span class='ocrx_word' id='word_1_38' title='bbox 1649 480 1728 505; x_wconf 87' lang='lat' dir='ltr'>om-</span> 
     </span>
     <span class='ocr_line' id='line_1_6' title="bbox 252 526 1724 580; baseline 0.001 -17"><span class='ocrx_word' id='word_1_39' title='bbox 252 526 366 564; x_wconf 89' lang='lat' dir='ltr'>nibus</span> <span class='ocrx_word' id='word_1_40' title='bbox 387 527 558 565; x_wconf 90' lang='lat' dir='ltr'>colonias</span> <span class='ocrx_word' id='word_1_41' title='bbox 579 527 617 564; x_wconf 93' lang='lat' dir='ltr'>in</span> <span class='ocrx_word' id='word_1_42' title='bbox 637 534 786 565; x_wconf 82' lang='lat' dir='ltr'>tantam</span> <span class='ocrx_word' id='word_1_43' title='bbox 807 535 844 565; x_wconf 89' lang='lat' dir='ltr'>et</span> <span class='ocrx_word' id='word_1_44' title='bbox 865 528 981 566; x_wconf 88' lang='lat' dir='ltr'>talem</span> <span class='ocrx_word' id='word_1_45' title='bbox 1003 530 1199 580; x_wconf 85' lang='lat' dir='ltr'>regionem</span> <span class='ocrx_word' id='word_1_46' title='bbox 1223 529 1475 567; x_wconf 88' lang='lat' dir='ltr'>deducendas</span> <span class='ocrx_word' id='word_1_47' title='bbox 1491 542 1590 574; x_wconf 90' lang='lat' dir='ltr'>esse,</span> <span class='ocrx_word' id='word_1_48' title='bbox 1607 542 1724 579; x_wconf 89' lang='lat' dir='ltr'>quam</span> 
     </span>
     <span class='ocr_line' id='line_1_7' title="bbox 252 588 1727 640; baseline 0.002 -15"><span class='ocrx_word' id='word_1_49' title='bbox 252 588 319 639; x_wconf 88' lang='lat' dir='ltr'>qui</span> <span class='ocrx_word' id='word_1_50' title='bbox 339 588 386 626; x_wconf 87' lang='lat' dir='ltr'>de</span> <span class='ocrx_word' id='word_1_51' title='bbox 406 601 453 626; x_wconf 90' lang='lat' dir='ltr'>ea</span> <span class='ocrx_word' id='word_1_52' title='bbox 474 589 655 627; x_wconf 83' lang='lat' dir='ltr'>audivere</span> <span class='ocrx_word' id='word_1_53' title='bbox 682 589 851 627; x_wconf 86' lang='lat' dir='ltr'>fatentur</span> <span class='ocrx_word' id='word_1_54' title='bbox 875 596 915 628; x_wconf 90' lang='lat' dir='ltr'>et</span> <span class='ocrx_word' id='word_1_55' title='bbox 945 604 1031 636; x_wconf 90' lang='lat' dir='ltr'>nos,</span> <span class='ocrx_word' id='word_1_56' title='bbox 1052 592 1081 629; x_wconf 88' lang='lat' dir='ltr'>si</span> <span class='ocrx_word' id='word_1_57' title='bbox 1111 591 1255 629; x_wconf 89' lang='lat' dir='ltr'>omissa</span> <span class='ocrx_word' id='word_1_58' title='bbox 1279 592 1352 629; x_wconf 89' lang='lat' dir='ltr'>ista</span> <span class='ocrx_word' id='word_1_59' title='bbox 1381 591 1530 628; x_wconf 89' lang='lat' dir='ltr'>insania</span> <span class='ocrx_word' id='word_1_60' title='bbox 1556 591 1727 640; x_wconf 88' lang='lat' dir='ltr'>resipue-</span> 
     </span>
     <span class='ocr_line' id='line_1_8' title="bbox 253 652 1728 705; baseline 0.001 -16"><span class='ocrx_word' id='word_1_61' title='bbox 253 652 384 698; x_wconf 88' lang='lat' dir='ltr'>rimus,</span> <span class='ocrx_word' id='word_1_62' title='bbox 399 660 437 690; x_wconf 92' lang='lat' dir='ltr'>et</span> <span class='ocrx_word' id='word_1_63' title='bbox 452 653 626 691; x_wconf 86' lang='lat' dir='ltr'>celeriter</span> <span class='ocrx_word' id='word_1_64' title='bbox 642 653 724 691; x_wconf 90' lang='lat' dir='ltr'>sine</span> <span class='ocrx_word' id='word_1_65' title='bbox 741 652 937 691; x_wconf 88' lang='lat' dir='ltr'>laboribus</span> <span class='ocrx_word' id='word_1_66' title='bbox 954 661 1071 704; x_wconf 91' lang='lat' dir='ltr'>atque</span> <span class='ocrx_word' id='word_1_67' title='bbox 1088 654 1267 705; x_wconf 85' lang='lat' dir='ltr'>periculis</span> <span class='ocrx_word' id='word_1_68' title='bbox 1283 661 1555 705; x_wconf 82' lang='lat' dir='ltr'>occupaturos,</span> <span class='ocrx_word' id='word_1_69' title='bbox 1569 661 1607 691; x_wconf 88' lang='lat' dir='ltr'>et</span> <span class='ocrx_word' id='word_1_70' title='bbox 1621 653 1728 690; x_wconf 90' lang='lat' dir='ltr'>illam</span> 
     </span>
     <span class='ocr_line' id='line_1_9' title="bbox 253 713 1726 767; baseline 0 -16"><span class='ocrx_word' id='word_1_71' title='bbox 253 713 367 752; x_wconf 85' lang='lat' dir='ltr'>facile</span> <span class='ocrx_word' id='word_1_72' title='bbox 384 716 497 753; x_wconf 90' lang='lat' dir='ltr'>sedes</span> <span class='ocrx_word' id='word_1_73' title='bbox 518 722 557 753; x_wconf 91' lang='lat' dir='ltr'>et</span> <span class='ocrx_word' id='word_1_74' title='bbox 575 715 717 754; x_wconf 90' lang='lat' dir='ltr'>victum</span> <span class='ocrx_word' id='word_1_75' title='bbox 740 716 1075 767; x_wconf 86' lang='lat' dir='ltr'>suppeditaturam</span> <span class='ocrx_word' id='word_1_76' title='bbox 1096 717 1273 754; x_wconf 90' lang='lat' dir='ltr'>omnibus</span> <span class='ocrx_word' id='word_1_77' title='bbox 1294 716 1404 754; x_wconf 89' lang='lat' dir='ltr'>nobis</span> <span class='ocrx_word' id='word_1_78' title='bbox 1425 716 1489 766; x_wconf 88' lang='lat' dir='ltr'>qui</span> <span class='ocrx_word' id='word_1_79' title='bbox 1512 728 1636 752; x_wconf 83' lang='lat' dir='ltr'>rerum</span> <span class='ocrx_word' id='word_1_80' title='bbox 1659 728 1726 752; x_wconf 91' lang='lat' dir='ltr'>ne-</span> 
     </span>
     <span class='ocr_line' id='line_1_10' title="bbox 253 776 1727 829; baseline 0 -17"><span class='ocrx_word' id='word_1_81' title='bbox 253 776 508 815; x_wconf 87' lang='lat' dir='ltr'>cessariarum</span> <span class='ocrx_word' id='word_1_82' title='bbox 528 777 690 829; x_wconf 89' lang='lat' dir='ltr'>penuria</span> <span class='ocrx_word' id='word_1_83' title='bbox 711 778 956 815; x_wconf 86' lang='lat' dir='ltr'>laboremus:</span> <span class='ocrx_word' id='word_1_84' title='bbox 990 777 1050 816; x_wconf 90' lang='lat' dir='ltr'>his</span> <span class='ocrx_word' id='word_1_85' title='bbox 1081 778 1313 823; x_wconf 82' lang='lat' dir='ltr'>actionibus,</span> <span class='ocrx_word' id='word_1_86' title='bbox 1334 779 1365 815; x_wconf 91' lang='lat' dir='ltr'>si</span> <span class='ocrx_word' id='word_1_87' title='bbox 1393 790 1527 815; x_wconf 86' lang='lat' dir='ltr'>omnes</span> <span class='ocrx_word' id='word_1_88' title='bbox 1550 777 1585 813; x_wconf 90' lang='lat' dir='ltr'>in</span> <span class='ocrx_word' id='word_1_89' title='bbox 1608 789 1727 813; x_wconf 88' lang='lat' dir='ltr'>unum</span> 
     </span>
     <span class='ocr_line' id='line_1_11' title="bbox 252 838 1727 891; baseline 0 -16"><span class='ocrx_word' id='word_1_90' title='bbox 252 840 480 890; x_wconf 86' lang='lat' dir='ltr'>congregati</span> <span class='ocrx_word' id='word_1_91' title='bbox 509 840 808 891; x_wconf 83' lang='lat' dir='ltr'>diligentissime</span> <span class='ocrx_word' id='word_1_92' title='bbox 836 840 1089 890; x_wconf 83' lang='lat' dir='ltr'>vestigarent,</span> <span class='ocrx_word' id='word_1_93' title='bbox 1120 853 1319 891; x_wconf 85' lang='lat' dir='ltr'>nunquam</span> <span class='ocrx_word' id='word_1_94' title='bbox 1343 839 1404 877; x_wconf 90' lang='lat' dir='ltr'>vel</span> <span class='ocrx_word' id='word_1_95' title='bbox 1434 839 1646 889; x_wconf 86' lang='lat' dir='ltr'>pulcriores</span> <span class='ocrx_word' id='word_1_96' title='bbox 1667 838 1727 876; x_wconf 91' lang='lat' dir='ltr'>vel</span> 
     </span>
     <span class='ocr_line' id='line_1_12' title="bbox 252 900 1510 953; baseline 0 -16"><span class='ocrx_word' id='word_1_97' title='bbox 252 900 420 951; x_wconf 88' lang='lat' dir='ltr'>majores</span> <span class='ocrx_word' id='word_1_98' title='bbox 442 902 500 940; x_wconf 91' lang='lat' dir='ltr'>vel</span> <span class='ocrx_word' id='word_1_99' title='bbox 522 902 646 953; x_wconf 86' lang='lat' dir='ltr'>magis</span> <span class='ocrx_word' id='word_1_100' title='bbox 668 901 779 940; x_wconf 90' lang='lat' dir='ltr'>nobis</span> <span class='ocrx_word' id='word_1_101' title='bbox 800 902 978 940; x_wconf 89' lang='lat' dir='ltr'>omnibus</span> <span class='ocrx_word' id='word_1_102' title='bbox 999 902 1263 940; x_wconf 89' lang='lat' dir='ltr'>conducibiles</span> <span class='ocrx_word' id='word_1_103' title='bbox 1284 901 1510 938; x_wconf 82' lang='lat' dir='ltr'>invenirent.</span> 
     </span>
    </p>

    <p class='ocr_par' dir='ltr' id='par_1_3' title="bbox 249 961 1728 1386">
     <span class='ocr_line' id='line_1_13' title="bbox 308 961 1727 1014; baseline 0 -15"><span class='ocrx_word' id='word_1_104' title='bbox 308 962 346 999; x_wconf 88' lang='lat'>6.</span> <span class='ocrx_word' id='word_1_105' title='bbox 377 963 564 1007; x_wconf 85' lang='lat' dir='ltr'>Quamvis</span> <span class='ocrx_word' id='word_1_106' title='bbox 585 964 701 1014; x_wconf 84' lang='lat' dir='ltr'>igitur</span> <span class='ocrx_word' id='word_1_107' title='bbox 721 963 820 1002; x_wconf 90' lang='lat' dir='ltr'>inter</span> <span class='ocrx_word' id='word_1_108' title='bbox 840 976 967 1002; x_wconf 88' lang='lat' dir='ltr'>meum</span> <span class='ocrx_word' id='word_1_109' title='bbox 989 970 1029 1001; x_wconf 89' lang='lat' dir='ltr'>et</span> <span class='ocrx_word' id='word_1_110' title='bbox 1048 964 1199 1001; x_wconf 90' lang='lat' dir='ltr'>illorum</span> <span class='ocrx_word' id='word_1_111' title='bbox 1220 964 1389 1001; x_wconf 79' lang='lat' dir='ltr'>animuin</span> <span class='ocrx_word' id='word_1_112' title='bbox 1415 970 1564 1001; x_wconf 83' lang='lat' dir='ltr'>tantum</span> <span class='ocrx_word' id='word_1_113' title='bbox 1593 961 1727 1011; x_wconf 80' lang='lat' dir='ltr'>distet,</span> 
     </span>
     <span class='ocr_line' id='line_1_14' title="bbox 252 1025 1728 1075; baseline 0 -14"><span class='ocrx_word' id='word_1_114' title='bbox 252 1029 442 1075; x_wconf 85' lang='lat' dir='ltr'>tantoque</span> <span class='ocrx_word' id='word_1_115' title='bbox 474 1039 602 1063; x_wconf 88' lang='lat' dir='ltr'>meum</span> <span class='ocrx_word' id='word_1_116' title='bbox 632 1026 851 1063; x_wconf 88' lang='lat' dir='ltr'>institutum</span> <span class='ocrx_word' id='word_1_117' title='bbox 885 1025 932 1063; x_wconf 90' lang='lat' dir='ltr'>sit</span> <span class='ocrx_word' id='word_1_118' title='bbox 962 1025 1181 1071; x_wconf 86' lang='lat' dir='ltr'>honestius,</span> <span class='ocrx_word' id='word_1_119' title='bbox 1214 1038 1292 1063; x_wconf 91' lang='lat' dir='ltr'>non</span> <span class='ocrx_word' id='word_1_120' title='bbox 1326 1031 1456 1062; x_wconf 92' lang='lat' dir='ltr'>tamen</span> <span class='ocrx_word' id='word_1_121' title='bbox 1492 1037 1608 1075; x_wconf 84' lang='lat' dir='ltr'>aequa</span> <span class='ocrx_word' id='word_1_122' title='bbox 1638 1031 1728 1061; x_wconf 92' lang='lat' dir='ltr'>sunt</span> 
     </span>
     <span class='ocr_line' id='line_1_15' title="bbox 251 1086 1727 1139; baseline -0.001 -16"><span class='ocrx_word' id='word_1_123' title='bbox 251 1086 385 1137; x_wconf 89' lang='lat' dir='ltr'>populi</span> <span class='ocrx_word' id='word_1_124' title='bbox 419 1087 468 1125; x_wconf 93' lang='lat' dir='ltr'>de</span> <span class='ocrx_word' id='word_1_125' title='bbox 501 1088 612 1125; x_wconf 88' lang='lat' dir='ltr'>nobis</span> <span class='ocrx_word' id='word_1_126' title='bbox 641 1087 801 1138; x_wconf 88' lang='lat' dir='ltr'>judicia,</span> <span class='ocrx_word' id='word_1_127' title='bbox 835 1088 902 1126; x_wconf 91' lang='lat' dir='ltr'>sed</span> <span class='ocrx_word' id='word_1_128' title='bbox 944 1088 1174 1139; x_wconf 87' lang='lat' dir='ltr'>perturbata</span> <span class='ocrx_word' id='word_1_129' title='bbox 1205 1094 1244 1124; x_wconf 92' lang='lat' dir='ltr'>et</span> <span class='ocrx_word' id='word_1_130' title='bbox 1276 1087 1391 1138; x_wconf 90' lang='lat' dir='ltr'>plane</span> <span class='ocrx_word' id='word_1_131' title='bbox 1429 1086 1727 1124; x_wconf 88' lang='lat' dir='ltr'>inconsiderata.</span> 
     </span>
     <span class='ocr_line' id='line_1_16' title="bbox 252 1145 1727 1200; baseline -0.001 -15"><span class='ocrx_word' id='word_1_132' title='bbox 252 1145 357 1185; x_wconf 86' lang='lat' dir='ltr'>Nam</span> <span class='ocrx_word' id='word_1_133' title='bbox 386 1161 505 1198; x_wconf 89' lang='lat' dir='ltr'>quum</span> <span class='ocrx_word' id='word_1_134' title='bbox 534 1154 732 1187; x_wconf 86' lang='lat' dir='ltr'>oratorum</span> <span class='ocrx_word' id='word_1_135' title='bbox 754 1162 879 1187; x_wconf 88' lang='lat' dir='ltr'>mores</span> <span class='ocrx_word' id='word_1_136' title='bbox 900 1149 1104 1200; x_wconf 88' lang='lat' dir='ltr'>vituperet,</span> <span class='ocrx_word' id='word_1_137' title='bbox 1125 1148 1210 1186; x_wconf 90' lang='lat' dir='ltr'>illos</span> <span class='ocrx_word' id='word_1_138' title='bbox 1241 1148 1348 1199; x_wconf 85' lang='lat' dir='ltr'>ipsos</span> <span class='ocrx_word' id='word_1_139' title='bbox 1378 1147 1598 1199; x_wconf 88' lang='lat' dir='ltr'>reipublicae</span> <span class='ocrx_word' id='word_1_140' title='bbox 1628 1160 1727 1198; x_wconf 83' lang='lat' dir='ltr'>prae-</span> 
     </span>
     <span class='ocr_line' id='line_1_17' title="bbox 249 1207 1725 1256; baseline 0.001 -11"><span class='ocrx_word' id='word_1_141' title='bbox 249 1207 377 1247; x_wconf 89' lang='lat' dir='ltr'>fectos</span> <span class='ocrx_word' id='word_1_142' title='bbox 407 1210 501 1248; x_wconf 85' lang='lat' dir='ltr'>facit</span> <span class='ocrx_word' id='word_1_143' title='bbox 523 1217 563 1248; x_wconf 90' lang='lat' dir='ltr'>et</span> <span class='ocrx_word' id='word_1_144' title='bbox 585 1212 757 1249; x_wconf 90' lang='lat' dir='ltr'>omnium</span> <span class='ocrx_word' id='word_1_145' title='bbox 788 1211 967 1249; x_wconf 90' lang='lat' dir='ltr'>dominos</span> <span class='ocrx_word' id='word_1_146' title='bbox 996 1210 1213 1256; x_wconf 86' lang='lat' dir='ltr'>constituit,</span> <span class='ocrx_word' id='word_1_147' title='bbox 1233 1223 1340 1248; x_wconf 88' lang='lat' dir='ltr'>meas</span> <span class='ocrx_word' id='word_1_148' title='bbox 1373 1216 1502 1248; x_wconf 87' lang='lat' dir='ltr'>autem</span> <span class='ocrx_word' id='word_1_149' title='bbox 1533 1209 1725 1247; x_wconf 86' lang='lat' dir='ltr'>orationes</span> 
     </span>
     <span class='ocr_line' id='line_1_18' title="bbox 252 1268 1725 1323; baseline 0.001 -17"><span class='ocrx_word' id='word_1_150' title='bbox 252 1268 345 1307; x_wconf 89' lang='lat' dir='ltr'>dum</span> <span class='ocrx_word' id='word_1_151' title='bbox 367 1269 514 1317; x_wconf 88' lang='lat' dir='ltr'>laudat,</span> <span class='ocrx_word' id='word_1_152' title='bbox 534 1271 604 1323; x_wconf 89' lang='lat' dir='ltr'>ipsi</span> <span class='ocrx_word' id='word_1_153' title='bbox 625 1272 716 1309; x_wconf 90' lang='lat' dir='ltr'>mihi</span> <span class='ocrx_word' id='word_1_154' title='bbox 737 1271 897 1318; x_wconf 87' lang='lat' dir='ltr'>invidet,</span> <span class='ocrx_word' id='word_1_155' title='bbox 918 1285 994 1310; x_wconf 91' lang='lat' dir='ltr'>non</span> <span class='ocrx_word' id='word_1_156' title='bbox 1016 1274 1065 1310; x_wconf 90' lang='lat' dir='ltr'>ob</span> <span class='ocrx_word' id='word_1_157' title='bbox 1087 1272 1191 1309; x_wconf 89' lang='lat' dir='ltr'>aliud</span> <span class='ocrx_word' id='word_1_158' title='bbox 1213 1271 1284 1309; x_wconf 84' lang='lat' dir='ltr'>nisi</span> <span class='ocrx_word' id='word_1_159' title='bbox 1306 1272 1355 1309; x_wconf 97' lang='lat' dir='ltr'>ob</span> <span class='ocrx_word' id='word_1_160' title='bbox 1371 1283 1435 1309; x_wconf 91' lang='lat' dir='ltr'>eas</span> <span class='ocrx_word' id='word_1_161' title='bbox 1454 1283 1551 1321; x_wconf 86' lang='lat' dir='ltr'>quas</span> <span class='ocrx_word' id='word_1_162' title='bbox 1567 1270 1725 1322; x_wconf 88' lang='lat' dir='ltr'>probat:</span> 
     </span>
     <span class='ocr_line' id='line_1_19' title="bbox 251 1331 1313 1386; baseline 0.005 -19"><span class='ocrx_word' id='word_1_163' title='bbox 251 1331 351 1368; x_wconf 87' lang='lat' dir='ltr'>adeo</span> <span class='ocrx_word' id='word_1_164' title='bbox 370 1331 407 1368; x_wconf 92' lang='lat' dir='ltr'>in</span> <span class='ocrx_word' id='word_1_165' title='bbox 429 1332 537 1370; x_wconf 85' lang='lat' dir='ltr'>nulla</span> <span class='ocrx_word' id='word_1_166' title='bbox 558 1333 681 1384; x_wconf 83' lang='lat' dir='ltr'>gratia</span> <span class='ocrx_word' id='word_1_167' title='bbox 703 1347 787 1371; x_wconf 90' lang='lat' dir='ltr'>sum</span> <span class='ocrx_word' id='word_1_168' title='bbox 809 1334 914 1386; x_wconf 86' lang='lat' dir='ltr'>apud</span> <span class='ocrx_word' id='word_1_169' title='bbox 935 1334 1076 1384; x_wconf 88' lang='lat' dir='ltr'>vulgus</span> <span class='ocrx_word' id='word_1_170' title='bbox 1098 1334 1313 1373; x_wconf 85' lang='lat' dir='ltr'>hominurn.</span> 
     </span>
    </p>

    <p class='ocr_par' dir='ltr' id='par_1_4' title="bbox 250 1393 1726 1939">
     <span class='ocr_line' id='line_1_20' title="bbox 304 1393 1721 1446; baseline 0.003 -16"><span class='ocrx_word' id='word_1_171' title='bbox 304 1394 342 1431; x_wconf 91' lang='lat'>7.</span> <span class='ocrx_word' id='word_1_172' title='bbox 373 1393 477 1436; x_wconf 85' lang='lat' dir='ltr'>Quid</span> <span class='ocrx_word' id='word_1_173' title='bbox 493 1407 582 1432; x_wconf 91' lang='lat' dir='ltr'>vero</span> <span class='ocrx_word' id='word_1_174' title='bbox 602 1395 748 1432; x_wconf 87' lang='lat' dir='ltr'>mireris</span> <span class='ocrx_word' id='word_1_175' title='bbox 767 1409 834 1433; x_wconf 88' lang='lat' dir='ltr'>eos</span> <span class='ocrx_word' id='word_1_176' title='bbox 853 1395 918 1446; x_wconf 91' lang='lat' dir='ltr'>qui</span> <span class='ocrx_word' id='word_1_177' title='bbox 939 1395 991 1433; x_wconf 89' lang='lat' dir='ltr'>ita</span> <span class='ocrx_word' id='word_1_178' title='bbox 1010 1396 1087 1433; x_wconf 88' lang='lat' dir='ltr'>nati</span> <span class='ocrx_word' id='word_1_179' title='bbox 1108 1403 1199 1434; x_wconf 90' lang='lat' dir='ltr'>sunt</span> <span class='ocrx_word' id='word_1_180' title='bbox 1219 1403 1260 1433; x_wconf 88' lang='lat' dir='ltr'>ut</span> <span class='ocrx_word' id='word_1_181' title='bbox 1280 1395 1424 1433; x_wconf 90' lang='lat' dir='ltr'>nullam</span> <span class='ocrx_word' id='word_1_182' title='bbox 1446 1396 1721 1434; x_wconf 85' lang='lat' dir='ltr'>excellentiam</span> 
     </span>
     <span class='ocr_line' id='line_1_21' title="bbox 251 1454 1724 1509; baseline 0.002 -17"><span class='ocrx_word' id='word_1_183' title='bbox 251 1454 351 1492; x_wconf 82' lang='lat' dir='ltr'>ferre</span> <span class='ocrx_word' id='word_1_184' title='bbox 381 1455 543 1506; x_wconf 88' lang='lat' dir='ltr'>possint,</span> <span class='ocrx_word' id='word_1_185' title='bbox 563 1469 683 1506; x_wconf 88' lang='lat' dir='ltr'>quum</span> <span class='ocrx_word' id='word_1_186' title='bbox 704 1456 758 1493; x_wconf 91' lang='lat' dir='ltr'>illi</span> <span class='ocrx_word' id='word_1_187' title='bbox 779 1456 909 1502; x_wconf 88' lang='lat' dir='ltr'>etiam,</span> <span class='ocrx_word' id='word_1_188' title='bbox 929 1457 994 1506; x_wconf 92' lang='lat' dir='ltr'>qui</span> <span class='ocrx_word' id='word_1_189' title='bbox 1015 1470 1058 1494; x_wconf 91' lang='lat' dir='ltr'>se</span> <span class='ocrx_word' id='word_1_190' title='bbox 1077 1458 1288 1508; x_wconf 77' lang='lat' dir='ltr'>praeclaros</span> <span class='ocrx_word' id='word_1_191' title='bbox 1309 1471 1392 1495; x_wconf 91' lang='lat' dir='ltr'>esse</span> <span class='ocrx_word' id='word_1_192' title='bbox 1419 1465 1559 1509; x_wconf 91' lang='lat' dir='ltr'>putant</span> <span class='ocrx_word' id='word_1_193' title='bbox 1585 1471 1724 1509; x_wconf 85' lang='lat' dir='ltr'>meque</span> 
     </span>
     <span class='ocr_line' id='line_1_22' title="bbox 251 1517 1725 1569; baseline 0.002 -15"><span class='ocrx_word' id='word_1_194' title='bbox 251 1522 292 1554; x_wconf 87' lang='lat' dir='ltr'>et</span> <span class='ocrx_word' id='word_1_195' title='bbox 309 1517 440 1568; x_wconf 87' lang='lat' dir='ltr'>magni</span> <span class='ocrx_word' id='word_1_196' title='bbox 461 1518 611 1555; x_wconf 87' lang='lat' dir='ltr'>faciunt</span> <span class='ocrx_word' id='word_1_197' title='bbox 630 1524 668 1555; x_wconf 90' lang='lat' dir='ltr'>et</span> <span class='ocrx_word' id='word_1_198' title='bbox 686 1517 825 1555; x_wconf 89' lang='lat' dir='ltr'>imitari</span> <span class='ocrx_word' id='word_1_199' title='bbox 847 1518 1021 1568; x_wconf 89' lang='lat' dir='ltr'>cupiunt,</span> <span class='ocrx_word' id='word_1_200' title='bbox 1043 1519 1157 1569; x_wconf 87' lang='lat' dir='ltr'>longe</span> <span class='ocrx_word' id='word_1_201' title='bbox 1185 1519 1411 1557; x_wconf 87' lang='lat' dir='ltr'>infensiores</span> <span class='ocrx_word' id='word_1_202' title='bbox 1440 1519 1531 1556; x_wconf 91' lang='lat' dir='ltr'>mihi</span> <span class='ocrx_word' id='word_1_203' title='bbox 1562 1520 1639 1557; x_wconf 89' lang='lat' dir='ltr'>sint</span> <span class='ocrx_word' id='word_1_204' title='bbox 1667 1521 1725 1557; x_wconf 87' lang='lat' dir='ltr'>in-</span> 
     </span>
     <span class='ocr_line' id='line_1_23' title="bbox 252 1577 1726 1630; baseline 0.002 -14"><span class='ocrx_word' id='word_1_205' title='bbox 252 1577 407 1617; x_wconf 77' lang='lat' dir='ltr'>doctis?</span> <span class='ocrx_word' id='word_1_206' title='bbox 473 1579 627 1622; x_wconf 86' lang='lat' dir='ltr'>Quibus</span> <span class='ocrx_word' id='word_1_207' title='bbox 663 1592 854 1630; x_wconf 89' lang='lat' dir='ltr'>quosnam</span> <span class='ocrx_word' id='word_1_208' title='bbox 889 1579 1143 1630; x_wconf 85' lang='lat' dir='ltr'>improbiores</span> <span class='ocrx_word' id='word_1_209' title='bbox 1175 1580 1350 1618; x_wconf 88' lang='lat' dir='ltr'>invenias</span> <span class='ocrx_word' id='word_1_210' title='bbox 1371 1603 1423 1607; x_wconf 91' lang='lat'>——</span> <span class='ocrx_word' id='word_1_211' title='bbox 1444 1580 1570 1618; x_wconf 87' lang='lat' dir='ltr'>dicam</span> <span class='ocrx_word' id='word_1_212' title='bbox 1611 1581 1726 1629; x_wconf 89' lang='lat' dir='ltr'>enim,</span> 
     </span>
     <span class='ocr_line' id='line_1_24' title="bbox 250 1640 1726 1692; baseline 0.001 -14"><span class='ocrx_word' id='word_1_213' title='bbox 250 1641 403 1679; x_wconf 90' lang='lat' dir='ltr'>tametsi</span> <span class='ocrx_word' id='word_1_214' title='bbox 424 1640 614 1679; x_wconf 87' lang='lat' dir='ltr'>audacius</span> <span class='ocrx_word' id='word_1_215' title='bbox 632 1648 748 1692; x_wconf 90' lang='lat' dir='ltr'>atque</span> <span class='ocrx_word' id='word_1_216' title='bbox 764 1641 937 1679; x_wconf 88' lang='lat' dir='ltr'>acerbius</span> <span class='ocrx_word' id='word_1_217' title='bbox 953 1654 1068 1692; x_wconf 87' lang='lat' dir='ltr'>quam</span> <span class='ocrx_word' id='word_1_218' title='bbox 1088 1654 1157 1692; x_wconf 89' lang='lat' dir='ltr'>pro</span> <span class='ocrx_word' id='word_1_219' title='bbox 1177 1649 1292 1680; x_wconf 83' lang='lat' dir='ltr'>aetate</span> <span class='ocrx_word' id='word_1_220' title='bbox 1314 1655 1401 1680; x_wconf 90' lang='lat' dir='ltr'>mea</span> <span class='ocrx_word' id='word_1_221' title='bbox 1420 1641 1549 1680; x_wconf 85' lang='lat' dir='ltr'>dicere</span> <span class='ocrx_word' id='word_1_222' title='bbox 1564 1642 1726 1681; x_wconf 88' lang='lat' dir='ltr'>videbor</span> 
     </span>
     <span class='ocr_line' id='line_1_25' title="bbox 251 1703 1724 1754; baseline 0.001 -14"><span class='ocrx_word' id='word_1_223' title='bbox 251 1723 317 1749; x_wconf 91' lang='lat'>—-,</span> <span class='ocrx_word' id='word_1_224' title='bbox 337 1703 402 1753; x_wconf 87' lang='lat' dir='ltr'>qui</span> <span class='ocrx_word' id='word_1_225' title='bbox 431 1716 550 1754; x_wconf 90' lang='lat' dir='ltr'>quum</span> <span class='ocrx_word' id='word_1_226' title='bbox 571 1717 619 1741; x_wconf 89' lang='lat' dir='ltr'>ne</span> <span class='ocrx_word' id='word_1_227' title='bbox 639 1703 836 1741; x_wconf 88' lang='lat' dir='ltr'>minimam</span> <span class='ocrx_word' id='word_1_228' title='bbox 867 1710 1014 1754; x_wconf 83' lang='lat' dir='ltr'>partem</span> <span class='ocrx_word' id='word_1_229' title='bbox 1036 1716 1167 1741; x_wconf 89' lang='lat' dir='ltr'>eorum</span> <span class='ocrx_word' id='word_1_230' title='bbox 1189 1716 1275 1754; x_wconf 87' lang='lat' dir='ltr'>quae</span> <span class='ocrx_word' id='word_1_231' title='bbox 1297 1717 1319 1741; x_wconf 86' lang='lat' dir='ltr'>a</span> <span class='ocrx_word' id='word_1_232' title='bbox 1339 1716 1401 1741; x_wconf 90' lang='lat' dir='ltr'>me</span> <span class='ocrx_word' id='word_1_233' title='bbox 1423 1703 1528 1741; x_wconf 82' lang='lat' dir='ltr'>dicta</span> <span class='ocrx_word' id='word_1_234' title='bbox 1547 1710 1636 1741; x_wconf 87' lang='lat' dir='ltr'>sunt</span> <span class='ocrx_word' id='word_1_235' title='bbox 1657 1717 1724 1742; x_wconf 88' lang='lat' dir='ltr'>au-</span> 
     </span>
     <span class='ocr_line' id='line_1_26' title="bbox 251 1763 1722 1816; baseline 0.001 -14"><span class='ocrx_word' id='word_1_236' title='bbox 251 1763 440 1803; x_wconf 89' lang='lat' dir='ltr'>ditoribus</span> <span class='ocrx_word' id='word_1_237' title='bbox 463 1765 542 1803; x_wconf 90' lang='lat' dir='ltr'>suis</span> <span class='ocrx_word' id='word_1_238' title='bbox 562 1765 713 1803; x_wconf 85' lang='lat' dir='ltr'>tradere</span> <span class='ocrx_word' id='word_1_239' title='bbox 734 1772 894 1816; x_wconf 84' lang='lat' dir='ltr'>queant,</span> <span class='ocrx_word' id='word_1_240' title='bbox 917 1772 956 1803; x_wconf 89' lang='lat' dir='ltr'>et</span> <span class='ocrx_word' id='word_1_241' title='bbox 976 1765 1161 1816; x_wconf 87' lang='lat' dir='ltr'>exemplis</span> <span class='ocrx_word' id='word_1_242' title='bbox 1182 1778 1355 1803; x_wconf 89' lang='lat' dir='ltr'>mearum</span> <span class='ocrx_word' id='word_1_243' title='bbox 1376 1765 1590 1803; x_wconf 88' lang='lat' dir='ltr'>orationum</span> <span class='ocrx_word' id='word_1_244' title='bbox 1613 1773 1722 1804; x_wconf 86' lang='lat' dir='ltr'>utan-</span> 
     </span>
     <span class='ocr_line' id='line_1_27' title="bbox 251 1826 1726 1878; baseline 0.001 -14"><span class='ocrx_word' id='word_1_245' title='bbox 251 1832 314 1865; x_wconf 90' lang='lat' dir='ltr'>tur</span> <span class='ocrx_word' id='word_1_246' title='bbox 333 1833 373 1865; x_wconf 88' lang='lat' dir='ltr'>et</span> <span class='ocrx_word' id='word_1_247' title='bbox 390 1827 481 1866; x_wconf 89' lang='lat' dir='ltr'>inde</span> <span class='ocrx_word' id='word_1_248' title='bbox 501 1827 693 1873; x_wconf 88' lang='lat' dir='ltr'>victitent,</span> <span class='ocrx_word' id='word_1_249' title='bbox 716 1833 868 1865; x_wconf 86' lang='lat' dir='ltr'>tantum</span> <span class='ocrx_word' id='word_1_250' title='bbox 895 1828 1006 1866; x_wconf 89' lang='lat' dir='ltr'>abest</span> <span class='ocrx_word' id='word_1_251' title='bbox 1025 1835 1067 1864; x_wconf 90' lang='lat' dir='ltr'>ut</span> <span class='ocrx_word' id='word_1_252' title='bbox 1087 1827 1178 1865; x_wconf 92' lang='lat' dir='ltr'>rnihi</span> <span class='ocrx_word' id='word_1_253' title='bbox 1208 1827 1370 1878; x_wconf 80' lang='lat' dir='ltr'>gratiam</span> <span class='ocrx_word' id='word_1_254' title='bbox 1394 1826 1577 1872; x_wconf 89' lang='lat' dir='ltr'>habeant,</span> <span class='ocrx_word' id='word_1_255' title='bbox 1600 1834 1641 1865; x_wconf 91' lang='lat' dir='ltr'>ut</span> <span class='ocrx_word' id='word_1_256' title='bbox 1665 1841 1726 1866; x_wconf 89' lang='lat' dir='ltr'>me</span> 
     </span>
     <span class='ocr_line' id='line_1_28' title="bbox 250 1887 1586 1939; baseline 0 -14"><span class='ocrx_word' id='word_1_257' title='bbox 250 1900 299 1925; x_wconf 90' lang='lat' dir='ltr'>ne</span> <span class='ocrx_word' id='word_1_258' title='bbox 320 1887 477 1938; x_wconf 89' lang='lat' dir='ltr'>quidem</span> <span class='ocrx_word' id='word_1_259' title='bbox 496 1888 693 1939; x_wconf 84' lang='lat' dir='ltr'>negligere</span> <span class='ocrx_word' id='word_1_260' title='bbox 714 1888 848 1933; x_wconf 89' lang='lat' dir='ltr'>velint,</span> <span class='ocrx_word' id='word_1_261' title='bbox 870 1888 939 1926; x_wconf 92' lang='lat' dir='ltr'>sed</span> <span class='ocrx_word' id='word_1_262' title='bbox 961 1901 1112 1939; x_wconf 88' lang='lat' dir='ltr'>semper</span> <span class='ocrx_word' id='word_1_263' title='bbox 1132 1889 1351 1926; x_wconf 82' lang='lat' dir='ltr'>obtrectare</span> <span class='ocrx_word' id='word_1_264' title='bbox 1372 1887 1586 1926; x_wconf 76' lang='lat' dir='ltr'>studeant?</span> 
     </span>
    </p>

    <p class='ocr_par' dir='ltr' id='par_1_5' title="bbox 242 1950 1724 2991">
     <span class='ocr_line' id='line_1_29' title="bbox 305 1950 1723 2002; baseline 0.001 -14"><span class='ocrx_word' id='word_1_265' title='bbox 305 1951 342 1988; x_wconf 92' lang='lat'>8.</span> <span class='ocrx_word' id='word_1_266' title='bbox 374 1950 479 1988; x_wconf 90' lang='lat' dir='ltr'>Dum</span> <span class='ocrx_word' id='word_1_267' title='bbox 502 1951 617 2002; x_wconf 88' lang='lat' dir='ltr'>igitur</span> <span class='ocrx_word' id='word_1_268' title='bbox 643 1964 749 1989; x_wconf 91' lang='lat' dir='ltr'>meas</span> <span class='ocrx_word' id='word_1_269' title='bbox 779 1951 973 1989; x_wconf 90' lang='lat' dir='ltr'>orationes</span> <span class='ocrx_word' id='word_1_270' title='bbox 996 1950 1095 1988; x_wconf 90' lang='lat' dir='ltr'>male</span> <span class='ocrx_word' id='word_1_271' title='bbox 1116 1957 1340 1997; x_wconf 86' lang='lat' dir='ltr'>tractarent,</span> <span class='ocrx_word' id='word_1_272' title='bbox 1361 1957 1400 1988; x_wconf 90' lang='lat' dir='ltr'>et</span> <span class='ocrx_word' id='word_1_273' title='bbox 1418 1963 1535 2001; x_wconf 89' lang='lat' dir='ltr'>quam</span> <span class='ocrx_word' id='word_1_274' title='bbox 1558 1951 1723 2002; x_wconf 78' lang='lat' dir='ltr'>pessime</span> 
     </span>
     <span class='ocr_line' id='line_1_30' title="bbox 248 2011 1722 2064; baseline 0.001 -15"><span class='ocrx_word' id='word_1_275' title='bbox 248 2011 331 2050; x_wconf 86' lang='lat' dir='ltr'>fieri</span> <span class='ocrx_word' id='word_1_276' title='bbox 348 2019 499 2064; x_wconf 87' lang='lat' dir='ltr'>poterat</span> <span class='ocrx_word' id='word_1_277' title='bbox 519 2025 584 2052; x_wconf 87' lang='lat' dir='ltr'>eas</span> <span class='ocrx_word' id='word_1_278' title='bbox 605 2026 694 2051; x_wconf 89' lang='lat' dir='ltr'>curn</span> <span class='ocrx_word' id='word_1_279' title='bbox 715 2012 795 2050; x_wconf 89' lang='lat' dir='ltr'>suis</span> <span class='ocrx_word' id='word_1_280' title='bbox 816 2012 1062 2051; x_wconf 86' lang='lat' dir='ltr'>conferentes</span> <span class='ocrx_word' id='word_1_281' title='bbox 1090 2011 1264 2063; x_wconf 87' lang='lat' dir='ltr'>legerent</span> <span class='ocrx_word' id='word_1_282' title='bbox 1284 2018 1322 2050; x_wconf 91' lang='lat' dir='ltr'>et</span> <span class='ocrx_word' id='word_1_283' title='bbox 1343 2024 1418 2050; x_wconf 91' lang='lat' dir='ltr'>non</span> <span class='ocrx_word' id='word_1_284' title='bbox 1448 2018 1552 2050; x_wconf 87' lang='lat' dir='ltr'>recte</span> <span class='ocrx_word' id='word_1_285' title='bbox 1579 2012 1722 2051; x_wconf 86' lang='lat' dir='ltr'>divide-</span> 
     </span>
     <span class='ocr_line' id='line_1_31' title="bbox 248 2074 1723 2126; baseline 0.001 -15"><span class='ocrx_word' id='word_1_286' title='bbox 248 2081 335 2111; x_wconf 88' lang='lat' dir='ltr'>rent</span> <span class='ocrx_word' id='word_1_287' title='bbox 363 2080 402 2112; x_wconf 88' lang='lat' dir='ltr'>et</span> <span class='ocrx_word' id='word_1_288' title='bbox 429 2074 658 2113; x_wconf 86' lang='lat' dir='ltr'>divellerent</span> <span class='ocrx_word' id='word_1_289' title='bbox 683 2080 723 2112; x_wconf 90' lang='lat' dir='ltr'>et</span> <span class='ocrx_word' id='word_1_290' title='bbox 746 2075 925 2112; x_wconf 89' lang='lat' dir='ltr'>omnibus</span> <span class='ocrx_word' id='word_1_291' title='bbox 952 2074 1077 2112; x_wconf 90' lang='lat' dir='ltr'>modis</span> <span class='ocrx_word' id='word_1_292' title='bbox 1104 2081 1408 2126; x_wconf 87' lang='lat' dir='ltr'>corrumperent,</span> <span class='ocrx_word' id='word_1_293' title='bbox 1430 2087 1507 2112; x_wconf 91' lang='lat' dir='ltr'>non</span> <span class='ocrx_word' id='word_1_294' title='bbox 1528 2076 1657 2113; x_wconf 91' lang='lat' dir='ltr'>curavi</span> <span class='ocrx_word' id='word_1_295' title='bbox 1678 2089 1723 2113; x_wconf 93' lang='lat' dir='ltr'>ea</span> 
     </span>
     <span class='ocr_line' id='line_1_32' title="bbox 248 2135 1724 2188; baseline 0.001 -16"><span class='ocrx_word' id='word_1_296' title='bbox 248 2147 338 2185; x_wconf 82' lang='lat' dir='ltr'>quae</span> <span class='ocrx_word' id='word_1_297' title='bbox 364 2135 458 2173; x_wconf 89' lang='lat' dir='ltr'>mihi</span> <span class='ocrx_word' id='word_1_298' title='bbox 484 2136 777 2183; x_wconf 86' lang='lat' dir='ltr'>nuntiabantur,</span> <span class='ocrx_word' id='word_1_299' title='bbox 798 2136 869 2174; x_wconf 87' lang='lat' dir='ltr'>sed</span> <span class='ocrx_word' id='word_1_300' title='bbox 890 2149 1005 2186; x_wconf 85' lang='lat' dir='ltr'>aequo</span> <span class='ocrx_word' id='word_1_301' title='bbox 1026 2136 1156 2174; x_wconf 91' lang='lat' dir='ltr'>animo</span> <span class='ocrx_word' id='word_1_302' title='bbox 1178 2136 1271 2174; x_wconf 87' lang='lat' dir='ltr'>tuli:</span> <span class='ocrx_word' id='word_1_303' title='bbox 1302 2137 1461 2188; x_wconf 89' lang='lat' dir='ltr'>paulum</span> <span class='ocrx_word' id='word_1_304' title='bbox 1483 2143 1611 2174; x_wconf 87' lang='lat' dir='ltr'>autem</span> <span class='ocrx_word' id='word_1_305' title='bbox 1634 2144 1724 2174; x_wconf 89' lang='lat' dir='ltr'>ante</span> 
     </span>
     <span class='ocr_line' id='line_1_33' title="bbox 246 2196 1722 2253; baseline 0.001 -20"><span class='ocrx_word' id='word_1_306' title='bbox 246 2208 390 2247; x_wconf 84' lang='lat' dir='ltr'>magna</span> <span class='ocrx_word' id='word_1_307' title='bbox 411 2196 677 2234; x_wconf 85' lang='lat' dir='ltr'>Panathenaea</span> <span class='ocrx_word' id='word_1_308' title='bbox 696 2203 852 2248; x_wconf 87' lang='lat' dir='ltr'>propter</span> <span class='ocrx_word' id='word_1_309' title='bbox 877 2210 942 2235; x_wconf 90' lang='lat' dir='ltr'>eos</span> <span class='ocrx_word' id='word_1_310' title='bbox 963 2197 1127 2248; x_wconf 87' lang='lat' dir='ltr'>graviter</span> <span class='ocrx_word' id='word_1_311' title='bbox 1153 2206 1367 2235; x_wconf 91' lang='lat' dir='ltr'>commotus</span> <span class='ocrx_word' id='word_1_312' title='bbox 1396 2211 1492 2235; x_wconf 89' lang='lat' dir='ltr'>sum.</span> <span class='ocrx_word' id='word_1_313' title='bbox 1553 2198 1722 2253; x_wconf 88' lang='lat' dir='ltr'>Quidam</span> 
     </span>
     <span class='ocr_line' id='line_1_34' title="bbox 247 2258 1722 2310; baseline 0.001 -14"><span class='ocrx_word' id='word_1_314' title='bbox 247 2259 350 2296; x_wconf 87' lang='lat' dir='ltr'>enim</span> <span class='ocrx_word' id='word_1_315' title='bbox 370 2259 614 2296; x_wconf 89' lang='lat' dir='ltr'>familiarium</span> <span class='ocrx_word' id='word_1_316' title='bbox 635 2271 807 2297; x_wconf 89' lang='lat' dir='ltr'>meorum</span> <span class='ocrx_word' id='word_1_317' title='bbox 834 2258 986 2297; x_wconf 87' lang='lat' dir='ltr'>obviam</span> <span class='ocrx_word' id='word_1_318' title='bbox 1008 2259 1100 2297; x_wconf 89' lang='lat' dir='ltr'>facti</span> <span class='ocrx_word' id='word_1_319' title='bbox 1121 2259 1213 2296; x_wconf 92' lang='lat' dir='ltr'>mihi</span> <span class='ocrx_word' id='word_1_320' title='bbox 1240 2259 1423 2297; x_wconf 87' lang='lat' dir='ltr'>dicebant</span> <span class='ocrx_word' id='word_1_321' title='bbox 1443 2265 1518 2297; x_wconf 88' lang='lat' dir='ltr'>tres</span> <span class='ocrx_word' id='word_1_322' title='bbox 1540 2267 1607 2297; x_wconf 87' lang='lat' dir='ltr'>aut</span> <span class='ocrx_word' id='word_1_323' title='bbox 1626 2273 1722 2310; x_wconf 91' lang='lat' dir='ltr'>qua-</span> 
     </span>
     <span class='ocr_line' id='line_1_35' title="bbox 247 2320 1724 2373; baseline 0.002 -16"><span class='ocrx_word' id='word_1_324' title='bbox 247 2326 336 2357; x_wconf 90' lang='lat' dir='ltr'>tuor</span> <span class='ocrx_word' id='word_1_325' title='bbox 355 2321 554 2372; x_wconf 87' lang='lat' dir='ltr'>gregarios</span> <span class='ocrx_word' id='word_1_326' title='bbox 582 2320 788 2372; x_wconf 90' lang='lat' dir='ltr'>sophistas,</span> <span class='ocrx_word' id='word_1_327' title='bbox 808 2320 874 2371; x_wconf 92' lang='lat' dir='ltr'>qui</span> <span class='ocrx_word' id='word_1_328' title='bbox 896 2334 939 2358; x_wconf 91' lang='lat' dir='ltr'>se</span> <span class='ocrx_word' id='word_1_329' title='bbox 959 2320 1088 2365; x_wconf 80' lang='lat' dir='ltr'>omnia</span> <span class='ocrx_word' id='word_1_330' title='bbox 1114 2322 1211 2359; x_wconf 90' lang='lat' dir='ltr'>scire</span> <span class='ocrx_word' id='word_1_331' title='bbox 1236 2323 1468 2373; x_wconf 83' lang='lat' dir='ltr'>profitentur</span> <span class='ocrx_word' id='word_1_332' title='bbox 1488 2329 1526 2360; x_wconf 88' lang='lat' dir='ltr'>et</span> <span class='ocrx_word' id='word_1_333' title='bbox 1546 2322 1724 2361; x_wconf 84' lang='lat' dir='ltr'>celeriter</span> 
     </span>
     <span class='ocr_line' id='line_1_36' title="bbox 245 2383 1720 2436; baseline 0.002 -16"><span class='ocrx_word' id='word_1_334' title='bbox 245 2384 383 2434; x_wconf 90' lang='lat' dir='ltr'>quovis</span> <span class='ocrx_word' id='word_1_335' title='bbox 402 2384 441 2421; x_wconf 92' lang='lat' dir='ltr'>in</span> <span class='ocrx_word' id='word_1_336' title='bbox 463 2384 551 2422; x_wconf 92' lang='lat' dir='ltr'>loco</span> <span class='ocrx_word' id='word_1_337' title='bbox 574 2390 677 2429; x_wconf 90' lang='lat' dir='ltr'>sunt,</span> <span class='ocrx_word' id='word_1_338' title='bbox 694 2384 732 2421; x_wconf 91' lang='lat' dir='ltr'>in</span> <span class='ocrx_word' id='word_1_339' title='bbox 756 2384 882 2435; x_wconf 92' lang='lat' dir='ltr'>Lyceo</span> <span class='ocrx_word' id='word_1_340' title='bbox 899 2383 1148 2421; x_wconf 87' lang='lat' dir='ltr'>considentes</span> <span class='ocrx_word' id='word_1_341' title='bbox 1164 2391 1246 2422; x_wconf 89' lang='lat' dir='ltr'>tum</span> <span class='ocrx_word' id='word_1_342' title='bbox 1264 2384 1313 2422; x_wconf 93' lang='lat' dir='ltr'>de</span> <span class='ocrx_word' id='word_1_343' title='bbox 1331 2384 1414 2422; x_wconf 88' lang='lat' dir='ltr'>aliis</span> <span class='ocrx_word' id='word_1_344' title='bbox 1433 2385 1557 2436; x_wconf 90' lang='lat' dir='ltr'>poetis</span> <span class='ocrx_word' id='word_1_345' title='bbox 1575 2392 1654 2422; x_wconf 87' lang='lat' dir='ltr'>tum</span> <span class='ocrx_word' id='word_1_346' title='bbox 1673 2385 1720 2423; x_wconf 91' lang='lat' dir='ltr'>de</span> 
     </span>
     <span class='ocr_line' id='line_1_37' title="bbox 249 2444 1721 2496; baseline 0.001 -14"><span class='ocrx_word' id='word_1_347' title='bbox 249 2445 408 2483; x_wconf 89' lang='lat' dir='ltr'>Homeri</span> <span class='ocrx_word' id='word_1_348' title='bbox 428 2452 464 2483; x_wconf 88' lang='lat' dir='ltr'>et</span> <span class='ocrx_word' id='word_1_349' title='bbox 486 2444 649 2483; x_wconf 88' lang='lat' dir='ltr'>Hesiodi</span> <span class='ocrx_word' id='word_1_350' title='bbox 667 2445 778 2495; x_wconf 88' lang='lat' dir='ltr'>poesi</span> <span class='ocrx_word' id='word_1_351' title='bbox 804 2444 1047 2490; x_wconf 90' lang='lat' dir='ltr'>disseruisse,</span> <span class='ocrx_word' id='word_1_352' title='bbox 1068 2445 1165 2482; x_wconf 87' lang='lat' dir='ltr'>nihil</span> <span class='ocrx_word' id='word_1_353' title='bbox 1188 2445 1346 2496; x_wconf 92' lang='lat' dir='ltr'>quidem</span> <span class='ocrx_word' id='word_1_354' title='bbox 1369 2459 1482 2484; x_wconf 87' lang='lat' dir='ltr'>suum</span> <span class='ocrx_word' id='word_1_355' title='bbox 1502 2446 1721 2493; x_wconf 80' lang='lat' dir='ltr'>afferentes,</span> 
     </span>
     <span class='ocr_line' id='line_1_38' title="bbox 247 2506 1722 2559; baseline 0 -13"><span class='ocrx_word' id='word_1_356' title='bbox 247 2507 315 2546; x_wconf 91' lang='lat' dir='ltr'>sed</span> <span class='ocrx_word' id='word_1_357' title='bbox 337 2513 376 2545; x_wconf 89' lang='lat' dir='ltr'>et</span> <span class='ocrx_word' id='word_1_358' title='bbox 396 2507 532 2545; x_wconf 92' lang='lat' dir='ltr'>horum</span> <span class='ocrx_word' id='word_1_359' title='bbox 554 2507 725 2545; x_wconf 89' lang='lat' dir='ltr'>carmina</span> <span class='ocrx_word' id='word_1_360' title='bbox 751 2506 1028 2556; x_wconf 86' lang='lat' dir='ltr'>rhapsodorum</span> <span class='ocrx_word' id='word_1_361' title='bbox 1050 2520 1156 2545; x_wconf 90' lang='lat' dir='ltr'>more</span> <span class='ocrx_word' id='word_1_362' title='bbox 1177 2508 1436 2545; x_wconf 88' lang='lat' dir='ltr'>decantantes</span> <span class='ocrx_word' id='word_1_363' title='bbox 1456 2514 1494 2545; x_wconf 92' lang='lat' dir='ltr'>et</span> <span class='ocrx_word' id='word_1_364' title='bbox 1512 2508 1722 2559; x_wconf 86' lang='lat' dir='ltr'>elegantis-</span> 
     </span>
     <span class='ocr_line' id='line_1_39' title="bbox 247 2567 1720 2620; baseline 0 -13"><span class='ocrx_word' id='word_1_365' title='bbox 247 2569 343 2607; x_wconf 88' lang='lat' dir='ltr'>sima</span> <span class='ocrx_word' id='word_1_366' title='bbox 371 2582 537 2620; x_wconf 88' lang='lat' dir='ltr'>quaeque</span> <span class='ocrx_word' id='word_1_367' title='bbox 568 2567 673 2606; x_wconf 87' lang='lat' dir='ltr'>dicta</span> <span class='ocrx_word' id='word_1_368' title='bbox 693 2574 866 2605; x_wconf 90' lang='lat' dir='ltr'>veterum</span> <span class='ocrx_word' id='word_1_369' title='bbox 895 2568 1130 2606; x_wconf 83' lang='lat' dir='ltr'>referentes:</span> <span class='ocrx_word' id='word_1_370' title='bbox 1163 2581 1281 2619; x_wconf 90' lang='lat' dir='ltr'>quum</span> <span class='ocrx_word' id='word_1_371' title='bbox 1313 2576 1442 2606; x_wconf 88' lang='lat' dir='ltr'>autem</span> <span class='ocrx_word' id='word_1_372' title='bbox 1471 2581 1618 2606; x_wconf 88' lang='lat' dir='ltr'>corona</span> <span class='ocrx_word' id='word_1_373' title='bbox 1646 2571 1720 2607; x_wconf 90' lang='lat' dir='ltr'>cir-</span> 
     </span>
     <span class='ocr_line' id='line_1_40' title="bbox 246 2629 1718 2681; baseline 0.002 -14"><span class='ocrx_word' id='word_1_374' title='bbox 246 2631 527 2668; x_wconf 84' lang='lat' dir='ltr'>cumstantium</span> <span class='ocrx_word' id='word_1_375' title='bbox 556 2629 861 2680; x_wconf 84' lang='lat' dir='ltr'>disputationem</span> <span class='ocrx_word' id='word_1_376' title='bbox 898 2642 1029 2667; x_wconf 84' lang='lat' dir='ltr'>eorum</span> <span class='ocrx_word' id='word_1_377' title='bbox 1064 2631 1332 2681; x_wconf 87' lang='lat' dir='ltr'>approbasset,</span> <span class='ocrx_word' id='word_1_378' title='bbox 1369 2643 1488 2667; x_wconf 76' lang='lat' dir='ltr'>unuin</span> <span class='ocrx_word' id='word_1_379' title='bbox 1523 2632 1718 2681; x_wconf 90' lang='lat' dir='ltr'>quendam</span> 
     </span>
     <span class='ocr_line' id='line_1_41' title="bbox 245 2690 1719 2742; baseline 0.002 -13"><span class='ocrx_word' id='word_1_380' title='bbox 245 2691 547 2730; x_wconf 86' lang='lat' dir='ltr'>audacissimum</span> <span class='ocrx_word' id='word_1_381' title='bbox 569 2691 732 2742; x_wconf 85' lang='lat' dir='ltr'>coepisse</span> <span class='ocrx_word' id='word_1_382' title='bbox 752 2704 812 2730; x_wconf 89' lang='lat' dir='ltr'>me</span> <span class='ocrx_word' id='word_1_383' title='bbox 833 2690 1073 2737; x_wconf 88' lang='lat' dir='ltr'>calumniari,</span> <span class='ocrx_word' id='word_1_384' title='bbox 1090 2705 1209 2742; x_wconf 91' lang='lat' dir='ltr'>quum</span> <span class='ocrx_word' id='word_1_385' title='bbox 1231 2690 1378 2729; x_wconf 90' lang='lat' dir='ltr'>diceret</span> <span class='ocrx_word' id='word_1_386' title='bbox 1393 2704 1452 2729; x_wconf 90' lang='lat' dir='ltr'>me</span> <span class='ocrx_word' id='word_1_387' title='bbox 1469 2691 1552 2742; x_wconf 87' lang='lat' dir='ltr'>ejus</span> <span class='ocrx_word' id='word_1_388' title='bbox 1568 2694 1719 2742; x_wconf 87' lang='lat' dir='ltr'>generis</span> 
     </span>
     <span class='ocr_line' id='line_1_42' title="bbox 246 2753 1721 2800; baseline 0.002 -8"><span class='ocrx_word' id='word_1_389' title='bbox 246 2753 376 2792; x_wconf 90' lang='lat' dir='ltr'>omnia</span> <span class='ocrx_word' id='word_1_390' title='bbox 396 2760 657 2800; x_wconf 85' lang='lat' dir='ltr'>contemnere,</span> <span class='ocrx_word' id='word_1_391' title='bbox 676 2759 716 2791; x_wconf 90' lang='lat' dir='ltr'>et</span> <span class='ocrx_word' id='word_1_392' title='bbox 736 2753 866 2791; x_wconf 89' lang='lat' dir='ltr'>studia</span> <span class='ocrx_word' id='word_1_393' title='bbox 886 2760 924 2791; x_wconf 89' lang='lat' dir='ltr'>et</span> <span class='ocrx_word' id='word_1_394' title='bbox 943 2753 1222 2792; x_wconf 88' lang='lat' dir='ltr'>institutionem</span> <span class='ocrx_word' id='word_1_395' title='bbox 1245 2753 1406 2791; x_wconf 88' lang='lat' dir='ltr'>aliorum</span> <span class='ocrx_word' id='word_1_396' title='bbox 1427 2755 1597 2792; x_wconf 90' lang='lat' dir='ltr'>omnium</span> <span class='ocrx_word' id='word_1_397' title='bbox 1619 2769 1721 2795; x_wconf 90' lang='lat' dir='ltr'>ever-</span> 
     </span>
     <span class='ocr_line' id='line_1_43' title="bbox 244 2814 1715 2867; baseline 0.001 -13"><span class='ocrx_word' id='word_1_398' title='bbox 244 2821 338 2861; x_wconf 86' lang='lat' dir='ltr'>tere,</span> <span class='ocrx_word' id='word_1_399' title='bbox 358 2814 423 2865; x_wconf 90' lang='lat' dir='ltr'>qui</span> <span class='ocrx_word' id='word_1_400' title='bbox 445 2827 578 2853; x_wconf 88' lang='lat' dir='ltr'>omnes</span> <span class='ocrx_word' id='word_1_401' title='bbox 604 2814 922 2854; x_wconf 86' lang='lat' dir='ltr'>deliraredicam</span> <span class='ocrx_word' id='word_1_402' title='bbox 950 2822 1089 2867; x_wconf 89' lang='lat' dir='ltr'>praeter</span> <span class='ocrx_word' id='word_1_403' title='bbox 1110 2828 1176 2853; x_wconf 90' lang='lat' dir='ltr'>eos</span> <span class='ocrx_word' id='word_1_404' title='bbox 1197 2814 1262 2865; x_wconf 88' lang='lat' dir='ltr'>qui</span> <span class='ocrx_word' id='word_1_405' title='bbox 1287 2829 1310 2852; x_wconf 90' lang='lat' dir='ltr'>a</span> <span class='ocrx_word' id='word_1_406' title='bbox 1330 2828 1389 2853; x_wconf 92' lang='lat' dir='ltr'>me</span> <span class='ocrx_word' id='word_1_407' title='bbox 1421 2815 1499 2854; x_wconf 88' lang='lat' dir='ltr'>sint</span> <span class='ocrx_word' id='word_1_408' title='bbox 1527 2817 1715 2862; x_wconf 81' lang='lat' dir='ltr'>instituti3</span> 
     </span>
     <span class='ocr_line' id='line_1_44' title="bbox 242 2874 1717 2928; baseline 0.003 -14"><span class='ocrx_word' id='word_1_409' title='bbox 242 2889 329 2927; x_wconf 82' lang='lat' dir='ltr'>quae</span> <span class='ocrx_word' id='word_1_410' title='bbox 348 2888 468 2927; x_wconf 89' lang='lat' dir='ltr'>quum</span> <span class='ocrx_word' id='word_1_411' title='bbox 494 2874 599 2913; x_wconf 88' lang='lat' dir='ltr'>dicta</span> <span class='ocrx_word' id='word_1_412' title='bbox 619 2875 797 2922; x_wconf 87' lang='lat' dir='ltr'>fuissent,</span> <span class='ocrx_word' id='word_1_413' title='bbox 819 2876 1008 2928; x_wconf 90' lang='lat' dir='ltr'>quosdam</span> <span class='ocrx_word' id='word_1_414' title='bbox 1038 2889 1087 2915; x_wconf 89' lang='lat' dir='ltr'>ex</span> <span class='ocrx_word' id='word_1_415' title='bbox 1109 2876 1153 2914; x_wconf 89' lang='lat' dir='ltr'>iis</span> <span class='ocrx_word' id='word_1_416' title='bbox 1176 2876 1242 2928; x_wconf 86' lang='lat' dir='ltr'>qui</span> <span class='ocrx_word' id='word_1_417' title='bbox 1272 2877 1456 2915; x_wconf 87' lang='lat' dir='ltr'>adessent</span> <span class='ocrx_word' id='word_1_418' title='bbox 1477 2891 1498 2916; x_wconf 89' lang='lat' dir='ltr'>a</span> <span class='ocrx_word' id='word_1_419' title='bbox 1520 2891 1578 2916; x_wconf 91' lang='lat' dir='ltr'>me</span> <span class='ocrx_word' id='word_1_420' title='bbox 1598 2879 1717 2919; x_wconf 81' lang='lat' dir='ltr'>fuisse</span> 
     </span>
     <span class='ocr_line' id='line_1_45' title="bbox 244 2937 1717 2991; baseline 0.001 -15"><span class='ocrx_word' id='word_1_421' title='bbox 244 2937 446 2977; x_wconf 87' lang='lat' dir='ltr'>alienatos.</span> <span class='ocrx_word' id='word_1_422' title='bbox 505 2937 590 2988; x_wconf 86' lang='lat' dir='ltr'>Ego</span> <span class='ocrx_word' id='word_1_423' title='bbox 604 2951 693 2977; x_wconf 91' lang='lat' dir='ltr'>vero</span> <span class='ocrx_word' id='word_1_424' title='bbox 709 2945 950 2990; x_wconf 88' lang='lat' dir='ltr'>quantopere</span> <span class='ocrx_word' id='word_1_425' title='bbox 971 2938 1160 2977; x_wconf 86' lang='lat' dir='ltr'>doluerim</span> <span class='ocrx_word' id='word_1_426' title='bbox 1182 2951 1227 2977; x_wconf 87' lang='lat' dir='ltr'>ac</span> <span class='ocrx_word' id='word_1_427' title='bbox 1245 2940 1490 2989; x_wconf 88' lang='lat' dir='ltr'>perturbatus</span> <span class='ocrx_word' id='word_1_428' title='bbox 1508 2940 1580 2978; x_wconf 91' lang='lat' dir='ltr'>sim</span> <span class='ocrx_word' id='word_1_429' title='bbox 1596 2954 1717 2991; x_wconf 85' lang='lat' dir='ltr'>quum</span> 
     </span>
    </p>
   </div>
  </div>
 </body>
</html>
