<?xml version="1.0" encoding="UTF-8"?>
<!DOCTYPE html PUBLIC "-//W3C//DTD XHTML 1.0 Transitional//EN"
    "http://www.w3.org/TR/xhtml1/DTD/xhtml1-transitional.dtd">
<html xmlns="http://www.w3.org/1999/xhtml" xml:lang="en" lang="en">
 <head>
  <title>
</title>
<meta http-equiv="Content-Type" content="text/html;charset=utf-8" />
  <meta name='ocr-system' content='tesseract 3.04.00' />
  <meta name='ocr-capabilities' content='ocr_page ocr_carea ocr_par ocr_line ocrx_word'/>
</head>
<body>
  <div class='ocr_page' id='page_1' title='image "./oratoresatticie14dobs_0309.png"; bbox 0 0 1870 3277; ppageno 0'>
   <div class='ocr_carea' id='block_1_1' title="bbox 696 165 1606 227">
    <p class='ocr_par' dir='ltr' id='par_1_1' title="bbox 696 165 1606 227">
     <span class='ocr_line' id='line_1_1' title="bbox 696 165 1606 227; baseline 0.004 -5"><span class='ocrx_word' id='word_1_1' title='bbox 696 165 953 222; x_wconf 78' lang='lat' dir='ltr'>EPISTOLA</span> <span class='ocrx_word' id='word_1_2' title='bbox 984 185 1092 221; x_wconf 82' lang='lat' dir='ltr'><strong>vni.</strong></span> <span class='ocrx_word' id='word_1_3' title='bbox 1533 191 1606 227; x_wconf 79' lang='lat'><strong>297</strong></span> 
     </span>
    </p>
   </div>
   <div class='ocr_carea' id='block_1_2' title="bbox 139 285 1604 2485">
    <p class='ocr_par' dir='ltr' id='par_1_2' title="bbox 163 285 1604 522">
     <span class='ocr_line' id='line_1_2' title="bbox 166 285 1604 341; baseline 0.007 -20"><span class='ocrx_word' id='word_1_4' title='bbox 166 285 305 322; x_wconf 87' lang='lat' dir='ltr'><strong>faciant</strong></span> <span class='ocrx_word' id='word_1_5' title='bbox 331 286 449 323; x_wconf 86' lang='lat' dir='ltr'><strong>bonos</strong></span> <span class='ocrx_word' id='word_1_6' title='bbox 471 294 508 323; x_wconf 91' lang='lat' dir='ltr'><strong>et</strong></span> <span class='ocrx_word' id='word_1_7' title='bbox 537 289 658 334; x_wconf 85' lang='lat' dir='ltr'><strong>justos</strong></span> <span class='ocrx_word' id='word_1_8' title='bbox 680 287 1038 337; x_wconf 84' lang='lat' dir='ltr'><strong>rerumpublicarum</strong></span> <span class='ocrx_word' id='word_1_9' title='bbox 1065 289 1350 337; x_wconf 82' lang='lat' dir='ltr'><strong>gubernatores,</strong></span> <span class='ocrx_word' id='word_1_10' title='bbox 1374 292 1604 341; x_wconf 82' lang='lat' dir='ltr'><strong>proximum-</strong></span> 
     </span>
     <span class='ocr_line' id='line_1_3' title="bbox 165 345 1604 402; baseline 0.008 -21"><span class='ocrx_word' id='word_1_11' title='bbox 165 357 237 394; x_wconf 88' lang='lat' dir='ltr'><strong>que</strong></span> <span class='ocrx_word' id='word_1_12' title='bbox 256 345 408 384; x_wconf 89' lang='lat' dir='ltr'><strong>honoris</strong></span> <span class='ocrx_word' id='word_1_13' title='bbox 423 347 582 397; x_wconf 79' lang='lat' dir='ltr'><strong>gradum</strong></span> <span class='ocrx_word' id='word_1_14' title='bbox 597 348 640 385; x_wconf 84' lang='lat' dir='ltr'><strong>iis</strong></span> <span class='ocrx_word' id='word_1_15' title='bbox 662 348 828 385; x_wconf 83' lang='lat' dir='ltr'><strong>tribuant</strong></span> <span class='ocrx_word' id='word_1_16' title='bbox 844 347 908 397; x_wconf 88' lang='lat' dir='ltr'><strong>qui</strong></span> <span class='ocrx_word' id='word_1_17' title='bbox 923 347 1064 385; x_wconf 89' lang='lat' dir='ltr'><strong>civitati</strong></span> <span class='ocrx_word' id='word_1_18' title='bbox 1078 358 1303 388; x_wconf 89' lang='lat' dir='ltr'><strong>ornamento</strong></span> <span class='ocrx_word' id='word_1_19' title='bbox 1320 360 1357 389; x_wconf 82' lang='lat' dir='ltr'><strong>et</strong></span> <span class='ocrx_word' id='word_1_20' title='bbox 1377 352 1507 402; x_wconf 78' lang='lat' dir='ltr'><strong>gloriae</strong></span> <span class='ocrx_word' id='word_1_21' title='bbox 1523 367 1604 393; x_wconf 88' lang='lat' dir='ltr'><strong>esse</strong></span> 
     </span>
     <span class='ocr_line' id='line_1_4' title="bbox 163 410 1603 463; baseline 0.007 -17"><span class='ocrx_word' id='word_1_22' title='bbox 163 416 343 458; x_wconf 87' lang='lat' dir='ltr'><strong>possunt:</strong></span> <span class='ocrx_word' id='word_1_23' title='bbox 373 410 541 461; x_wconf 85' lang='lat' dir='ltr'><strong>plerique</strong></span> <span class='ocrx_word' id='word_1_24' title='bbox 569 412 679 457; x_wconf 88' lang='lat' dir='ltr'><strong>enim,</strong></span> <span class='ocrx_word' id='word_1_25' title='bbox 706 412 743 448; x_wconf 89' lang='lat' dir='ltr'><strong>in</strong></span> <span class='ocrx_word' id='word_1_26' title='bbox 762 411 844 448; x_wconf 83' lang='lat' dir='ltr'><strong>haec</strong></span> <span class='ocrx_word' id='word_1_27' title='bbox 870 423 941 448; x_wconf 89' lang='lat' dir='ltr'><strong>ceu</strong></span> <span class='ocrx_word' id='word_1_28' title='bbox 961 412 1155 462; x_wconf 86' lang='lat' dir='ltr'><strong>specimen</strong></span> <span class='ocrx_word' id='word_1_29' title='bbox 1175 413 1369 463; x_wconf 89' lang='lat' dir='ltr'><strong>quoddam</strong></span> <span class='ocrx_word' id='word_1_30' title='bbox 1398 418 1603 462; x_wconf 90' lang='lat' dir='ltr'><strong>intuentes,</strong></span> 
     </span>
     <span class='ocr_line' id='line_1_5' title="bbox 163 469 1391 522; baseline 0.007 -17"><span class='ocrx_word' id='word_1_31' title='bbox 163 469 328 520; x_wconf 87' lang='lat' dir='ltr'><strong>reliquos</strong></span> <span class='ocrx_word' id='word_1_32' title='bbox 348 471 450 510; x_wconf 90' lang='lat' dir='ltr'><strong>cives</strong></span> <span class='ocrx_word' id='word_1_33' title='bbox 466 473 662 510; x_wconf 89' lang='lat' dir='ltr'><strong>universos</strong></span> <span class='ocrx_word' id='word_1_34' title='bbox 681 471 821 509; x_wconf 89' lang='lat' dir='ltr'><strong>talibus</strong></span> <span class='ocrx_word' id='word_1_35' title='bbox 842 471 928 509; x_wconf 90' lang='lat' dir='ltr'><strong>viris</strong></span> <span class='ocrx_word' id='word_1_36' title='bbox 947 472 1087 511; x_wconf 85' lang='lat' dir='ltr'><strong>similes</strong></span> <span class='ocrx_word' id='word_1_37' title='bbox 1103 486 1188 511; x_wconf 86' lang='lat' dir='ltr'><strong>esse</strong></span> <span class='ocrx_word' id='word_1_38' title='bbox 1200 474 1391 522; x_wconf 88' lang='lat' dir='ltr'><strong>judicant.</strong></span> 
     </span>
    </p>

    <p class='ocr_par' dir='ltr' id='par_1_3' title="bbox 159 531 1600 706">
     <span class='ocr_line' id='line_1_6' title="bbox 214 531 1599 586; baseline 0.006 -19"><span class='ocrx_word' id='word_1_39' title='bbox 214 533 251 567; x_wconf 85' lang='lat'><strong>4.</strong></span> <span class='ocrx_word' id='word_1_40' title='bbox 283 532 472 571; x_wconf 85' lang='lat' dir='ltr'><strong>Fortassis</strong></span> <span class='ocrx_word' id='word_1_41' title='bbox 495 540 624 570; x_wconf 89' lang='lat' dir='ltr'><strong>autem</strong></span> <span class='ocrx_word' id='word_1_42' title='bbox 644 532 781 569; x_wconf 89' lang='lat' dir='ltr'><strong>dixerit</strong></span> <span class='ocrx_word' id='word_1_43' title='bbox 801 531 950 583; x_wconf 85' lang='lat' dir='ltr'><strong>aliquis,</strong></span> <span class='ocrx_word' id='word_1_44' title='bbox 971 533 1003 570; x_wconf 90' lang='lat' dir='ltr'><strong>si</strong></span> <span class='ocrx_word' id='word_1_45' title='bbox 1023 534 1089 584; x_wconf 92' lang='lat' dir='ltr'><strong>qui</strong></span> <span class='ocrx_word' id='word_1_46' title='bbox 1108 535 1336 572; x_wconf 90' lang='lat' dir='ltr'><strong>beneficium</strong></span> <span class='ocrx_word' id='word_1_47' title='bbox 1360 543 1503 586; x_wconf 91' lang='lat' dir='ltr'><strong>petant,</strong></span> <span class='ocrx_word' id='word_1_48' title='bbox 1524 550 1599 575; x_wconf 92' lang='lat' dir='ltr'><strong>non</strong></span> 
     </span>
     <span class='ocr_line' id='line_1_7' title="bbox 161 593 1600 648; baseline 0.006 -20"><span class='ocrx_word' id='word_1_49' title='bbox 161 604 238 630; x_wconf 91' lang='lat' dir='ltr'><strong>rem</strong></span> <span class='ocrx_word' id='word_1_50' title='bbox 263 593 384 644; x_wconf 87' lang='lat' dir='ltr'><strong>ipsam</strong></span> <span class='ocrx_word' id='word_1_51' title='bbox 403 602 550 632; x_wconf 87' lang='lat' dir='ltr'><strong>tantum</strong></span> <span class='ocrx_word' id='word_1_52' title='bbox 576 606 657 631; x_wconf 88' lang='lat' dir='ltr'><strong>esse</strong></span> <span class='ocrx_word' id='word_1_53' title='bbox 685 593 931 638; x_wconf 82' lang='lat' dir='ltr'><strong>laudandam,</strong></span> <span class='ocrx_word' id='word_1_54' title='bbox 958 595 1026 632; x_wconf 86' lang='lat' dir='ltr'><strong>sed</strong></span> <span class='ocrx_word' id='word_1_55' title='bbox 1051 596 1330 634; x_wconf 88' lang='lat' dir='ltr'><strong>ostendendum</strong></span> <span class='ocrx_word' id='word_1_56' title='bbox 1357 598 1472 636; x_wconf 90' lang='lat' dir='ltr'><strong>etiam</strong></span> <span class='ocrx_word' id='word_1_57' title='bbox 1496 598 1600 648; x_wconf 88' lang='lat' dir='ltr'><strong>ipsos</strong></span> 
     </span>
     <span class='ocr_line' id='line_1_8' title="bbox 159 654 1122 706; baseline 0.004 -16"><span class='ocrx_word' id='word_1_58' title='bbox 159 666 234 691; x_wconf 91' lang='lat' dir='ltr'><strong>non</strong></span> <span class='ocrx_word' id='word_1_59' title='bbox 255 667 341 693; x_wconf 86' lang='lat' dir='ltr'><strong>esse</strong></span> <span class='ocrx_word' id='word_1_60' title='bbox 360 656 534 706; x_wconf 85' lang='lat' dir='ltr'><strong>indignos</strong></span> <span class='ocrx_word' id='word_1_61' title='bbox 555 668 600 692; x_wconf 91' lang='lat' dir='ltr'><strong>ea</strong></span> <span class='ocrx_word' id='word_1_62' title='bbox 619 668 658 691; x_wconf 88' lang='lat' dir='ltr'><strong>re</strong></span> <span class='ocrx_word' id='word_1_63' title='bbox 674 654 723 692; x_wconf 91' lang='lat' dir='ltr'><strong>de</strong></span> <span class='ocrx_word' id='word_1_64' title='bbox 740 667 816 705; x_wconf 91' lang='lat' dir='ltr'><strong>qua</strong></span> <span class='ocrx_word' id='word_1_65' title='bbox 831 656 949 693; x_wconf 89' lang='lat' dir='ltr'><strong>verba</strong></span> <span class='ocrx_word' id='word_1_66' title='bbox 967 656 1122 694; x_wconf 84' lang='lat' dir='ltr'><strong>faciant.</strong></span> 
     </span>
    </p>

    <p class='ocr_par' dir='ltr' id='par_1_4' title="bbox 147 716 1601 1611">
     <span class='ocr_line' id='line_1_9' title="bbox 213 716 1601 769; baseline 0.004 -17"><span class='ocrx_word' id='word_1_67' title='bbox 213 718 250 753; x_wconf 85' lang='lat'><strong>5.</strong></span> <span class='ocrx_word' id='word_1_68' title='bbox 281 717 344 754; x_wconf 87' lang='lat' dir='ltr'><strong>Sic</strong></span> <span class='ocrx_word' id='word_1_69' title='bbox 363 724 488 755; x_wconf 91' lang='lat' dir='ltr'><strong>autem</strong></span> <span class='ocrx_word' id='word_1_70' title='bbox 503 717 589 754; x_wconf 85' lang='lat' dir='ltr'><strong>haec</strong></span> <span class='ocrx_word' id='word_1_71' title='bbox 605 729 645 754; x_wconf 92' lang='lat' dir='ltr'><strong>se</strong></span> <span class='ocrx_word' id='word_1_72' title='bbox 664 729 722 753; x_wconf 92' lang='lat' dir='ltr'><strong>res</strong></span> <span class='ocrx_word' id='word_1_73' title='bbox 741 716 871 754; x_wconf 89' lang='lat' dir='ltr'><strong>habet.</strong></span> <span class='ocrx_word' id='word_1_74' title='bbox 930 718 1013 767; x_wconf 81' lang='lat' dir='ltr'><strong>Ego</strong></span> <span class='ocrx_word' id='word_1_75' title='bbox 1029 718 1190 769; x_wconf 91' lang='lat' dir='ltr'><strong>reipubl.</strong></span> <span class='ocrx_word' id='word_1_76' title='bbox 1211 718 1537 757; x_wconf 83' lang='lat' dir='ltr'><strong>administratione</strong></span> <span class='ocrx_word' id='word_1_77' title='bbox 1563 728 1601 758; x_wconf 92' lang='lat' dir='ltr'><strong>et</strong></span> 
     </span>
     <span class='ocr_line' id='line_1_10' title="bbox 158 777 1598 829; baseline 0.003 -15"><span class='ocrx_word' id='word_1_78' title='bbox 158 777 403 815; x_wconf 78' lang='lat' dir='ltr'><strong>conc10nibus</strong></span> <span class='ocrx_word' id='word_1_79' title='bbox 419 777 604 816; x_wconf 85' lang='lat' dir='ltr'><strong>habendis</strong></span> <span class='ocrx_word' id='word_1_80' title='bbox 626 777 807 822; x_wconf 85' lang='lat' dir='ltr'><strong>abstinui,</strong></span> <span class='ocrx_word' id='word_1_81' title='bbox 824 785 1027 828; x_wconf 88' lang='lat' dir='ltr'><strong>propterea</strong></span> <span class='ocrx_word' id='word_1_82' title='bbox 1045 779 1147 829; x_wconf 92' lang='lat' dir='ltr'><strong>quod</strong></span> <span class='ocrx_word' id='word_1_83' title='bbox 1162 786 1200 816; x_wconf 92' lang='lat' dir='ltr'><strong>et</strong></span> <span class='ocrx_word' id='word_1_84' title='bbox 1216 792 1288 817; x_wconf 83' lang='lat' dir='ltr'><strong>vox</strong></span> <span class='ocrx_word' id='word_1_85' title='bbox 1303 785 1342 817; x_wconf 89' lang='lat' dir='ltr'><strong>et</strong></span> <span class='ocrx_word' id='word_1_86' title='bbox 1361 780 1524 818; x_wconf 91' lang='lat' dir='ltr'><strong>audacia</strong></span> <span class='ocrx_word' id='word_1_87' title='bbox 1540 794 1598 818; x_wconf 91' lang='lat' dir='ltr'><strong>me</strong></span> 
     </span>
     <span class='ocr_line' id='line_1_11' title="bbox 159 838 1597 880; baseline 0.003 -5"><span class='ocrx_word' id='word_1_88' title='bbox 159 838 385 876; x_wconf 84' lang='lat' dir='ltr'><strong>deficiebat:</strong></span> <span class='ocrx_word' id='word_1_89' title='bbox 415 852 492 876; x_wconf 92' lang='lat' dir='ltr'><strong>non</strong></span> <span class='ocrx_word' id='word_1_90' title='bbox 525 846 651 876; x_wconf 88' lang='lat' dir='ltr'><strong>tamen</strong></span> <span class='ocrx_word' id='word_1_91' title='bbox 680 839 834 876; x_wconf 89' lang='lat' dir='ltr'><strong>omnino</strong></span> <span class='ocrx_word' id='word_1_92' title='bbox 854 839 982 876; x_wconf 89' lang='lat' dir='ltr'><strong>nullus</strong></span> <span class='ocrx_word' id='word_1_93' title='bbox 1009 840 1083 877; x_wconf 90' lang='lat' dir='ltr'><strong>mei</strong></span> <span class='ocrx_word' id='word_1_94' title='bbox 1105 853 1196 877; x_wconf 90' lang='lat' dir='ltr'><strong>usus</strong></span> <span class='ocrx_word' id='word_1_95' title='bbox 1223 848 1289 878; x_wconf 88' lang='lat' dir='ltr'><strong>aut</strong></span> <span class='ocrx_word' id='word_1_96' title='bbox 1314 841 1420 879; x_wconf 90' lang='lat' dir='ltr'><strong>nulla</strong></span> <span class='ocrx_word' id='word_1_97' title='bbox 1439 842 1510 879; x_wconf 89' lang='lat' dir='ltr'><strong>fuit</strong></span> <span class='ocrx_word' id='word_1_98' title='bbox 1530 855 1597 880; x_wconf 91' lang='lat' dir='ltr'><strong>au-</strong></span> 
     </span>
     <span class='ocr_line' id='line_1_12' title="bbox 158 898 1597 954; baseline 0.003 -18"><span class='ocrx_word' id='word_1_99' title='bbox 158 898 322 945; x_wconf 84' lang='lat' dir='ltr'><strong>ctoritas,</strong></span> <span class='ocrx_word' id='word_1_100' title='bbox 349 900 417 937; x_wconf 91' lang='lat' dir='ltr'><strong>sed</strong></span> <span class='ocrx_word' id='word_1_101' title='bbox 444 913 502 938; x_wconf 89' lang='lat' dir='ltr'><strong>me</strong></span> <span class='ocrx_word' id='word_1_102' title='bbox 529 900 601 946; x_wconf 91' lang='lat' dir='ltr'><strong>his,</strong></span> <span class='ocrx_word' id='word_1_103' title='bbox 623 900 686 950; x_wconf 90' lang='lat' dir='ltr'><strong>qui</strong></span> <span class='ocrx_word' id='word_1_104' title='bbox 705 909 842 938; x_wconf 85' lang='lat' dir='ltr'><strong>vestrae</strong></span> <span class='ocrx_word' id='word_1_105' title='bbox 869 907 1170 952; x_wconf 84' lang='lat' dir='ltr'><strong>caeterorumque</strong></span> <span class='ocrx_word' id='word_1_106' title='bbox 1199 902 1389 940; x_wconf 89' lang='lat' dir='ltr'><strong>sociorum</strong></span> <span class='ocrx_word' id='word_1_107' title='bbox 1422 902 1597 954; x_wconf 84' lang='lat' dir='ltr'><strong>dignitati</strong></span> 
     </span>
     <span class='ocr_line' id='line_1_13' title="bbox 156 961 1596 1015; baseline 0.006 -19"><span class='ocrx_word' id='word_1_108' title='bbox 156 972 199 997; x_wconf 89' lang='lat' dir='ltr'><strong>ac</strong></span> <span class='ocrx_word' id='word_1_109' title='bbox 218 961 429 999; x_wconf 89' lang='lat' dir='ltr'><strong>commodis</strong></span> <span class='ocrx_word' id='word_1_110' title='bbox 456 962 681 1012; x_wconf 87' lang='lat' dir='ltr'><strong>patrocinati</strong></span> <span class='ocrx_word' id='word_1_111' title='bbox 711 969 811 1007; x_wconf 90' lang='lat' dir='ltr'><strong>sunt,</strong></span> <span class='ocrx_word' id='word_1_112' title='bbox 837 971 876 1000; x_wconf 89' lang='lat' dir='ltr'><strong>et</strong></span> <span class='ocrx_word' id='word_1_113' title='bbox 900 963 1158 1001; x_wconf 87' lang='lat' dir='ltr'><strong>consiliarium</strong></span> <span class='ocrx_word' id='word_1_114' title='bbox 1178 971 1216 1001; x_wconf 89' lang='lat' dir='ltr'><strong>et</strong></span> <span class='ocrx_word' id='word_1_115' title='bbox 1243 964 1457 1015; x_wconf 77' lang='lat' dir='ltr'><strong>adjutorem</strong></span> <span class='ocrx_word' id='word_1_116' title='bbox 1477 965 1596 1005; x_wconf 86' lang='lat' dir='ltr'><strong>fuisse</strong></span> 
     </span>
     <span class='ocr_line' id='line_1_14' title="bbox 155 1021 1596 1076; baseline 0.004 -18"><span class='ocrx_word' id='word_1_117' title='bbox 155 1021 416 1072; x_wconf 87' lang='lat' dir='ltr'><strong>comperietis;</strong></span> <span class='ocrx_word' id='word_1_118' title='bbox 456 1028 642 1073; x_wconf 81' lang='lat' dir='ltr'><strong>praeterea</strong></span> <span class='ocrx_word' id='word_1_119' title='bbox 674 1023 781 1073; x_wconf 89' lang='lat' dir='ltr'><strong>plura</strong></span> <span class='ocrx_word' id='word_1_120' title='bbox 813 1024 929 1061; x_wconf 92' lang='lat' dir='ltr'><strong>verba</strong></span> <span class='ocrx_word' id='word_1_121' title='bbox 960 1024 1031 1062; x_wconf 89' lang='lat' dir='ltr'><strong>feci</strong></span> <span class='ocrx_word' id='word_1_122' title='bbox 1062 1024 1111 1062; x_wconf 92' lang='lat' dir='ltr'><strong>de</strong></span> <span class='ocrx_word' id='word_1_123' title='bbox 1143 1024 1316 1062; x_wconf 86' lang='lat' dir='ltr'><strong>libertate</strong></span> <span class='ocrx_word' id='word_1_124' title='bbox 1346 1032 1383 1063; x_wconf 86' lang='lat' dir='ltr'><strong>et</strong></span> <span class='ocrx_word' id='word_1_125' title='bbox 1409 1025 1495 1076; x_wconf 89' lang='lat' dir='ltr'><strong>jure</strong></span> <span class='ocrx_word' id='word_1_126' title='bbox 1526 1040 1596 1065; x_wconf 92' lang='lat' dir='ltr'><strong>suo</strong></span> 
     </span>
     <span class='ocr_line' id='line_1_15' title="bbox 157 1081 1599 1136; baseline 0.003 -16"><span class='ocrx_word' id='word_1_127' title='bbox 157 1081 304 1120; x_wconf 84' lang='lat' dir='ltr'><strong>Graecis</strong></span> <span class='ocrx_word' id='word_1_128' title='bbox 316 1083 553 1122; x_wconf 87' lang='lat' dir='ltr'><strong>restituendo</strong></span> <span class='ocrx_word' id='word_1_129' title='bbox 573 1097 687 1135; x_wconf 88' lang='lat' dir='ltr'><strong>quam</strong></span> <span class='ocrx_word' id='word_1_130' title='bbox 702 1097 832 1122; x_wconf 90' lang='lat' dir='ltr'><strong>omnes</strong></span> <span class='ocrx_word' id='word_1_131' title='bbox 851 1084 913 1122; x_wconf 89' lang='lat' dir='ltr'><strong>isti</strong></span> <span class='ocrx_word' id='word_1_132' title='bbox 925 1086 990 1134; x_wconf 91' lang='lat' dir='ltr'><strong>qui</strong></span> <span class='ocrx_word' id='word_1_133' title='bbox 1010 1093 1235 1136; x_wconf 83' lang='lat' dir='ltr'><strong>suggestum</strong></span> <span class='ocrx_word' id='word_1_134' title='bbox 1249 1087 1390 1124; x_wconf 85' lang='lat' dir='ltr'><strong>crebris</strong></span> <span class='ocrx_word' id='word_1_135' title='bbox 1410 1087 1599 1126; x_wconf 90' lang='lat' dir='ltr'><strong>concioni—</strong></span> 
     </span>
     <span class='ocr_line' id='line_1_16' title="bbox 153 1143 1596 1195; baseline 0.004 -15"><span class='ocrx_word' id='word_1_136' title='bbox 153 1143 224 1181; x_wconf 88' lang='lat' dir='ltr'><strong>bus</strong></span> <span class='ocrx_word' id='word_1_137' title='bbox 254 1145 525 1184; x_wconf 86' lang='lat' dir='ltr'><strong>contriverunt.</strong></span> <span class='ocrx_word' id='word_1_138' title='bbox 592 1145 667 1184; x_wconf 91' lang='lat' dir='ltr'><strong>Pro</strong></span> <span class='ocrx_word' id='word_1_139' title='bbox 698 1146 835 1195; x_wconf 87' lang='lat' dir='ltr'><strong>quibus</strong></span> <span class='ocrx_word' id='word_1_140' title='bbox 861 1158 928 1183; x_wconf 94' lang='lat' dir='ltr'><strong>vos</strong></span> <span class='ocrx_word' id='word_1_141' title='bbox 959 1146 1049 1183; x_wconf 89' lang='lat' dir='ltr'><strong>mihi</strong></span> <span class='ocrx_word' id='word_1_142' title='bbox 1082 1148 1196 1184; x_wconf 91' lang='lat' dir='ltr'><strong>rebus</strong></span> <span class='ocrx_word' id='word_1_143' title='bbox 1228 1147 1362 1185; x_wconf 88' lang='lat' dir='ltr'><strong>merito</strong></span> <span class='ocrx_word' id='word_1_144' title='bbox 1391 1147 1596 1186; x_wconf 86' lang='lat' dir='ltr'><strong>maximam</strong></span> 
     </span>
     <span class='ocr_line' id='line_1_17' title="bbox 152 1205 1595 1258; baseline 0.003 -16"><span class='ocrx_word' id='word_1_145' title='bbox 152 1205 312 1255; x_wconf 82' lang='lat' dir='ltr'><strong>gratiam</strong></span> <span class='ocrx_word' id='word_1_146' title='bbox 330 1207 539 1250; x_wconf 87' lang='lat' dir='ltr'><strong>haberetis;</strong></span> <span class='ocrx_word' id='word_1_147' title='bbox 570 1220 655 1245; x_wconf 91' lang='lat' dir='ltr'><strong>nam</strong></span> <span class='ocrx_word' id='word_1_148' title='bbox 677 1220 823 1257; x_wconf 87' lang='lat' dir='ltr'><strong>semper</strong></span> <span class='ocrx_word' id='word_1_149' title='bbox 843 1206 945 1245; x_wconf 84' lang='lat' dir='ltr'><strong>bunc</strong></span> <span class='ocrx_word' id='word_1_150' title='bbox 966 1207 1124 1258; x_wconf 88' lang='lat' dir='ltr'><strong>reipubl.</strong></span> <span class='ocrx_word' id='word_1_151' title='bbox 1146 1214 1286 1246; x_wconf 89' lang='lat' dir='ltr'><strong>statum</strong></span> <span class='ocrx_word' id='word_1_152' title='bbox 1308 1208 1470 1246; x_wconf 81' lang='lat' dir='ltr'><strong>maxime</strong></span> <span class='ocrx_word' id='word_1_153' title='bbox 1498 1208 1595 1247; x_wconf 89' lang='lat' dir='ltr'><strong>desi-</strong></span> 
     </span>
     <span class='ocr_line' id='line_1_18' title="bbox 152 1266 1594 1316; baseline 0.004 -13"><span class='ocrx_word' id='word_1_154' title='bbox 152 1266 322 1304; x_wconf 86' lang='lat' dir='ltr'><strong>derastis.</strong></span> <span class='ocrx_word' id='word_1_155' title='bbox 377 1268 550 1306; x_wconf 85' lang='lat' dir='ltr'><strong>Arbitror</strong></span> <span class='ocrx_word' id='word_1_156' title='bbox 579 1275 707 1306; x_wconf 90' lang='lat' dir='ltr'><strong>autem</strong></span> <span class='ocrx_word' id='word_1_157' title='bbox 727 1268 925 1307; x_wconf 89' lang='lat' dir='ltr'><strong>Cononem</strong></span> <span class='ocrx_word' id='word_1_158' title='bbox 946 1276 985 1306; x_wconf 92' lang='lat' dir='ltr'><strong>et</strong></span> <span class='ocrx_word' id='word_1_159' title='bbox 1015 1269 1259 1307; x_wconf 86' lang='lat' dir='ltr'><strong>Timotheum</strong></span> <span class='ocrx_word' id='word_1_160' title='bbox 1284 1270 1314 1307; x_wconf 89' lang='lat' dir='ltr'><strong>si</strong></span> <span class='ocrx_word' id='word_1_161' title='bbox 1344 1270 1526 1316; x_wconf 88' lang='lat' dir='ltr'><strong>viverent,</strong></span> <span class='ocrx_word' id='word_1_162' title='bbox 1550 1284 1594 1309; x_wconf 86' lang='lat' dir='ltr'><strong>ac</strong></span> 
     </span>
     <span class='ocr_line' id='line_1_19' title="bbox 153 1328 1594 1379; baseline 0.003 -14"><span class='ocrx_word' id='word_1_163' title='bbox 153 1328 411 1379; x_wconf 87' lang='lat' dir='ltr'><strong>Diophantum</strong></span> <span class='ocrx_word' id='word_1_164' title='bbox 433 1331 463 1367; x_wconf 92' lang='lat' dir='ltr'><strong>si</strong></span> <span class='ocrx_word' id='word_1_165' title='bbox 483 1343 532 1368; x_wconf 87' lang='lat' dir='ltr'><strong>ex</strong></span> <span class='ocrx_word' id='word_1_166' title='bbox 558 1330 651 1367; x_wconf 90' lang='lat' dir='ltr'><strong>Asia</strong></span> <span class='ocrx_word' id='word_1_167' title='bbox 673 1330 852 1375; x_wconf 85' lang='lat' dir='ltr'><strong>redisset,</strong></span> <span class='ocrx_word' id='word_1_168' title='bbox 875 1342 960 1368; x_wconf 92' lang='lat' dir='ltr'><strong>mea</strong></span> <span class='ocrx_word' id='word_1_169' title='bbox 980 1343 1099 1368; x_wconf 85' lang='lat' dir='ltr'><strong>causa</strong></span> <span class='ocrx_word' id='word_1_170' title='bbox 1121 1337 1274 1368; x_wconf 91' lang='lat' dir='ltr'><strong>strenue</strong></span> <span class='ocrx_word' id='word_1_171' title='bbox 1299 1331 1416 1368; x_wconf 90' lang='lat' dir='ltr'><strong>fuisse</strong></span> <span class='ocrx_word' id='word_1_172' title='bbox 1442 1330 1594 1370; x_wconf 89' lang='lat' dir='ltr'><strong>labora—</strong></span> 
     </span>
     <span class='ocr_line' id='line_1_20' title="bbox 150 1391 1593 1442; baseline 0.003 -16"><span class='ocrx_word' id='word_1_173' title='bbox 150 1396 271 1437; x_wconf 85' lang='lat' dir='ltr'><strong>turos,</strong></span> <span class='ocrx_word' id='word_1_174' title='bbox 290 1391 355 1441; x_wconf 92' lang='lat' dir='ltr'><strong>qui</strong></span> <span class='ocrx_word' id='word_1_175' title='bbox 383 1391 524 1430; x_wconf 89' lang='lat' dir='ltr'><strong>vellent</strong></span> <span class='ocrx_word' id='word_1_176' title='bbox 554 1403 599 1429; x_wconf 87' lang='lat' dir='ltr'><strong>ea</strong></span> <span class='ocrx_word' id='word_1_177' title='bbox 631 1391 720 1428; x_wconf 91' lang='lat' dir='ltr'><strong>mihi</strong></span> <span class='ocrx_word' id='word_1_178' title='bbox 746 1403 768 1428; x_wconf 89' lang='lat' dir='ltr'><strong>a</strong></span> <span class='ocrx_word' id='word_1_179' title='bbox 792 1391 899 1428; x_wconf 94' lang='lat' dir='ltr'><strong>vobis</strong></span> <span class='ocrx_word' id='word_1_180' title='bbox 934 1391 1049 1430; x_wconf 91' lang='lat' dir='ltr'><strong>tribui</strong></span> <span class='ocrx_word' id='word_1_181' title='bbox 1080 1405 1166 1441; x_wconf 82' lang='lat' dir='ltr'><strong>quae</strong></span> <span class='ocrx_word' id='word_1_182' title='bbox 1201 1404 1308 1442; x_wconf 86' lang='lat' dir='ltr'><strong>rogo.</strong></span> <span class='ocrx_word' id='word_1_183' title='bbox 1367 1391 1427 1428; x_wconf 94' lang='lat' dir='ltr'><strong>De</strong></span> <span class='ocrx_word' id='word_1_184' title='bbox 1454 1392 1593 1441; x_wconf 92' lang='lat' dir='ltr'><strong>quibus</strong></span> 
     </span>
     <span class='ocr_line' id='line_1_21' title="bbox 149 1451 1595 1503; baseline 0.001 -14"><span class='ocrx_word' id='word_1_185' title='bbox 149 1451 276 1489; x_wconf 85' lang='lat' dir='ltr'><strong>nescio</strong></span> <span class='ocrx_word' id='word_1_186' title='bbox 296 1465 477 1503; x_wconf 88' lang='lat' dir='ltr'><strong>quorsum</strong></span> <span class='ocrx_word' id='word_1_187' title='bbox 492 1453 653 1490; x_wconf 86' lang='lat' dir='ltr'><strong>attineat</strong></span> <span class='ocrx_word' id='word_1_188' title='bbox 670 1452 778 1503; x_wconf 88' lang='lat' dir='ltr'><strong>plura</strong></span> <span class='ocrx_word' id='word_1_189' title='bbox 798 1453 913 1490; x_wconf 85' lang='lat' dir='ltr'><strong>verba</strong></span> <span class='ocrx_word' id='word_1_190' title='bbox 933 1453 1057 1490; x_wconf 88' lang='lat' dir='ltr'><strong>facere</strong></span> <span class='ocrx_word' id='word_1_191' title='bbox 1073 1466 1082 1491; x_wconf 89' lang='lat'>:</span> <span class='ocrx_word' id='word_1_192' title='bbox 1114 1464 1226 1489; x_wconf 87' lang='lat' dir='ltr'><strong>nemo</strong></span> <span class='ocrx_word' id='word_1_193' title='bbox 1243 1453 1343 1489; x_wconf 90' lang='lat' dir='ltr'><strong>enim</strong></span> <span class='ocrx_word' id='word_1_194' title='bbox 1358 1458 1524 1490; x_wconf 89' lang='lat' dir='ltr'><strong>vestrum</strong></span> <span class='ocrx_word' id='word_1_195' title='bbox 1543 1454 1595 1491; x_wconf 88' lang='lat' dir='ltr'><strong>ita</strong></span> 
     </span>
     <span class='ocr_line' id='line_1_22' title="bbox 147 1512 1595 1563; baseline 0.002 -14"><span class='ocrx_word' id='word_1_196' title='bbox 147 1512 206 1550; x_wconf 90' lang='lat' dir='ltr'><strong>vel</strong></span> <span class='ocrx_word' id='word_1_197' title='bbox 220 1513 443 1552; x_wconf 86' lang='lat' dir='ltr'><strong>adolescens</strong></span> <span class='ocrx_word' id='word_1_198' title='bbox 458 1514 518 1552; x_wconf 89' lang='lat' dir='ltr'><strong>vel</strong></span> <span class='ocrx_word' id='word_1_199' title='bbox 533 1513 739 1552; x_wconf 90' lang='lat' dir='ltr'><strong>obliviosus</strong></span> <span class='ocrx_word' id='word_1_200' title='bbox 759 1521 830 1559; x_wconf 89' lang='lat' dir='ltr'><strong>est,</strong></span> <span class='ocrx_word' id='word_1_201' title='bbox 843 1513 936 1563; x_wconf 89' lang='lat' dir='ltr'><strong>quin</strong></span> <span class='ocrx_word' id='word_1_202' title='bbox 952 1513 1096 1551; x_wconf 85' lang='lat' dir='ltr'><strong>collata</strong></span> <span class='ocrx_word' id='word_1_203' title='bbox 1108 1512 1146 1550; x_wconf 90' lang='lat' dir='ltr'><strong>in</strong></span> <span class='ocrx_word' id='word_1_204' title='bbox 1161 1525 1229 1551; x_wconf 92' lang='lat' dir='ltr'><strong>vos</strong></span> <span class='ocrx_word' id='word_1_205' title='bbox 1250 1513 1297 1551; x_wconf 90' lang='lat' dir='ltr'><strong>ab</strong></span> <span class='ocrx_word' id='word_1_206' title='bbox 1317 1512 1390 1552; x_wconf 92' lang='lat' dir='ltr'><strong>illis</strong></span> <span class='ocrx_word' id='word_1_207' title='bbox 1406 1513 1595 1552; x_wconf 83' lang='lat' dir='ltr'><strong>beneficia</strong></span> 
     </span>
     <span class='ocr_line' id='line_1_23' title="bbox 148 1573 307 1611; baseline 0.006 -1"><span class='ocrx_word' id='word_1_208' title='bbox 148 1573 307 1611; x_wconf 87' lang='lat' dir='ltr'><strong>noverit.</strong></span> 
     </span>
    </p>

    <p class='ocr_par' dir='ltr' id='par_1_5' title="bbox 143 1634 1594 2042">
     <span class='ocr_line' id='line_1_24' title="bbox 200 1634 1594 1686; baseline 0.002 -15"><span class='ocrx_word' id='word_1_209' title='bbox 200 1635 238 1671; x_wconf 88' lang='lat'><strong>6.</strong></span> <span class='ocrx_word' id='word_1_210' title='bbox 268 1634 333 1673; x_wconf 88' lang='lat' dir='ltr'><strong>Sic</strong></span> <span class='ocrx_word' id='word_1_211' title='bbox 361 1642 486 1673; x_wconf 88' lang='lat' dir='ltr'><strong>autem</strong></span> <span class='ocrx_word' id='word_1_212' title='bbox 507 1636 554 1673; x_wconf 91' lang='lat' dir='ltr'><strong>de</strong></span> <span class='ocrx_word' id='word_1_213' title='bbox 573 1635 647 1674; x_wconf 88' lang='lat' dir='ltr'><strong>hoc</strong></span> <span class='ocrx_word' id='word_1_214' title='bbox 665 1636 822 1686; x_wconf 87' lang='lat' dir='ltr'><strong>negotio</strong></span> <span class='ocrx_word' id='word_1_215' title='bbox 849 1635 1056 1674; x_wconf 86' lang='lat' dir='ltr'><strong>rectissime</strong></span> <span class='ocrx_word' id='word_1_216' title='bbox 1078 1635 1323 1674; x_wconf 88' lang='lat' dir='ltr'><strong>deliberaturi</strong></span> <span class='ocrx_word' id='word_1_217' title='bbox 1350 1635 1540 1684; x_wconf 88' lang='lat' dir='ltr'><strong>videmini,</strong></span> <span class='ocrx_word' id='word_1_218' title='bbox 1562 1638 1594 1675; x_wconf 89' lang='lat' dir='ltr'><strong>si</strong></span> 
     </span>
     <span class='ocr_line' id='line_1_25' title="bbox 147 1695 1592 1748; baseline 0.002 -16"><span class='ocrx_word' id='word_1_219' title='bbox 147 1695 394 1734; x_wconf 88' lang='lat' dir='ltr'><strong>consideretis</strong></span> <span class='ocrx_word' id='word_1_220' title='bbox 416 1704 454 1735; x_wconf 91' lang='lat' dir='ltr'><strong>et</strong></span> <span class='ocrx_word' id='word_1_221' title='bbox 477 1697 563 1748; x_wconf 88' lang='lat' dir='ltr'><strong>quis</strong></span> <span class='ocrx_word' id='word_1_222' title='bbox 584 1697 632 1735; x_wconf 91' lang='lat' dir='ltr'><strong>sit</strong></span> <span class='ocrx_word' id='word_1_223' title='bbox 650 1697 681 1734; x_wconf 92' lang='lat' dir='ltr'><strong>is</strong></span> <span class='ocrx_word' id='word_1_224' title='bbox 700 1697 766 1747; x_wconf 89' lang='lat' dir='ltr'><strong>qui</strong></span> <span class='ocrx_word' id='word_1_225' title='bbox 785 1704 869 1735; x_wconf 86' lang='lat' dir='ltr'><strong>orat</strong></span> <span class='ocrx_word' id='word_1_226' title='bbox 887 1703 925 1734; x_wconf 93' lang='lat' dir='ltr'><strong>et</strong></span> <span class='ocrx_word' id='word_1_227' title='bbox 949 1710 1019 1748; x_wconf 87' lang='lat' dir='ltr'><strong>pro</strong></span> <span class='ocrx_word' id='word_1_228' title='bbox 1038 1697 1214 1747; x_wconf 90' lang='lat' dir='ltr'><strong>qualibus</strong></span> <span class='ocrx_word' id='word_1_229' title='bbox 1237 1696 1454 1735; x_wconf 90' lang='lat' dir='ltr'><strong>hominibus</strong></span> <span class='ocrx_word' id='word_1_230' title='bbox 1475 1697 1592 1736; x_wconf 89' lang='lat' dir='ltr'><strong>inter-</strong></span> 
     </span>
     <span class='ocr_line' id='line_1_26' title="bbox 147 1757 1592 1809; baseline 0.001 -14"><span class='ocrx_word' id='word_1_231' title='bbox 147 1757 271 1795; x_wconf 85' lang='lat' dir='ltr'><strong>cedat.</strong></span> <span class='ocrx_word' id='word_1_232' title='bbox 330 1758 544 1809; x_wconf 89' lang='lat' dir='ltr'><strong>Reperietis</strong></span> <span class='ocrx_word' id='word_1_233' title='bbox 558 1758 673 1809; x_wconf 82' lang='lat' dir='ltr'><strong>igitur</strong></span> <span class='ocrx_word' id='word_1_234' title='bbox 690 1771 751 1796; x_wconf 92' lang='lat' dir='ltr'><strong>me</strong></span> <span class='ocrx_word' id='word_1_235' title='bbox 765 1758 1123 1808; x_wconf 85' lang='lat' dir='ltr'><strong>conjunctissimum</strong></span> <span class='ocrx_word' id='word_1_236' title='bbox 1138 1764 1176 1796; x_wconf 89' lang='lat' dir='ltr'><strong>et</strong></span> <span class='ocrx_word' id='word_1_237' title='bbox 1190 1758 1460 1796; x_wconf 90' lang='lat' dir='ltr'><strong>amicissimum</strong></span> <span class='ocrx_word' id='word_1_238' title='bbox 1473 1757 1592 1797; x_wconf 87' lang='lat' dir='ltr'><strong>fuisse</strong></span> 
     </span>
     <span class='ocr_line' id='line_1_27' title="bbox 147 1818 1592 1870; baseline 0.001 -14"><span class='ocrx_word' id='word_1_239' title='bbox 147 1818 206 1857; x_wconf 89' lang='lat' dir='ltr'><strong>his</strong></span> <span class='ocrx_word' id='word_1_240' title='bbox 226 1820 291 1870; x_wconf 92' lang='lat' dir='ltr'><strong>qui</strong></span> <span class='ocrx_word' id='word_1_241' title='bbox 308 1833 377 1858; x_wconf 89' lang='lat' dir='ltr'><strong>vos</strong></span> <span class='ocrx_word' id='word_1_242' title='bbox 391 1828 430 1858; x_wconf 88' lang='lat' dir='ltr'><strong>et</strong></span> <span class='ocrx_word' id='word_1_243' title='bbox 447 1820 540 1859; x_wconf 88' lang='lat' dir='ltr'><strong>alios</strong></span> <span class='ocrx_word' id='word_1_244' title='bbox 561 1820 717 1859; x_wconf 91' lang='lat' dir='ltr'><strong>summis</strong></span> <span class='ocrx_word' id='word_1_245' title='bbox 736 1819 931 1858; x_wconf 86' lang='lat' dir='ltr'><strong>beneficiis</strong></span> <span class='ocrx_word' id='word_1_246' title='bbox 948 1818 1173 1863; x_wconf 85' lang='lat' dir='ltr'><strong>affecerunt,</strong></span> <span class='ocrx_word' id='word_1_247' title='bbox 1189 1831 1257 1856; x_wconf 91' lang='lat' dir='ltr'><strong>eos</strong></span> <span class='ocrx_word' id='word_1_248' title='bbox 1268 1831 1357 1856; x_wconf 91' lang='lat' dir='ltr'><strong>vero</strong></span> <span class='ocrx_word' id='word_1_249' title='bbox 1372 1830 1439 1868; x_wconf 90' lang='lat' dir='ltr'><strong>pro</strong></span> <span class='ocrx_word' id='word_1_250' title='bbox 1453 1819 1592 1868; x_wconf 90' lang='lat' dir='ltr'><strong>quibus</strong></span> 
     </span>
     <span class='ocr_line' id='line_1_28' title="bbox 143 1879 1590 1932; baseline 0.001 -14"><span class='ocrx_word' id='word_1_251' title='bbox 143 1881 340 1919; x_wconf 84' lang='lat' dir='ltr'><strong>intercedo</strong></span> <span class='ocrx_word' id='word_1_252' title='bbox 354 1882 434 1932; x_wconf 91' lang='lat' dir='ltr'><strong>ejus</strong></span> <span class='ocrx_word' id='word_1_253' title='bbox 447 1882 595 1932; x_wconf 83' lang='lat' dir='ltr'><strong>generis</strong></span> <span class='ocrx_word' id='word_1_254' title='bbox 610 1895 696 1920; x_wconf 91' lang='lat' dir='ltr'><strong>esse</strong></span> <span class='ocrx_word' id='word_1_255' title='bbox 713 1881 902 1927; x_wconf 84' lang='lat' dir='ltr'><strong>homines,</strong></span> <span class='ocrx_word' id='word_1_256' title='bbox 915 1879 979 1930; x_wconf 90' lang='lat' dir='ltr'><strong>qui</strong></span> <span class='ocrx_word' id='word_1_257' title='bbox 995 1893 1065 1918; x_wconf 92' lang='lat' dir='ltr'><strong>nec</strong></span> <span class='ocrx_word' id='word_1_258' title='bbox 1084 1880 1297 1918; x_wconf 84' lang='lat' dir='ltr'><strong>senioribus</strong></span> <span class='ocrx_word' id='word_1_259' title='bbox 1311 1886 1349 1917; x_wconf 90' lang='lat' dir='ltr'><strong>et</strong></span> <span class='ocrx_word' id='word_1_260' title='bbox 1363 1880 1590 1931; x_wconf 85' lang='lat' dir='ltr'><strong>magistratu</strong></span> 
     </span>
     <span class='ocr_line' id='line_1_29' title="bbox 146 1939 1590 1992; baseline 0 -12"><span class='ocrx_word' id='word_1_261' title='bbox 146 1942 314 1992; x_wconf 84' lang='lat' dir='ltr'><strong>praeditis</strong></span> <span class='ocrx_word' id='word_1_262' title='bbox 334 1942 482 1979; x_wconf 89' lang='lat' dir='ltr'><strong>molesti</strong></span> <span class='ocrx_word' id='word_1_263' title='bbox 501 1943 589 1988; x_wconf 88' lang='lat' dir='ltr'><strong>sint,</strong></span> <span class='ocrx_word' id='word_1_264' title='bbox 607 1950 647 1981; x_wconf 87' lang='lat' dir='ltr'><strong>et</strong></span> <span class='ocrx_word' id='word_1_265' title='bbox 670 1941 941 1979; x_wconf 86' lang='lat' dir='ltr'><strong>adolescentes</strong></span> <span class='ocrx_word' id='word_1_266' title='bbox 961 1941 998 1977; x_wconf 93' lang='lat' dir='ltr'><strong>in</strong></span> <span class='ocrx_word' id='word_1_267' title='bbox 1019 1940 1158 1978; x_wconf 89' lang='lat' dir='ltr'><strong>studiis</strong></span> <span class='ocrx_word' id='word_1_268' title='bbox 1172 1939 1356 1991; x_wconf 87' lang='lat' dir='ltr'><strong>jucundis</strong></span> <span class='ocrx_word' id='word_1_269' title='bbox 1373 1947 1411 1978; x_wconf 89' lang='lat' dir='ltr'><strong>et</strong></span> <span class='ocrx_word' id='word_1_270' title='bbox 1436 1941 1590 1980; x_wconf 88' lang='lat' dir='ltr'><strong>utilibus</strong></span> 
     </span>
     <span class='ocr_line' id='line_1_30' title="bbox 146 2004 980 2042; baseline -0.002 0"><span class='ocrx_word' id='word_1_271' title='bbox 146 2010 185 2042; x_wconf 91' lang='lat' dir='ltr'><strong>et</strong></span> <span class='ocrx_word' id='word_1_272' title='bbox 202 2005 291 2042; x_wconf 90' lang='lat' dir='ltr'><strong>huic</strong></span> <span class='ocrx_word' id='word_1_273' title='bbox 310 2005 413 2042; x_wconf 89' lang='lat' dir='ltr'><strong>aetati</strong></span> <span class='ocrx_word' id='word_1_274' title='bbox 431 2004 745 2042; x_wconf 86' lang='lat' dir='ltr'><strong>convenientibus</strong></span> <span class='ocrx_word' id='word_1_275' title='bbox 766 2010 980 2041; x_wconf 88' lang='lat' dir='ltr'><strong>exerceant.</strong></span> 
     </span>
    </p>

    <p class='ocr_par' dir='ltr' id='par_1_6' title="bbox 139 2063 1588 2485">
     <span class='ocr_line' id='line_1_31' title="bbox 198 2063 1588 2115; baseline 0.001 -13"><span class='ocrx_word' id='word_1_276' title='bbox 198 2068 235 2102; x_wconf 89' lang='lat'><strong>7.</strong></span> <span class='ocrx_word' id='word_1_277' title='bbox 266 2066 326 2104; x_wconf 87' lang='lat' dir='ltr'><strong>Ne</strong></span> <span class='ocrx_word' id='word_1_278' title='bbox 340 2078 431 2104; x_wconf 91' lang='lat' dir='ltr'><strong>vero</strong></span> <span class='ocrx_word' id='word_1_279' title='bbox 446 2065 629 2103; x_wconf 85' lang='lat' dir='ltr'><strong>miremini</strong></span> <span class='ocrx_word' id='word_1_280' title='bbox 648 2078 708 2103; x_wconf 90' lang='lat' dir='ltr'><strong>me</strong></span> <span class='ocrx_word' id='word_1_281' title='bbox 727 2064 935 2115; x_wconf 86' lang='lat' dir='ltr'><strong>promptius</strong></span> <span class='ocrx_word' id='word_1_282' title='bbox 949 2071 987 2102; x_wconf 90' lang='lat' dir='ltr'><strong>et</strong></span> <span class='ocrx_word' id='word_1_283' title='bbox 1007 2064 1155 2102; x_wconf 89' lang='lat' dir='ltr'><strong>caeteris</strong></span> <span class='ocrx_word' id='word_1_284' title='bbox 1174 2063 1369 2114; x_wconf 89' lang='lat' dir='ltr'><strong>copiosius</strong></span> <span class='ocrx_word' id='word_1_285' title='bbox 1388 2063 1517 2103; x_wconf 85' lang='lat' dir='ltr'><strong>literas</strong></span> <span class='ocrx_word' id='word_1_286' title='bbox 1537 2066 1588 2104; x_wconf 90' lang='lat' dir='ltr'><strong>ad</strong></span> 
     </span>
     <span class='ocr_line' id='line_1_32' title="bbox 142 2124 1584 2179; baseline 0.001 -15"><span class='ocrx_word' id='word_1_287' title='bbox 142 2139 208 2165; x_wconf 88' lang='lat' dir='ltr'><strong>vos</strong></span> <span class='ocrx_word' id='word_1_288' title='bbox 228 2127 439 2179; x_wconf 85' lang='lat' dir='ltr'><strong>scripsisse.</strong></span> <span class='ocrx_word' id='word_1_289' title='bbox 498 2127 598 2165; x_wconf 89' lang='lat' dir='ltr'><strong>Nam</strong></span> <span class='ocrx_word' id='word_1_290' title='bbox 611 2133 650 2164; x_wconf 83' lang='lat' dir='ltr'><strong>et</strong></span> <span class='ocrx_word' id='word_1_291' title='bbox 662 2125 747 2164; x_wconf 88' lang='lat' dir='ltr'><strong>filiis</strong></span> <span class='ocrx_word' id='word_1_292' title='bbox 764 2126 904 2164; x_wconf 89' lang='lat' dir='ltr'><strong>nostris</strong></span> <span class='ocrx_word' id='word_1_293' title='bbox 919 2125 1092 2176; x_wconf 89' lang='lat' dir='ltr'><strong>obsequi,</strong></span> <span class='ocrx_word' id='word_1_294' title='bbox 1109 2131 1148 2162; x_wconf 92' lang='lat' dir='ltr'><strong>et</strong></span> <span class='ocrx_word' id='word_1_295' title='bbox 1158 2124 1232 2163; x_wconf 89' lang='lat' dir='ltr'><strong>illis</strong></span> <span class='ocrx_word' id='word_1_296' title='bbox 1249 2125 1361 2163; x_wconf 91' lang='lat' dir='ltr'><strong>simul</strong></span> <span class='ocrx_word' id='word_1_297' title='bbox 1379 2125 1584 2165; x_wconf 87' lang='lat' dir='ltr'><strong>ostendere</strong></span> 
     </span>
     <span class='ocr_line' id='line_1_33' title="bbox 139 2186 1584 2240; baseline -0.002 -12"><span class='ocrx_word' id='word_1_298' title='bbox 139 2189 266 2240; x_wconf 86' lang='lat' dir='ltr'><strong>cupio,</strong></span> <span class='ocrx_word' id='word_1_299' title='bbox 287 2190 434 2228; x_wconf 86' lang='lat' dir='ltr'><strong>etiamsi</strong></span> <span class='ocrx_word' id='word_1_300' title='bbox 463 2189 652 2240; x_wconf 88' lang='lat' dir='ltr'><strong>rempubl.</strong></span> <span class='ocrx_word' id='word_1_301' title='bbox 679 2201 756 2226; x_wconf 93' lang='lat' dir='ltr'><strong>non</strong></span> <span class='ocrx_word' id='word_1_302' title='bbox 783 2187 979 2238; x_wconf 84' lang='lat' dir='ltr'><strong>attigerint</strong></span> <span class='ocrx_word' id='word_1_303' title='bbox 1008 2199 1130 2237; x_wconf 93' lang='lat' dir='ltr'><strong>neque</strong></span> <span class='ocrx_word' id='word_1_304' title='bbox 1158 2186 1409 2237; x_wconf 85' lang='lat' dir='ltr'><strong>imperatores</strong></span> <span class='ocrx_word' id='word_1_305' title='bbox 1429 2187 1584 2236; x_wconf 88' lang='lat' dir='ltr'><strong>fuerint,</strong></span> 
     </span>
     <span class='ocr_line' id='line_1_34' title="bbox 140 2247 1583 2295; baseline -0.001 -6"><span class='ocrx_word' id='word_1_306' title='bbox 140 2251 207 2289; x_wconf 86' lang='lat' dir='ltr'><strong>sed</strong></span> <span class='ocrx_word' id='word_1_307' title='bbox 225 2264 351 2289; x_wconf 85' lang='lat' dir='ltr'><strong>mores</strong></span> <span class='ocrx_word' id='word_1_308' title='bbox 381 2251 568 2289; x_wconf 82' lang='lat' dir='ltr'><strong>duntaxat</strong></span> <span class='ocrx_word' id='word_1_309' title='bbox 586 2258 624 2289; x_wconf 90' lang='lat' dir='ltr'><strong>et</strong></span> <span class='ocrx_word' id='word_1_310' title='bbox 647 2250 864 2288; x_wconf 88' lang='lat' dir='ltr'><strong>institutum</strong></span> <span class='ocrx_word' id='word_1_311' title='bbox 894 2261 1022 2286; x_wconf 89' lang='lat' dir='ltr'><strong>meum</strong></span> <span class='ocrx_word' id='word_1_312' title='bbox 1048 2247 1256 2295; x_wconf 87' lang='lat' dir='ltr'><strong>imitentur,</strong></span> <span class='ocrx_word' id='word_1_313' title='bbox 1283 2247 1367 2286; x_wconf 84' lang='lat' dir='ltr'><strong>fore</strong></span> <span class='ocrx_word' id='word_1_314' title='bbox 1393 2254 1522 2286; x_wconf 90' lang='lat' dir='ltr'><strong>tamen</strong></span> <span class='ocrx_word' id='word_1_315' title='bbox 1541 2257 1583 2287; x_wconf 91' lang='lat' dir='ltr'><strong>ut</strong></span> 
     </span>
     <span class='ocr_line' id='line_1_35' title="bbox 143 2307 1583 2363; baseline -0.001 -15"><span class='ocrx_word' id='word_1_316' title='bbox 143 2311 244 2362; x_wconf 89' lang='lat' dir='ltr'><strong>apud</strong></span> <span class='ocrx_word' id='word_1_317' title='bbox 269 2311 430 2350; x_wconf 86' lang='lat' dir='ltr'><strong>Graecos</strong></span> <span class='ocrx_word' id='word_1_318' title='bbox 456 2312 492 2349; x_wconf 89' lang='lat' dir='ltr'><strong>in</strong></span> <span class='ocrx_word' id='word_1_319' title='bbox 522 2311 643 2363; x_wconf 87' lang='lat' dir='ltr'><strong>pretio</strong></span> <span class='ocrx_word' id='word_1_320' title='bbox 661 2311 736 2349; x_wconf 91' lang='lat' dir='ltr'><strong>sint</strong></span> <span class='ocrx_word' id='word_1_321' title='bbox 754 2317 794 2348; x_wconf 89' lang='lat' dir='ltr'><strong>et</strong></span> <span class='ocrx_word' id='word_1_322' title='bbox 811 2309 939 2361; x_wconf 85' lang='lat' dir='ltr'><strong>magni</strong></span> <span class='ocrx_word' id='word_1_323' title='bbox 958 2309 1064 2348; x_wconf 85' lang='lat' dir='ltr'><strong>fiant.</strong></span> <span class='ocrx_word' id='word_1_324' title='bbox 1120 2309 1246 2347; x_wconf 88' lang='lat' dir='ltr'><strong>Unum</strong></span> <span class='ocrx_word' id='word_1_325' title='bbox 1270 2307 1397 2347; x_wconf 89' lang='lat' dir='ltr'><strong>adhuc</strong></span> <span class='ocrx_word' id='word_1_326' title='bbox 1418 2315 1477 2346; x_wconf 92' lang='lat' dir='ltr'><strong>est</strong></span> <span class='ocrx_word' id='word_1_327' title='bbox 1497 2310 1583 2346; x_wconf 90' lang='lat' dir='ltr'><strong>reli-</strong></span> 
     </span>
     <span class='ocr_line' id='line_1_36' title="bbox 142 2370 1581 2424; baseline -0.003 -14"><span class='ocrx_word' id='word_1_328' title='bbox 142 2386 284 2423; x_wconf 80' lang='lat' dir='ltr'><strong>quum:</strong></span> <span class='ocrx_word' id='word_1_329' title='bbox 314 2374 345 2411; x_wconf 88' lang='lat' dir='ltr'><strong>si</strong></span> <span class='ocrx_word' id='word_1_330' title='bbox 362 2373 539 2424; x_wconf 88' lang='lat' dir='ltr'><strong>precibus</strong></span> <span class='ocrx_word' id='word_1_331' title='bbox 554 2373 691 2411; x_wconf 86' lang='lat' dir='ltr'><strong>nostris</strong></span> <span class='ocrx_word' id='word_1_332' title='bbox 705 2373 831 2410; x_wconf 92' lang='lat' dir='ltr'><strong>locum</strong></span> <span class='ocrx_word' id='word_1_333' title='bbox 845 2372 937 2410; x_wconf 87' lang='lat' dir='ltr'><strong>dare</strong></span> <span class='ocrx_word' id='word_1_334' title='bbox 948 2371 1056 2410; x_wconf 92' lang='lat' dir='ltr'><strong>vobis</strong></span> <span class='ocrx_word' id='word_1_335' title='bbox 1076 2370 1198 2409; x_wconf 91' lang='lat' dir='ltr'><strong>visum</strong></span> <span class='ocrx_word' id='word_1_336' title='bbox 1218 2370 1346 2416; x_wconf 89' lang='lat' dir='ltr'><strong>fuerit,</strong></span> <span class='ocrx_word' id='word_1_337' title='bbox 1361 2375 1403 2407; x_wconf 89' lang='lat' dir='ltr'><strong>ut</strong></span> <span class='ocrx_word' id='word_1_338' title='bbox 1415 2370 1581 2420; x_wconf 89' lang='lat' dir='ltr'><strong>Agenori</strong></span> 
     </span>
     <span class='ocr_line' id='line_1_37' title="bbox 141 2430 1580 2485; baseline -0.002 -14"><span class='ocrx_word' id='word_1_339' title='bbox 141 2441 179 2471; x_wconf 89' lang='lat' dir='ltr'><strong>et</strong></span> <span class='ocrx_word' id='word_1_340' title='bbox 197 2434 373 2473; x_wconf 83' lang='lat' dir='ltr'><strong>fratribus</strong></span> <span class='ocrx_word' id='word_1_341' title='bbox 388 2434 471 2485; x_wconf 87' lang='lat' dir='ltr'><strong>ejus</strong></span> <span class='ocrx_word' id='word_1_342' title='bbox 491 2434 725 2485; x_wconf 86' lang='lat' dir='ltr'><strong>significetis,</strong></span> <span class='ocrx_word' id='word_1_343' title='bbox 744 2433 797 2472; x_wconf 83' lang='lat' dir='ltr'><strong>eis</strong></span> <span class='ocrx_word' id='word_1_344' title='bbox 816 2446 902 2472; x_wconf 88' lang='lat' dir='ltr'><strong>mea</strong></span> <span class='ocrx_word' id='word_1_345' title='bbox 916 2445 1070 2483; x_wconf 90' lang='lat' dir='ltr'><strong>quoque</strong></span> <span class='ocrx_word' id='word_1_346' title='bbox 1089 2444 1208 2471; x_wconf 85' lang='lat' dir='ltr'><strong>causa</strong></span> <span class='ocrx_word' id='word_1_347' title='bbox 1227 2444 1274 2470; x_wconf 87' lang='lat' dir='ltr'><strong>ex</strong></span> <span class='ocrx_word' id='word_1_348' title='bbox 1293 2430 1457 2481; x_wconf 88' lang='lat' dir='ltr'><strong>quadam</strong></span> <span class='ocrx_word' id='word_1_349' title='bbox 1475 2437 1580 2481; x_wconf 83' lang='lat' dir='ltr'><strong>parte</strong></span> 
     </span>
    </p>
   </div>
   <div class='ocr_carea' id='block_1_3' title="bbox 140 2496 628 2548">
    <p class='ocr_par' dir='ltr' id='par_1_7' title="bbox 140 2496 628 2548">
     <span class='ocr_line' id='line_1_38' title="bbox 140 2496 628 2548; baseline 0.002 -14"><span class='ocrx_word' id='word_1_350' title='bbox 140 2508 184 2534; x_wconf 85' lang='lat' dir='ltr'><strong>ea</strong></span> <span class='ocrx_word' id='word_1_351' title='bbox 203 2496 314 2534; x_wconf 85' lang='lat' dir='ltr'><strong>tribui</strong></span> <span class='ocrx_word' id='word_1_352' title='bbox 329 2509 414 2547; x_wconf 88' lang='lat' dir='ltr'><strong>quae</strong></span> <span class='ocrx_word' id='word_1_353' title='bbox 432 2497 628 2548; x_wconf 81' lang='lat' dir='ltr'><strong>optabant.</strong></span> 
     </span>
    </p>
   </div>
  </div>
 </body>
</html>
