1870 3277
497 534 1108 588 ALCIDAMANTIS
1153 534 1496 588 ULYSSES

371 679 653 728 CONTRA
691 679 1117 727 PALAMEDEM
1155 632 1604 728 PRODITIONISi

330 907 363 941 1.
395 905 703 942 SAEPEXUMERO
733 903 933 941 consilium
962 916 1090 941 eorum
1124 915 1206 939 sum
1235 901 1458 946 demiratus,
1490 902 1716 952 Graeci,qni

273 972 412 1003 temere
432 965 538 1002 vobis
565 978 584 1001 e
615 970 800 1014 suggestu
821 963 985 1001 suadent
1005 976 1061 1007 ea,
1083 975 1169 1013 quae
1199 976 1269 1000 nec
1300 962 1500 1000 utilitatem
1521 962 1712 1013 publicam

272 1026 440 1064 efficiunt
458 1026 588 1070 ullam,
610 1032 648 1063 et
674 1025 926 1063 contumelias
953 1025 1029 1062 fere
1051 1025 1215 1075 gignunt
1233 1024 1422 1074 utrimque
1442 1024 1645 1075 plurimas;
1679 1031 1718 1062 et

272 1100 359 1124 cum
389 1087 537 1138 ineptos
569 1086 615 1123 de
643 1099 682 1123 re
710 1085 878 1136 qualibet
909 1098 1102 1123 sermones
1131 1085 1286 1130 habent,
1308 1091 1387 1121 tum
1419 1097 1524 1121 suam
1556 1085 1715 1136 quisque

271 1149 496 1185 sententiam
512 1147 607 1185 lucri
629 1160 748 1184 causa
766 1147 973 1197 proferunt,
990 1155 1103 1196 atque
1124 1146 1167 1183 iis
1188 1146 1297 1191 adeo,
1317 1159 1339 1183 a
1353 1146 1489 1197 quibus
1510 1145 1713 1197 plurimum

271 1221 311 1245 se
331 1217 486 1259 sperant
501 1214 737 1258 accepturos,
761 1207 1046 1258 patrocinantur
1060 1206 1246 1244 nonnulli.
1290 1205 1375 1243 Jam
1396 1206 1426 1244 si
1445 1205 1529 1256 quis
1549 1206 1587 1242 in
1609 1219 1715 1244 exer·

270 1269 346 1306 citu
369 1269 460 1319 quid
491 1276 624 1319 peccet
647 1267 706 1305 vel
737 1281 938 1306 commune
963 1268 1031 1305 sibi
1062 1267 1221 1305 studens
1249 1266 1379 1312 laedat,
1399 1267 1436 1304 id
1451 1273 1559 1304 curat
1578 1280 1714 1305 nemo:

268 1330 324 1367 sin
346 1330 480 1380 aliquis
497 1337 670 1368 nostrum
684 1329 742 1367 vel
764 1330 911 1367 hostem
932 1330 1125 1380 captivum
1144 1329 1259 1367 habet
1275 1329 1333 1366 vel
1353 1328 1550 1379 praemium
1568 1329 1716 1380 accepit

269 1391 405 1441 majus,
423 1404 549 1429 eorum
567 1391 693 1428 studio
711 1404 870 1441 magnas
890 1390 988 1428 inter
1008 1403 1077 1428 nos
1099 1391 1363 1427 contentiones
1379 1389 1599 1427 excitamus.
1631 1390 1715 1440 Ego

268 1464 357 1489 vero
374 1453 534 1502 probum
555 1451 751 1501 etjustum
772 1452 892 1488 virum
914 1464 1052 1488 censeo
1074 1463 1144 1488 nec
1164 1450 1328 1500 privatas
1349 1450 1533 1500 respicere
1556 1451 1714 1488 inimici-

268 1513 352 1556 tias,
376 1525 444 1550 nec
471 1513 580 1549 unius
602 1512 710 1549 amici
731 1511 857 1548 studio
877 1511 995 1561 pluris
1016 1524 1108 1561 opes
1128 1525 1241 1560 quarn
1262 1511 1445 1562 populare
1469 1511 1714 1548 commodum

268 1575 469 1613 facturum.
505 1575 581 1611 Sed
599 1587 670 1624 ego
684 1574 819 1624 priscis
835 1574 1028 1611 laboribus
1045 1582 1159 1624 atque
1175 1574 1413 1611 sermonibus
1430 1574 1585 1619 relictis,
1601 1574 1714 1611 Pala-

270 1635 418 1673 medem
446 1635 548 1672 hunc
577 1642 703 1672 vestro
720 1634 867 1686 judicio
895 1635 1183 1686 conabor-juste
1213 1648 1436 1685 proponere.
1494 1636 1562 1672 Est
1589 1644 1713 1673 autern

267 1697 424 1742 crimen,
445 1704 486 1734 ut
512 1696 655 1742 sciatis,
682 1696 929 1748 proditionis:
961 1696 1064 1746 quod
1093 1696 1243 1746 quidem
1275 1696 1402 1734 decies
1429 1698 1577 1747 gravior
1603 1710 1715 1747 quam

269 1757 344 1796 alia
364 1765 492 1795 manet
511 1757 665 1795 mulcta.
721 1756 915 1794 Praeterea
941 1757 1044 1807 quod
1072 1757 1195 1794 nostis
1224 1770 1368 1802 omnes,
1389 1757 1494 1795 nulla
1520 1758 1609 1795 mihi
1629 1771 1715 1795 curn

268 1817 343 1856 hoc
360 1831 526 1869 unquam
545 1831 616 1856 nec
633 1817 826 1855 inimicitia
843 1830 914 1855 nec
934 1817 980 1855 lis
1002 1817 1049 1855 de
1071 1817 1148 1855 ulla
1168 1831 1207 1855 re
1227 1817 1371 1864 incidit,
1388 1831 1460 1856 nec
1480 1818 1515 1855 in
1536 1818 1716 1868 palaestra

270 1894 341 1918 nec
367 1880 404 1917 in
433 1880 619 1924 convivio,
640 1880 813 1930 quamvis
840 1880 891 1916 ibi
922 1879 1094 1931 plurimae
1115 1880 1381 1917 contentiones
1410 1887 1449 1917 et
1472 1881 1714 1918 contumeliae

271 1942 420 1980 soleant
437 1942 632 1980 exsistere.
690 1941 779 1992 Ipse
797 1954 902 1986 vero,
925 1953 1039 1991 quem
1065 1942 1271 1986 accusabo,
1290 1941 1457 1992 prudens
1491 1948 1549 1979 est
1580 1949 1618 1979 et
1636 1955 1714 1979 ver-

273 2010 406 2041 sutus:
436 2003 491 2041 sic
510 2009 554 2040 ut
573 2002 706 2041 merito
721 2002 827 2040 vobis
848 2001 1125 2040 attendendum
1145 2002 1193 2040 sit
1219 2015 1289 2040 nec
1315 2015 1401 2052 quae
1423 2002 1602 2040 dicuntur
1627 2016 1718 2053 neg-

269 2064 438 2115 ligenda.

324 2126 362 2162 2.
393 2125 545 2162 Etenim
570 2137 642 2163 nec
671 2125 744 2175 ipsi
773 2124 956 2175 ignoratis
991 2137 1067 2176 quo
1084 2125 1273 2163 fuerimus
1301 2124 1340 2162 in
1370 2125 1597 2172 discrimine,
1627 2139 1714 2164 cum

271 2185 333 2225 alii
351 2192 521 2223 nostrum
540 2185 590 2223 ad
610 2199 726 2225 naves
754 2187 1022 2237 confugerant,
1043 2186 1106 2224 alii
1131 2186 1168 2223 in
1188 2186 1313 2224 fossas
1333 2187 1577 2233 decidebant,
1597 2195 1634 2225 et
1652 2201 1715 2226 ca-

270 2255 350 2287 stra
367 2248 498 2286 hostes
516 2247 744 2294 invaserant,
758 2261 803 2286 ac
822 2260 1054 2299 magnopere
1073 2247 1223 2285 futurus
1244 2255 1401 2285 eventus
1422 2254 1523 2286 esset
1537 2248 1718 2286 incertus.

271 2311 370 2348 Cum
390 2316 517 2348 autem
545 2322 616 2347 nos
636 2309 686 2347 ad
704 2316 832 2359 portas
859 2309 995 2347 eodem
1023 2309 1059 2346 in
1081 2309 1180 2355 loco,
1202 2309 1409 2348 Diomedes
1429 2316 1466 2348 et
1485 2323 1570 2361 ego,
1589 2311 1716 2349 consi-

272 2379 456 2410 steremus
487 2370 525 2407 in
557 2370 649 2415 acie,
679 2383 750 2408 nec
779 2370 913 2421 procul
942 2370 1169 2409 Palamedes
1195 2378 1234 2408 et
1266 2371 1486 2423 Polypoetes
1517 2371 1716 2419 distarent,

272 2431 489 2484 sagittarius
511 2431 666 2482 quidam
695 2445 742 2470 ex
765 2430 939 2469 hostibus
966 2445 1183 2478 excurrens,
1205 2432 1294 2470 dum
1320 2433 1423 2471 hunc
1448 2434 1556 2485 petit,
1576 2434 1625 2472 ad
1652 2448 1712 2472 me

271 2494 441 2535 aberrat;
471 2498 552 2530 tum
570 2491 633 2530 hic
651 2491 800 2530 hastam
819 2491 857 2529 in
876 2492 981 2530 illum
1008 2492 1158 2538 emittit,
1179 2506 1257 2544 qua
1287 2493 1348 2531 ille
1373 2494 1524 2532 sublata
1551 2495 1646 2532 redit
1675 2495 1712 2532 in

269 2561 403 2593 castra.
460 2554 511 2591 At
525 2566 598 2604 ego
612 2553 790 2603 sagittam
808 2553 948 2592 tollens
967 2554 1150 2606 Eurybati
1171 2554 1222 2592 do
1242 2555 1291 2593 ad
1309 2555 1499 2593 Teucrum
1519 2556 1713 2606 perferen—

268 2615 369 2662 dam,
383 2621 427 2653 ut
445 2621 585 2653 utatur.
641 2614 849 2666 Postquam
869 2627 958 2653 vero
972 2628 1103 2666 pugna
1121 2616 1293 2653 nonnihil
1310 2616 1562 2666 interquievit,
1584 2624 1714 2655 osten-

269 2677 326 2715 dit
352 2677 443 2714 mihi
468 2676 595 2714 literas
619 2677 690 2714 sub
715 2676 785 2714 alis
813 2676 879 2714 teli
903 2676 1080 2714 latentes.
1136 2675 1211 2713 Hic
1231 2689 1303 2727 ego
1324 2676 1577 2727 stupefactus,
1597 2677 1714 2715 advo-

266 2738 362 2777 catis
396 2737 572 2777 Diomedi
591 2744 712 2788 atque
745 2737 942 2783 Sthenelo,
966 2736 1059 2788 quid
1091 2737 1340 2782 contineatur,
1360 2736 1535 2775 ostendo.
1593 2737 1713 2776 Erant

268 2807 396 2839 autem
415 2800 499 2838 haec
528 2799 764 2851 perscripta:
793 2798 1067 2837 Alexander
1094 2797 1343 2836 Palamedi
1376 2798 1415 2837 S.
1447 2798 1514 2836 De
1542 2798 1712 2849 quibus

271 2874 377 2900 cum
415 2860 626 2911 Telepho
662 2859 821 2910 egisti,
850 2861 1171 2898 concedentur
1199 2859 1364 2905 omnia,
1393 2867 1440 2898 et
1463 2866 1598 2911 pater
1626 2860 1714 2898 tibi
