1870 3277
720 182 1035 221 PLATAICUS.
1546 177 1615 215 191

150 286 242 324 sisse
263 292 301 323 et
322 285 455 323 urbem
474 285 685 324 evertisse?
717 286 764 323 de
786 285 830 323 iis
850 290 980 322 autern
1000 295 1068 321 vos
1090 281 1385 333 praemonendos
1406 293 1491 319 esse
1508 280 1618 319 duci-

151 360 250 392 mus,
271 359 338 398 per
357 360 444 396 qnae
463 359 503 384 se
524 348 633 385 vobis
653 347 785 386 fucum
804 347 975 384 facturos
996 351 1147 396 putant.

202 410 240 446 6.
273 408 470 446 Interdum
492 408 594 447 enim
611 409 738 447 dicere
755 407 902 446 audent
920 419 991 444 nos
1012 412 1217 457 propterea
1233 404 1289 442 sic
1310 410 1495 442 tractatos
1517 416 1620 449 esse,

151 469 255 520 quod
276 470 313 507 in
334 483 466 508 eorum
488 469 654 508 concilio
683 481 769 507 esse
791 468 1042 506 noluerimus.
1099 466 1182 504 Vos
1200 473 1330 504 autem
1350 465 1519 514 cogitate
1546 464 1621 515 pri-

151 542 256 567 murn
277 543 484 581 aequumne
513 532 562 569 sit
580 531 629 568 ob
650 537 760 567 tanta
781 528 930 568 scilicet
949 528 1110 566 crimina
1128 534 1210 565 tam
1229 527 1379 576 iniquas
1400 532 1438 563 et
1459 526 1618 563 acerbas

151 591 308 641 exigere
345 605 494 642 poenas,
525 590 668 627 deinde
699 603 749 626 an
781 589 889 627 vobis
918 589 1095 626 videatur
1125 586 1402 625 Plataeensium
1434 585 1519 623 urbi
1544 586 1620 622 vim

151 652 278 704 potius
310 652 429 690 fuisse
460 649 697 689 afferendam
719 662 836 700 quam
855 648 1174 700 persuadendum
1196 655 1239 686 ut
1257 660 1345 686 cum
1365 647 1559 685 Thebanis
1580 659 1622 684 se

155 714 421 766 conjungeret.
479 711 675 762 Equidem
700 711 794 748 nihil
823 711 907 749 istis
937 723 1022 748 esse
1053 709 1241 748 audacius
1271 708 1465 753 existimo,
1490 708 1555 759 qui
1585 714 1625 746 et

154 781 306 813 nostras
326 775 440 812 urbes
456 779 646 818 evertant,
666 779 704 810 et
720 772 770 810 ad
791 784 872 809 suae
891 770 1112 822 reipublicae
1127 770 1447 808 communitatem
1463 768 1626 819 adigant

155 848 232 886 qua
251 848 329 873 non
350 847 450 886 opus
473 841 533 872 est
552 833 676 873 nobis.
725 833 923 871 Praeterea
942 833 979 870 in
1000 845 1071 870 nos
1088 832 1200 870 aliter
1215 838 1439 883 grassantur
1456 843 1571 882 quam
1585 830 1625 868 in

156 895 265 934 alios.
299 896 429 940 Quum
448 895 551 934 enim
573 895 806 947 persuadere
826 901 971 933 nostrae
992 894 1075 931 urbi
1094 906 1173 931 non
1194 898 1369 944 possent,
1388 905 1472 938 nos,
1493 905 1627 942 quem-

158 956 366 995 admodum
389 957 649 1008 Thespienses
670 964 710 995 et
729 956 980 1007 Tamgraeos,
1008 955 1187 1006 subigere
1218 955 1409 992 duntaxat
1428 955 1501 992 sub
1527 954 1629 992 The-

157 1020 297 1057 banam
324 1018 636 1068 jurisdictionem
670 1019 923 1056 debuissent:
968 1018 1023 1055 sic
1045 1017 1147 1055 enirn
1177 1016 1484 1055 intolerabilibus
1514 1016 1627 1054 malis

158 1080 334 1131 oppressi
367 1093 444 1118 non
474 1093 662 1118 essemus.
722 1080 837 1117 Nunc
867 1092 945 1117 non
975 1079 1014 1116 id
1042 1079 1096 1117 eis
1127 1078 1247 1116 fuisse
1281 1078 1534 1129 propositum,
1559 1077 1629 1115 sed

160 1142 242 1192 agri
269 1141 389 1179 nostri
422 1141 736 1192 occupationem,
766 1141 857 1179 satis
879 1147 1054 1192 apparet.
1112 1139 1234 1177 Miror
1253 1139 1432 1190 equidem
1452 1139 1500 1177 ad
1523 1139 1628 1190 quod

159 1210 272 1241 vetus
293 1203 516 1253 exemplum
538 1203 750 1241 referentes
772 1209 841 1241 aut
859 1202 1047 1254 quajuris
1068 1202 1204 1253 regula
1218 1208 1371 1239 utentes
1388 1201 1473 1240 haec
1491 1201 1631 1239 dicturi

161 1265 238 1302 sint
258 1278 298 1302 se
318 1277 341 1302 a
360 1266 470 1302 nobis
490 1265 705 1315 postulare.
753 1265 854 1302 Nam
876 1265 907 1302 si
924 1264 1088 1315 patrium
1103 1276 1249 1301 morem
1269 1262 1533 1308 considerant,
1550 1275 1629 1300 non

162 1326 244 1363 aliis
260 1326 463 1376 imperare,
488 1326 557 1364 sed
578 1326 847 1364 Orchomeniis
867 1326 1039 1377 pendere
1055 1326 1243 1363 tributum
1263 1324 1430 1366 debent;
1461 1324 1515 1362 ita
1529 1324 1629 1361 enim

163 1400 203 1424 se
224 1400 283 1424 res
311 1387 400 1424 olim
421 1386 582 1424 habuit:
613 1386 671 1423 sin
699 1386 844 1424 foedera
865 1399 949 1424 esse
971 1393 1055 1426 rata
1078 1386 1227 1431 volunt,
1254 1385 1355 1422 sicut
1377 1398 1533 1435 aequum
1558 1391 1631 1430 est,

160 1461 305 1498 negare
328 1448 390 1499 qui
406 1454 588 1499 poterunt
604 1460 646 1485 se
668 1461 735 1497 per
749 1447 927 1499 injuriam
945 1460 991 1485 ea
1004 1446 1175 1486 violare?
1197 1460 1284 1498 quae
1299 1459 1438 1497 parvas
1455 1446 1631 1484 civitates

162 1522 240 1549 non
260 1510 384 1547 minus
403 1522 520 1560 quam
536 1521 700 1559 magnas
722 1509 801 1546 suis
823 1509 876 1545 uti
899 1508 1238 1558 legibusjubeant.

218 1573 255 1608 7.
287 1571 462 1609 Arbitror
482 1577 611 1609 autem
632 1583 699 1608 eos
719 1582 798 1607 non
827 1569 907 1607 fore
939 1576 1016 1606 tam
1037 1568 1285 1619 impudentes
1307 1576 1349 1606 ut
1375 1569 1461 1607 haec
1488 1582 1632 1619 negare

165 1633 349 1679 audeant,
372 1633 441 1671 sed
460 1633 564 1671 illam
585 1645 745 1671 causam
772 1637 1008 1682 arreptur0s‚
1036 1643 1107 1668 nos
1139 1630 1444 1669 Lacedaemoniis
1473 1631 1511 1668 in
1530 1631 1633 1670 bello

166 1694 284 1732 fuisse
306 1695 552 1746 conjunctos,
572 1707 613 1733 se
633 1694 749 1745 igitur
769 1699 901 1731 nostro
929 1691 1081 1730 excidio
1101 1691 1296 1730 societatis
1318 1692 1506 1730 universae
1527 1705 1633 1731 com-

164 1756 289 1796 modis
309 1756 567 1795 consuluisse.

221 1820 257 1856 8.
289 1818 373 1868 Ego
393 1831 482 1857 vero
503 1831 659 1869 aequum
680 1831 764 1856 esse
780 1831 920 1857 censeo
939 1831 987 1857 ne
1007 1818 1128 1856 ullum
1149 1817 1307 1862 crimen,
1321 1817 1401 1855 ulla
1420 1818 1634 1864 excusatio,

166 1880 255 1932 plus
275 1880 401 1918 valeat
420 1880 563 1917 foedere
588 1887 626 1918 et
646 1880 923 1932 jurejurando:
955 1887 1218 1918 verumtamen
1241 1879 1273 1917 si
1291 1879 1357 1930 qui
1377 1879 1427 1917 ob
1449 1878 1633 1917 Lacedae-

167 1943 385 1980 moniorum
405 1941 630 1980 societatem
657 1942 851 1993 plectendi
879 1950 984 1989 sunt,
1012 1956 1091 1980 non
1118 1956 1274 1993 aequum
1304 1942 1376 1980 fuit
1393 1941 1635 1980 Plataeenses

167 2004 410 2054 potissimum
433 2017 481 2041 ex
502 2004 690 2042 universis
714 2004 864 2042 Graecis
887 2004 1030 2055 deligi;
1062 2017 1134 2042 nec
1155 2005 1256 2042 enim
1272 2003 1472 2042 voluntate
1501 2011 1636 2042 nostra

168 2064 242 2103 illis
264 2065 333 2103 sed
349 2066 474 2103 coacti
496 2065 737 2106 servivimus.
778 2066 876 2108 Quis
891 2079 981 2104 vero
1001 2066 1137 2104 credat
1157 2073 1266 2104 tanta
1282 2078 1352 2103 nos
1367 2065 1486 2104 fuisse
1505 2078 1636 2103 amen-

169 2127 236 2172 tia,
259 2133 302 2164 ut
329 2139 395 2165 eos
417 2128 482 2178 qui
503 2128 634 2163 urbem
664 2134 833 2163 nostram
862 2134 1082 2164 everterant
1110 2128 1156 2164 iis
1185 2127 1457 2179 praeferremus
1483 2127 1547 2177 qui
1567 2140 1637 2165 sua

168 2187 322 2226 civitate
341 2201 411 2226 nos
432 2187 652 2226 donarant?
695 2187 903 2226 Enimvero
924 2187 1079 2226 difficile
1100 2194 1183 2226 erat
1202 2188 1312 2226 novis
1334 2189 1448 2226 rebus
1465 2189 1637 2235 studere,

170 2262 288 2300 quum
319 2255 359 2287 et
388 2261 457 2286 nos
479 2261 640 2300 parvum
671 2248 857 2299 oppidum
883 2249 1115 2288 haberemus
1142 2256 1181 2287 et
1208 2256 1317 2288 tanta
1349 2256 1455 2288 esset
1481 2250 1635 2289 illorum

170 2311 356 2362 potentia,
372 2318 490 2361 atque
518 2311 635 2348 etiam
655 2310 868 2349 harmostes
885 2324 973 2349 cum
991 2312 1174 2362 praesidio
1204 2311 1305 2350 intra
1324 2319 1456 2363 portas
1476 2320 1581 2351 esset
1598 2319 1638 2351 et

171 2373 350 2424 Thespiis
370 2379 503 2411 tantus
524 2373 718 2411 exercitus
740 2380 867 2411 castra
886 2372 1059 2420 haberet,
1080 2373 1146 2423 qui
1166 2386 1237 2411 nos
1258 2386 1334 2412 non
1352 2381 1502 2411 tantum
1522 2374 1636 2413 citius

170 2447 286 2485 quam
308 2434 480 2471 Thebani
502 2433 571 2471 sed
598 2434 740 2485 justius
760 2434 874 2472 etiam
897 2434 1156 2485 perdidisset:
1187 2435 1256 2473 hos
1277 2436 1379 2473 enim
1410 2449 1487 2474 non
1508 2436 1640 2475 decuit

172 2508 269 2546 pace
289 2495 499 2534 constituta
519 2502 669 2534 veteres
689 2495 858 2534 offensas
878 2496 1030 2544 ulcisci,
1056 2496 1109 2534 illi
1140 2503 1266 2535 autem
1299 2497 1336 2533 in
1365 2496 1467 2534 bello
1496 2497 1640 2537 deserti

166 2557 254 2607 jure
275 2569 346 2594 nos
362 2556 528 2595 maximo
549 2557 739 2608 supplicio
760 2557 997 2597 affecissent.
1054 2559 1143 2596 Jam
1164 2572 1236 2596 nec
1255 2558 1351 2595 illud
1372 2558 1547 2608 ignorare
1568 2572 1637 2597 vos

171 2617 346 2663 arbitror,
368 2617 511 2656 multos
532 2617 647 2655 etiam
667 2630 716 2656 ex
745 2618 828 2657 aliis
857 2617 1006 2656 Graecis
1025 2626 1182 2657 coactos
1201 2632 1283 2656 esse
1308 2619 1531 2670 corporibus
1551 2619 1638 2658 illos

175 2678 300 2730 sequi,
329 2678 465 2716 animis
495 2685 535 2716 et
562 2679 833 2718 benevolentia
852 2680 1054 2718 vobiscum
1070 2680 1318 2732 conjunctos.
1374 2681 1524 2723 Quibus
1544 2681 1638 2732 quid

176 2739 291 2777 animi
322 2739 401 2777 fore
434 2740 673 2778 censendum
702 2748 776 2787 est,
805 2754 926 2792 quum
957 2741 1148 2779 audierint
1172 2742 1379 2781 Thebanos
1409 2742 1639 2782 Atheniensi

176 2799 320 2851 populo
341 2801 577 2850 persuasisse
595 2803 739 2840 nemini
767 2815 853 2841 esse
873 2803 1110 2854 parcendum
1126 2803 1191 2853 qui
1215 2804 1399 2842 subactus
1416 2817 1438 2842 a
1455 2804 1638 2843 Lacedae-

180 2861 316 2899 moniis
331 2861 472 2900 fut-nt?
528 2862 620 2902 Non
639 2864 741 2902 enim
773 2864 848 2902 alio
877 2877 994 2914 quarn
1020 2864 1095 2903 huc
1116 2865 1272 2903 istorum
1295 2873 1470 2918 spectare
1490 2866 1641 2905 videtur

180 2921 324 2959 oratio:
355 2935 424 2961 nec
444 2921 546 2963 enirn
566 2925 615 2963 ob
635 2925 780 2964 crimen
801 2925 957 2976 aliquod
979 2926 1170 2977 peculiare
1189 2934 1362 2967 nostram
1383 2928 1516 2967 urbem
1537 2940 1641 2966 ever-
