1870 3277
264 153 341 188 280
670 150 951 189 ISOCRATIS
985 150 1250 188 EPISTOLA
1283 152 1311 188 1.

263 254 327 306 qui
347 254 460 292 rebus
481 253 587 304 ipsis,
609 266 695 304 quae
717 253 890 291 oratione
911 254 1052 292 fuerint
1071 254 1272 304 expositae,
1295 266 1486 291 summum
1518 252 1709 303 fastigium

263 315 541 366 quamprimum
562 316 745 367 imponat.
802 314 916 358 Quod
945 315 977 352 si
1004 314 1085 352 urbi
1105 314 1217 353 alicui
1237 313 1438 352 consilium
1458 313 1602 360 darem,
1622 326 1711 351 cum

262 376 549 428 magistratibus
583 384 622 416 et
651 376 885 429 principibus
913 376 1077 414 civitatis
1108 388 1323 414 sermonem
1355 374 1555 413 haberem:
1591 388 1709 426 quum

263 451 351 477 vero
372 437 423 477 de
441 438 565 477 salute
581 437 807 477 Graecorum
827 437 970 476 tuenda
989 436 1154 476 suadere
1169 436 1412 481 instituerim,
1426 436 1602 487 quisnam
1622 435 1713 474 mihi

263 500 411 552 aequius
432 499 686 552 appellandus
704 499 775 538 erit
793 511 909 551 quam
923 499 955 538 is
969 499 1036 550 qui
1052 506 1092 537 et
1106 499 1302 537 nobilitate
1320 504 1360 536 et
1373 497 1545 549 potentia
1564 497 1714 536 Graecis

261 561 435 601 omnibus
451 560 670 599 antecellit?

314 626 353 662 5.
382 622 523 675 Neque
543 636 633 661 vero
654 635 725 661 nos
744 622 880 662 harum
905 635 1032 661 rerum
1051 620 1316 673 intempestive
1337 621 1566 658 mentionem
1587 620 1712 658 facere

261 684 497 724 censendum
514 690 585 723 est.
644 684 759 731 Nam,
780 684 872 723 dum
894 683 1176 722 Lacedaemonii
1197 695 1322 720 rerum
1338 682 1567 733 potirentur,
1588 694 1712 729 neque

260 745 373 784 facile
391 746 462 786 tibi
478 745 612 784 fuisset
631 745 757 797 gentis
778 755 921 784 nostrae
949 745 1144 796 suscipere
1165 757 1312 789 curam,
1333 757 1457 794 neque
1482 743 1558 781 illis
1578 743 1714 781 adver-

258 807 334 846 sari
353 814 393 846 et
411 806 522 846 simul
542 819 630 845 cum
658 806 1043 858 Carthaginiensibus
1070 806 1215 845 bellum
1241 818 1388 856 gerere.
1447 806 1546 843 Cum
1564 818 1653 843 vero
1673 805 1711 842 in

259 883 307 910 eo
332 870 419 909 loco
444 882 504 908 res
533 868 912 921 Carthaginiensium
944 875 1048 915 sunt,
1070 874 1112 906 ut
1138 869 1236 906 bene
1268 879 1398 905 secum
1427 867 1491 918 agi
1517 873 1655 918 putent
1682 866 1713 903 si

258 945 370 971 suam
388 930 572 970 ditionem
591 930 688 968 tueri
702 936 859 981 queant,
872 936 1004 968 nostra
1022 941 1113 967 vero
1131 928 1264 967 civitas
1284 927 1567 978 promptissime
1582 934 1710 966 tecum

260 1007 348 1033 suas
369 1006 461 1045 opes
480 992 705 1044 conjunget,
725 991 757 1029 si
779 991 827 1029 de
847 990 1002 1029 Graecia
1019 990 1118 1029 bene
1145 987 1281 1029 mereri
1302 988 1509 1035 studueris,
1530 1001 1617 1040 quae
1636 987 1711 1026 hac
1738 1037 1741 1040 ‚

259 1055 391 1095 melior
410 1054 566 1093 occasio
585 1053 653 1091 tibi
667 1052 750 1091 dari
769 1051 910 1104 queat?

311 1122 352 1158 6.
381 1116 512 1156 Mirari
536 1122 665 1154 autern
686 1127 766 1154 non
786 1114 904 1153 debes
932 1126 1007 1161 me,
1028 1114 1093 1166 qui
1112 1128 1237 1167 neque
1257 1122 1386 1154 orator
1406 1113 1477 1152 sim
1496 1125 1621 1163 neque
1639 1111 1711 1150 im-

258 1187 410 1232 perator
423 1191 496 1217 nec
509 1176 652 1229 alioqui
671 1176 727 1215 vir
739 1182 892 1228 potens,
908 1176 1105 1228 negotium
1122 1183 1200 1216 tam
1215 1177 1376 1216 arduum
1394 1175 1624 1226 suscepisse,
1638 1172 1711 1210 du-

260 1255 377 1293 asque
388 1254 449 1280 res
467 1240 654 1278 maximas
671 1238 813 1284 conari,
833 1245 877 1277 ut
895 1245 934 1277 et
949 1237 997 1277 de
1016 1244 1120 1277 statu
1141 1239 1304 1278 Graeciae
1318 1239 1531 1277 orationem
1549 1236 1711 1274 habeam

259 1311 297 1342 et
314 1303 380 1342 tibi
401 1303 487 1341 dem
506 1301 723 1340 consilium.
771 1300 873 1338 Nam
890 1314 963 1352 ego
982 1307 1026 1338 ut
1043 1314 1242 1352 nunquam
1262 1301 1362 1352 gessi
1375 1299 1710 1352 rempublicam—

260 1378 334 1416 qua
344 1364 484 1416 quibus
501 1363 549 1401 de
565 1362 691 1401 causis
706 1362 971 1408 abstinuerim,
985 1361 1090 1400 dictu
1106 1375 1308 1414 operosum
1328 1361 1441 1400 fuerit
1452 1382 1516 1406 —-,
1531 1360 1584 1398 sic
1597 1370 1710 1396 nemo

261 1426 427 1477 negabit,
447 1425 593 1476 opinor,
611 1437 672 1462 me
692 1437 738 1461 ea
757 1422 944 1469 doctrina,
963 1436 1051 1474 quae
1080 1436 1140 1462 res
1168 1423 1333 1462 minutas
1362 1421 1526 1474 despicit
1553 1428 1593 1458 et
1618 1432 1711 1457 con-

259 1488 365 1539 sequi
385 1487 525 1525 arduas
553 1492 730 1534 conatur,
750 1498 825 1522 non
854 1497 941 1523 esse
972 1484 1213 1523 destitutum.
1270 1486 1402 1527 Quare
1432 1481 1589 1521 absurdi
1616 1479 1708 1518 nihil

260 1551 384 1595 fuerit,
406 1562 480 1594 me,
499 1548 590 1599 quid
611 1546 765 1598 publice
793 1547 924 1597 prosit,
943 1546 1142 1597 aliquanto
1171 1547 1322 1584 acutius
1348 1545 1567 1596 perspicere
1594 1554 1709 1593 quam

260 1614 324 1665 qui
356 1611 465 1649 isthic
495 1609 718 1661 reipublicae
747 1615 932 1659 praesunt,
967 1621 1226 1658 magnamque
1253 1606 1520 1645 auctoritatem
1550 1603 1709 1641 habent.

261 1673 396 1713 Statim
417 1679 543 1710 autem
567 1669 847 1708 declarabimus
869 1683 914 1708 an
937 1669 1099 1722 alicujus
1119 1670 1230 1722 pretii
1251 1669 1385 1715 simus,
1405 1667 1513 1719 cujus
1535 1665 1585 1704 rei
1604 1664 1712 1703 testis

260 1734 477 1788 aptissimus
496 1733 581 1785 ipsa
599 1732 671 1771 erit
690 1732 823 1770 oratio.
