<?xml version="1.0" encoding="UTF-8"?>
<!DOCTYPE html PUBLIC "-//W3C//DTD XHTML 1.0 Transitional//EN"
    "http://www.w3.org/TR/xhtml1/DTD/xhtml1-transitional.dtd">
<html xmlns="http://www.w3.org/1999/xhtml" xml:lang="en" lang="en">
 <head>
  <title>
</title>
<meta http-equiv="Content-Type" content="text/html;charset=utf-8" />
  <meta name='ocr-system' content='tesseract 3.04.00' />
  <meta name='ocr-capabilities' content='ocr_page ocr_carea ocr_par ocr_line ocrx_word'/>
</head>
<body>
  <div class='ocr_page' id='page_1' title='image "./oratoresatticie14dobs_0504.png"; bbox 0 0 1870 3277; ppageno 0'>
   <div class='ocr_carea' id='block_1_1' title="bbox 221 157 1118 196">
    <p class='ocr_par' dir='ltr' id='par_1_1' title="bbox 221 157 1118 196">
     <span class='ocr_line' id='line_1_1' title="bbox 221 157 1118 196; baseline 0 -2"><span class='ocrx_word' id='word_1_1' title='bbox 221 159 296 195; x_wconf 76' lang='lat'><strong>492</strong></span> <span class='ocrx_word' id='word_1_2' title='bbox 749 157 1118 196; x_wconf 80' lang='lat' dir='ltr'>LESBONACTIS</span> 
     </span>
    </p>
   </div>
   <div class='ocr_carea' id='block_1_2' title="bbox 226 259 1727 2764">
    <p class='ocr_par' dir='ltr' id='par_1_2' title="bbox 226 259 1688 1586">
     <span class='ocr_line' id='line_1_2' title="bbox 228 259 1673 312; baseline 0.001 -16"><span class='ocrx_word' id='word_1_3' title='bbox 228 259 373 308; x_wconf 78' lang='lat' dir='ltr'><strong>spicere</strong></span> <span class='ocrx_word' id='word_1_4' title='bbox 403 264 542 296; x_wconf 86' lang='lat' dir='ltr'><strong>natura</strong></span> <span class='ocrx_word' id='word_1_5' title='bbox 568 259 688 302; x_wconf 86' lang='lat' dir='ltr'><strong>solet;</strong></span> <span class='ocrx_word' id='word_1_6' title='bbox 722 259 858 298; x_wconf 90' lang='lat' dir='ltr'><strong>deinde</strong></span> <span class='ocrx_word' id='word_1_7' title='bbox 882 273 1069 298; x_wconf 87' lang='lat' dir='ltr'><strong>armorum</strong></span> <span class='ocrx_word' id='word_1_8' title='bbox 1096 274 1140 298; x_wconf 90' lang='lat' dir='ltr'><strong>ea</strong></span> <span class='ocrx_word' id='word_1_9' title='bbox 1159 268 1216 298; x_wconf 88' lang='lat' dir='ltr'><strong>est</strong></span> <span class='ocrx_word' id='word_1_10' title='bbox 1235 262 1331 299; x_wconf 87' lang='lat' dir='ltr'><strong>ratio</strong></span> <span class='ocrx_word' id='word_1_11' title='bbox 1349 268 1391 297; x_wconf 92' lang='lat' dir='ltr'><strong>ut</strong></span> <span class='ocrx_word' id='word_1_12' title='bbox 1409 261 1557 312; x_wconf 78' lang='lat' dir='ltr'>corpori</span> <span class='ocrx_word' id='word_1_13' title='bbox 1577 273 1673 311; x_wconf 82' lang='lat' dir='ltr'><strong>prae-</strong></span> 
     </span>
     <span class='ocr_line' id='line_1_3' title="bbox 227 320 1678 372; baseline 0.001 -15"><span class='ocrx_word' id='word_1_14' title='bbox 227 325 433 369; x_wconf 90' lang='lat' dir='ltr'><strong>ponantur,</strong></span> <span class='ocrx_word' id='word_1_15' title='bbox 448 325 599 357; x_wconf 87' lang='lat' dir='ltr'><strong>scutum</strong></span> <span class='ocrx_word' id='word_1_16' title='bbox 621 320 668 358; x_wconf 89' lang='lat' dir='ltr'><strong>ad</strong></span> <span class='ocrx_word' id='word_1_17' title='bbox 690 322 863 359; x_wconf 87' lang='lat' dir='ltr'><strong>cavenda</strong></span> <span class='ocrx_word' id='word_1_18' title='bbox 876 322 1046 367; x_wconf 89' lang='lat' dir='ltr'><strong>vulnera,</strong></span> <span class='ocrx_word' id='word_1_19' title='bbox 1065 321 1175 360; x_wconf 87' lang='lat' dir='ltr'><strong>hasta</strong></span> <span class='ocrx_word' id='word_1_20' title='bbox 1194 322 1241 360; x_wconf 89' lang='lat' dir='ltr'><strong>ad</strong></span> <span class='ocrx_word' id='word_1_21' title='bbox 1258 321 1478 360; x_wconf 84' lang='lat' dir='ltr'><strong>inferenda:</strong></span> <span class='ocrx_word' id='word_1_22' title='bbox 1499 322 1678 372; x_wconf 83' lang='lat' dir='ltr'>quocirca</span> 
     </span>
     <span class='ocr_line' id='line_1_4' title="bbox 228 381 1674 434; baseline 0.002 -17"><span class='ocrx_word' id='word_1_23' title='bbox 228 381 257 417; x_wconf 93' lang='lat' dir='ltr'><strong>si</strong></span> <span class='ocrx_word' id='word_1_24' title='bbox 277 393 450 431; x_wconf 82' lang='lat' dir='ltr'><strong>prorsum</strong></span> <span class='ocrx_word' id='word_1_25' title='bbox 473 381 604 420; x_wconf 89' lang='lat' dir='ltr'><strong>voletis</strong></span> <span class='ocrx_word' id='word_1_26' title='bbox 625 382 661 419; x_wconf 90' lang='lat' dir='ltr'><strong>in</strong></span> <span class='ocrx_word' id='word_1_27' title='bbox 681 396 848 433; x_wconf 86' lang='lat' dir='ltr'><strong>pugnam</strong></span> <span class='ocrx_word' id='word_1_28' title='bbox 871 383 1090 434; x_wconf 83' lang='lat' dir='ltr'>procedere,</span> <span class='ocrx_word' id='word_1_29' title='bbox 1111 390 1193 420; x_wconf 90' lang='lat' dir='ltr'><strong>tum</strong></span> <span class='ocrx_word' id='word_1_30' title='bbox 1213 384 1333 434; x_wconf 87' lang='lat' dir='ltr'><strong>jussis</strong></span> <span class='ocrx_word' id='word_1_31' title='bbox 1353 384 1674 433; x_wconf 82' lang='lat' dir='ltr'><strong>obtemperantes,</strong></span> 
     </span>
     <span class='ocr_line' id='line_1_5' title="bbox 226 443 1672 490; baseline 0.001 -12"><span class='ocrx_word' id='word_1_32' title='bbox 226 449 306 478; x_wconf 89' lang='lat' dir='ltr'><strong>tum</strong></span> <span class='ocrx_word' id='word_1_33' title='bbox 339 443 526 480; x_wconf 89' lang='lat' dir='ltr'><strong>bonorum</strong></span> <span class='ocrx_word' id='word_1_34' title='bbox 557 444 822 482; x_wconf 82' lang='lat' dir='ltr'><strong>recordatione</strong></span> <span class='ocrx_word' id='word_1_35' title='bbox 850 457 917 481; x_wconf 90' lang='lat' dir='ltr'><strong>vos</strong></span> <span class='ocrx_word' id='word_1_36' title='bbox 946 445 1105 482; x_wconf 86' lang='lat' dir='ltr'><strong>invicem</strong></span> <span class='ocrx_word' id='word_1_37' title='bbox 1138 445 1424 490; x_wconf 84' lang='lat' dir='ltr'><strong>confirmantes,</strong></span> <span class='ocrx_word' id='word_1_38' title='bbox 1448 451 1486 482; x_wconf 90' lang='lat' dir='ltr'><strong>et</strong></span> <span class='ocrx_word' id='word_1_39' title='bbox 1515 450 1557 480; x_wconf 88' lang='lat' dir='ltr'><strong>ut</strong></span> <span class='ocrx_word' id='word_1_40' title='bbox 1582 444 1672 481; x_wconf 87' lang='lat' dir='ltr'><strong>iram</strong></span> 
     </span>
     <span class='ocr_line' id='line_1_6' title="bbox 227 505 1675 557; baseline 0.001 -17"><span class='ocrx_word' id='word_1_41' title='bbox 227 510 530 548; x_wconf 86' lang='lat' dir='ltr'><strong>contemnentes,</strong></span> <span class='ocrx_word' id='word_1_42' title='bbox 547 505 599 542; x_wconf 89' lang='lat' dir='ltr'><strong>ita</strong></span> <span class='ocrx_word' id='word_1_43' title='bbox 616 519 785 556; x_wconf 81' lang='lat' dir='ltr'><strong>pugnam</strong></span> <span class='ocrx_word' id='word_1_44' title='bbox 803 506 1081 552; x_wconf 83' lang='lat' dir='ltr'><strong>desiderantes,</strong></span> <span class='ocrx_word' id='word_1_45' title='bbox 1097 507 1194 552; x_wconf 86' lang='lat' dir='ltr'><strong>illos,</strong></span> <span class='ocrx_word' id='word_1_46' title='bbox 1212 514 1398 557; x_wconf 86' lang='lat' dir='ltr'><strong>quantum</strong></span> <span class='ocrx_word' id='word_1_47' title='bbox 1420 518 1478 543; x_wconf 89' lang='lat' dir='ltr'><strong>res</strong></span> <span class='ocrx_word' id='word_1_48' title='bbox 1498 505 1675 542; x_wconf 80' lang='lat' dir='ltr'><strong>humanae</strong></span> 
     </span>
     <span class='ocr_line' id='line_1_7' title="bbox 228 565 1675 619; baseline 0 -17"><span class='ocrx_word' id='word_1_49' title='bbox 228 566 369 611; x_wconf 87' lang='lat' dir='ltr'><strong>ferunt,</strong></span> <span class='ocrx_word' id='word_1_50' title='bbox 395 565 621 604; x_wconf 85' lang='lat' dir='ltr'><strong>devincetis.</strong></span> <span class='ocrx_word' id='word_1_51' title='bbox 678 567 745 604; x_wconf 87' lang='lat' dir='ltr'><strong>Sin</strong></span> <span class='ocrx_word' id='word_1_52' title='bbox 778 567 928 618; x_wconf 83' lang='lat' dir='ltr'><strong>aliquis,</strong></span> <span class='ocrx_word' id='word_1_53' title='bbox 948 575 986 605; x_wconf 90' lang='lat' dir='ltr'><strong>et</strong></span> <span class='ocrx_word' id='word_1_54' title='bbox 1015 568 1144 606; x_wconf 85' lang='lat' dir='ltr'><strong>hostes</strong></span> <span class='ocrx_word' id='word_1_55' title='bbox 1167 569 1253 618; x_wconf 89' lang='lat' dir='ltr'><strong>plus</strong></span> <span class='ocrx_word' id='word_1_56' title='bbox 1273 580 1387 619; x_wconf 85' lang='lat' dir='ltr'><strong>quam</strong></span> <span class='ocrx_word' id='word_1_57' title='bbox 1411 567 1584 609; x_wconf 85' lang='lat' dir='ltr'><strong>homines</strong></span> <span class='ocrx_word' id='word_1_58' title='bbox 1605 578 1675 603; x_wconf 87' lang='lat' dir='ltr'><strong>nec</strong></span> 
     </span>
     <span class='ocr_line' id='line_1_8' title="bbox 227 627 1677 680; baseline -0.001 -15"><span class='ocrx_word' id='word_1_59' title='bbox 227 627 416 665; x_wconf 89' lang='lat' dir='ltr'><strong>vulnerari</strong></span> <span class='ocrx_word' id='word_1_60' title='bbox 444 641 555 678; x_wconf 90' lang='lat' dir='ltr'><strong>posse</strong></span> <span class='ocrx_word' id='word_1_61' title='bbox 583 627 824 678; x_wconf 79' lang='lat' dir='ltr'><strong>existimans,</strong></span> <span class='ocrx_word' id='word_1_62' title='bbox 843 637 883 667; x_wconf 89' lang='lat' dir='ltr'><strong>et</strong></span> <span class='ocrx_word' id='word_1_63' title='bbox 909 643 993 667; x_wconf 90' lang='lat' dir='ltr'><strong>sese</strong></span> <span class='ocrx_word' id='word_1_64' title='bbox 1020 630 1125 667; x_wconf 90' lang='lat' dir='ltr'><strong>nihili</strong></span> <span class='ocrx_word' id='word_1_65' title='bbox 1156 631 1314 675; x_wconf 86' lang='lat' dir='ltr'><strong>faciens,</strong></span> <span class='ocrx_word' id='word_1_66' title='bbox 1334 629 1466 680; x_wconf 84' lang='lat' dir='ltr'><strong>fugam</strong></span> <span class='ocrx_word' id='word_1_67' title='bbox 1490 628 1529 665; x_wconf 89' lang='lat' dir='ltr'><strong>in</strong></span> <span class='ocrx_word' id='word_1_68' title='bbox 1554 628 1677 665; x_wconf 84' lang='lat' dir='ltr'><strong>salute</strong></span> 
     </span>
     <span class='ocr_line' id='line_1_9' title="bbox 227 690 1678 744; baseline -0.001 -17"><span class='ocrx_word' id='word_1_69' title='bbox 227 697 358 741; x_wconf 89' lang='lat' dir='ltr'><strong>ponet,</strong></span> <span class='ocrx_word' id='word_1_70' title='bbox 373 690 405 728; x_wconf 92' lang='lat' dir='ltr'><strong>is</strong></span> <span class='ocrx_word' id='word_1_71' title='bbox 421 691 583 740; x_wconf 90' lang='lat' dir='ltr'><strong>primurn</strong></span> <span class='ocrx_word' id='word_1_72' title='bbox 604 691 766 730; x_wconf 90' lang='lat' dir='ltr'><strong>consilio</strong></span> <span class='ocrx_word' id='word_1_73' title='bbox 780 692 964 737; x_wconf 84' lang='lat' dir='ltr'><strong>vincetur,</strong></span> <span class='ocrx_word' id='word_1_74' title='bbox 982 692 1120 731; x_wconf 87' lang='lat' dir='ltr'><strong>deinde</strong></span> <span class='ocrx_word' id='word_1_75' title='bbox 1139 706 1279 744; x_wconf 91' lang='lat' dir='ltr'><strong>corpus</strong></span> <span class='ocrx_word' id='word_1_76' title='bbox 1298 693 1350 730; x_wconf 86' lang='lat' dir='ltr'><strong>ita</strong></span> <span class='ocrx_word' id='word_1_77' title='bbox 1365 705 1451 729; x_wconf 90' lang='lat' dir='ltr'><strong>cum</strong></span> <span class='ocrx_word' id='word_1_78' title='bbox 1473 691 1521 728; x_wconf 88' lang='lat' dir='ltr'><strong>sit</strong></span> <span class='ocrx_word' id='word_1_79' title='bbox 1540 697 1678 727; x_wconf 89' lang='lat' dir='ltr'><strong>natura</strong></span> 
     </span>
     <span class='ocr_line' id='line_1_10' title="bbox 228 751 1678 804; baseline 0 -16"><span class='ocrx_word' id='word_1_80' title='bbox 228 751 385 797; x_wconf 86' lang='lat' dir='ltr'><strong>factum,</strong></span> <span class='ocrx_word' id='word_1_81' title='bbox 406 759 449 790; x_wconf 89' lang='lat' dir='ltr'><strong>ut</strong></span> <span class='ocrx_word' id='word_1_82' title='bbox 477 760 666 803; x_wconf 82' lang='lat' dir='ltr'><strong>repugnet</strong></span> <span class='ocrx_word' id='word_1_83' title='bbox 691 754 794 804; x_wconf 93' lang='lat' dir='ltr'><strong>operi</strong></span> <span class='ocrx_word' id='word_1_84' title='bbox 822 753 875 790; x_wconf 91' lang='lat' dir='ltr'><strong>illi</strong></span> <span class='ocrx_word' id='word_1_85' title='bbox 894 754 998 804; x_wconf 92' lang='lat' dir='ltr'><strong>quod</strong></span> <span class='ocrx_word' id='word_1_86' title='bbox 1027 761 1126 792; x_wconf 92' lang='lat' dir='ltr'><strong>retro</strong></span> <span class='ocrx_word' id='word_1_87' title='bbox 1157 754 1301 792; x_wconf 84' lang='lat' dir='ltr'><strong>cedens</strong></span> <span class='ocrx_word' id='word_1_88' title='bbox 1333 754 1466 803; x_wconf 84' lang='lat' dir='ltr'><strong>agitat,</strong></span> <span class='ocrx_word' id='word_1_89' title='bbox 1490 751 1678 789; x_wconf 91' lang='lat' dir='ltr'><strong>voluntati</strong></span> 
     </span>
     <span class='ocr_line' id='line_1_11' title="bbox 230 811 1677 866; baseline 0 -17"><span class='ocrx_word' id='word_1_90' title='bbox 230 812 373 850; x_wconf 89' lang='lat' dir='ltr'><strong>domini</strong></span> <span class='ocrx_word' id='word_1_91' title='bbox 400 825 470 850; x_wconf 90' lang='lat' dir='ltr'><strong>sua</strong></span> <span class='ocrx_word' id='word_1_92' title='bbox 495 814 686 851; x_wconf 88' lang='lat' dir='ltr'><strong>contraria</strong></span> <span class='ocrx_word' id='word_1_93' title='bbox 710 814 837 852; x_wconf 89' lang='lat' dir='ltr'><strong>omnia</strong></span> <span class='ocrx_word' id='word_1_94' title='bbox 864 815 978 852; x_wconf 86' lang='lat' dir='ltr'><strong>faciet</strong></span> <span class='ocrx_word' id='word_1_95' title='bbox 994 837 1044 841; x_wconf 87' lang='lat'><strong>——</strong></span> <span class='ocrx_word' id='word_1_96' title='bbox 1064 827 1152 852; x_wconf 89' lang='lat' dir='ltr'><strong>nam</strong></span> <span class='ocrx_word' id='word_1_97' title='bbox 1172 821 1273 852; x_wconf 90' lang='lat' dir='ltr'><strong>retro</strong></span> <span class='ocrx_word' id='word_1_98' title='bbox 1294 814 1447 866; x_wconf 88' lang='lat' dir='ltr'><strong>quidem</strong></span> <span class='ocrx_word' id='word_1_99' title='bbox 1470 826 1538 851; x_wconf 92' lang='lat' dir='ltr'><strong>nec</strong></span> <span class='ocrx_word' id='word_1_100' title='bbox 1559 811 1677 863; x_wconf 86' lang='lat' dir='ltr'><strong>pedes</strong></span> 
     </span>
     <span class='ocr_line' id='line_1_12' title="bbox 228 874 1676 926; baseline -0.001 -14"><span class='ocrx_word' id='word_1_101' title='bbox 228 875 454 925; x_wconf 87' lang='lat' dir='ltr'><strong>cujusquam</strong></span> <span class='ocrx_word' id='word_1_102' title='bbox 482 876 630 925; x_wconf 87' lang='lat' dir='ltr'><strong>possint</strong></span> <span class='ocrx_word' id='word_1_103' title='bbox 654 876 862 926; x_wconf 87' lang='lat' dir='ltr'><strong>procedere</strong></span> <span class='ocrx_word' id='word_1_104' title='bbox 889 889 958 914; x_wconf 89' lang='lat' dir='ltr'><strong>nec</strong></span> <span class='ocrx_word' id='word_1_105' title='bbox 984 876 1084 913; x_wconf 90' lang='lat' dir='ltr'><strong>oculi</strong></span> <span class='ocrx_word' id='word_1_106' title='bbox 1109 876 1326 926; x_wconf 88' lang='lat' dir='ltr'><strong>prospicere</strong></span> <span class='ocrx_word' id='word_1_107' title='bbox 1345 898 1410 920; x_wconf 89' lang='grc'><strong>--,</strong></span> <span class='ocrx_word' id='word_1_108' title='bbox 1429 875 1484 913; x_wconf 90' lang='lat' dir='ltr'><strong>sin</strong></span> <span class='ocrx_word' id='word_1_109' title='bbox 1505 874 1676 912; x_wconf 77' lang='lat' dir='ltr'><strong>bifariam</strong></span> 
     </span>
     <span class='ocr_line' id='line_1_13' title="bbox 229 935 1679 987; baseline -0.001 -14"><span class='ocrx_word' id='word_1_110' title='bbox 229 935 397 981; x_wconf 86' lang='lat' dir='ltr'><strong>incedat,</strong></span> <span class='ocrx_word' id='word_1_111' title='bbox 416 948 462 973; x_wconf 89' lang='lat' dir='ltr'><strong>ac</strong></span> <span class='ocrx_word' id='word_1_112' title='bbox 488 936 600 973; x_wconf 86' lang='lat' dir='ltr'><strong>simul</strong></span> <span class='ocrx_word' id='word_1_113' title='bbox 623 943 661 973; x_wconf 87' lang='lat' dir='ltr'><strong>et</strong></span> <span class='ocrx_word' id='word_1_114' title='bbox 686 936 855 987; x_wconf 85' lang='lat' dir='ltr'><strong>receptui</strong></span> <span class='ocrx_word' id='word_1_115' title='bbox 882 937 948 974; x_wconf 90' lang='lat' dir='ltr'><strong>det</strong></span> <span class='ocrx_word' id='word_1_116' title='bbox 971 949 1126 987; x_wconf 87' lang='lat' dir='ltr'><strong>operam</strong></span> <span class='ocrx_word' id='word_1_117' title='bbox 1150 943 1188 974; x_wconf 93' lang='lat' dir='ltr'><strong>et</strong></span> <span class='ocrx_word' id='word_1_118' title='bbox 1207 936 1408 973; x_wconf 82' lang='lat' dir='ltr'><strong>imminens</strong></span> <span class='ocrx_word' id='word_1_119' title='bbox 1428 941 1564 972; x_wconf 81' lang='lat' dir='ltr'><strong>caveat</strong></span> <span class='ocrx_word' id='word_1_120' title='bbox 1582 935 1679 984; x_wconf 84' lang='lat' dir='ltr'><strong>peri-</strong></span> 
     </span>
     <span class='ocr_line' id='line_1_14' title="bbox 229 997 1679 1050; baseline -0.001 -14"><span class='ocrx_word' id='word_1_121' title='bbox 229 999 373 1044; x_wconf 90' lang='lat' dir='ltr'><strong>culum,</strong></span> <span class='ocrx_word' id='word_1_122' title='bbox 398 998 460 1035; x_wconf 84' lang='lat' dir='ltr'><strong>vix</strong></span> <span class='ocrx_word' id='word_1_123' title='bbox 488 999 648 1037; x_wconf 89' lang='lat' dir='ltr'><strong>arbitror</strong></span> <span class='ocrx_word' id='word_1_124' title='bbox 676 999 736 1037; x_wconf 91' lang='lat' dir='ltr'><strong>vel</strong></span> <span class='ocrx_word' id='word_1_125' title='bbox 766 999 1025 1037; x_wconf 89' lang='lat' dir='ltr'><strong>adversarium</strong></span> <span class='ocrx_word' id='word_1_126' title='bbox 1056 1000 1196 1050; x_wconf 90' lang='lat' dir='ltr'><strong>poterit</strong></span> <span class='ocrx_word' id='word_1_127' title='bbox 1226 999 1443 1050; x_wconf 90' lang='lat' dir='ltr'><strong>oppositum</strong></span> <span class='ocrx_word' id='word_1_128' title='bbox 1475 997 1679 1048; x_wconf 85' lang='lat' dir='ltr'><strong>repellere:</strong></span> 
     </span>
     <span class='ocr_line' id='line_1_15' title="bbox 230 1059 1680 1111; baseline -0.001 -14"><span class='ocrx_word' id='word_1_129' title='bbox 230 1060 262 1097; x_wconf 92' lang='lat' dir='ltr'><strong>si</strong></span> <span class='ocrx_word' id='word_1_130' title='bbox 280 1072 368 1097; x_wconf 90' lang='lat' dir='ltr'><strong>vero</strong></span> <span class='ocrx_word' id='word_1_131' title='bbox 395 1072 605 1098; x_wconf 87' lang='lat' dir='ltr'><strong>conversus</strong></span> <span class='ocrx_word' id='word_1_132' title='bbox 631 1060 763 1111; x_wconf 86' lang='lat' dir='ltr'><strong>fugam</strong></span> <span class='ocrx_word' id='word_1_133' title='bbox 793 1061 918 1111; x_wconf 84' lang='lat' dir='ltr'><strong>capiet</strong></span> <span class='ocrx_word' id='word_1_134' title='bbox 944 1067 985 1098; x_wconf 89' lang='lat' dir='ltr'><strong>ut</strong></span> <span class='ocrx_word' id='word_1_135' title='bbox 1010 1061 1196 1110; x_wconf 83' lang='lat' dir='ltr'><strong>aufugiat,</strong></span> <span class='ocrx_word' id='word_1_136' title='bbox 1215 1061 1379 1111; x_wconf 85' lang='lat' dir='ltr'><strong>primum</strong></span> <span class='ocrx_word' id='word_1_137' title='bbox 1406 1059 1531 1097; x_wconf 90' lang='lat' dir='ltr'><strong>nudas</strong></span> <span class='ocrx_word' id='word_1_138' title='bbox 1554 1065 1680 1109; x_wconf 87' lang='lat' dir='ltr'><strong>partes</strong></span> 
     </span>
     <span class='ocr_line' id='line_1_16' title="bbox 230 1120 1682 1171; baseline -0.001 -12"><span class='ocrx_word' id='word_1_139' title='bbox 230 1121 404 1159; x_wconf 88' lang='lat' dir='ltr'><strong>hostibus</strong></span> <span class='ocrx_word' id='word_1_140' title='bbox 433 1121 627 1166; x_wconf 88' lang='lat' dir='ltr'><strong>ostendet,</strong></span> <span class='ocrx_word' id='word_1_141' title='bbox 656 1128 696 1159; x_wconf 90' lang='lat' dir='ltr'><strong>et</strong></span> <span class='ocrx_word' id='word_1_142' title='bbox 722 1121 783 1159; x_wconf 91' lang='lat' dir='ltr'><strong>vel</strong></span> <span class='ocrx_word' id='word_1_143' title='bbox 809 1122 966 1159; x_wconf 88' lang='lat' dir='ltr'><strong>vulnera</strong></span> <span class='ocrx_word' id='word_1_144' title='bbox 993 1121 1054 1158; x_wconf 94' lang='lat' dir='ltr'><strong>vel</strong></span> <span class='ocrx_word' id='word_1_145' title='bbox 1082 1134 1254 1171; x_wconf 86' lang='lat' dir='ltr'><strong>pugnam</strong></span> <span class='ocrx_word' id='word_1_146' title='bbox 1283 1120 1499 1159; x_wconf 90' lang='lat' dir='ltr'><strong>necessario</strong></span> <span class='ocrx_word' id='word_1_147' title='bbox 1528 1120 1682 1164; x_wconf 88' lang='lat' dir='ltr'><strong>subibit,</strong></span> 
     </span>
     <span class='ocr_line' id='line_1_17' title="bbox 230 1181 1683 1232; baseline -0.002 -11"><span class='ocrx_word' id='word_1_148' title='bbox 230 1182 371 1221; x_wconf 89' lang='lat' dir='ltr'><strong>deinde</strong></span> <span class='ocrx_word' id='word_1_149' title='bbox 399 1182 509 1220; x_wconf 91' lang='lat' dir='ltr'><strong>multi</strong></span> <span class='ocrx_word' id='word_1_150' title='bbox 539 1195 584 1220; x_wconf 86' lang='lat' dir='ltr'><strong>ae</strong></span> <span class='ocrx_word' id='word_1_151' title='bbox 612 1182 720 1220; x_wconf 89' lang='lat' dir='ltr'><strong>leves</strong></span> <span class='ocrx_word' id='word_1_152' title='bbox 749 1195 836 1219; x_wconf 88' lang='lat' dir='ltr'><strong>eum</strong></span> <span class='ocrx_word' id='word_1_153' title='bbox 864 1188 1143 1232; x_wconf 91' lang='lat' dir='ltr'><strong>persequentur</strong></span> <span class='ocrx_word' id='word_1_154' title='bbox 1173 1182 1384 1220; x_wconf 84' lang='lat' dir='ltr'><strong>funditores</strong></span> <span class='ocrx_word' id='word_1_155' title='bbox 1414 1194 1457 1219; x_wconf 86' lang='lat' dir='ltr'><strong>ac</strong></span> <span class='ocrx_word' id='word_1_156' title='bbox 1485 1181 1683 1231; x_wconf 82' lang='lat' dir='ltr'><strong>sagittarii,</strong></span> 
     </span>
     <span class='ocr_line' id='line_1_18' title="bbox 231 1243 1683 1295; baseline -0.001 -14"><span class='ocrx_word' id='word_1_157' title='bbox 231 1258 329 1294; x_wconf 81' lang='lat' dir='ltr'><strong>quos</strong></span> <span class='ocrx_word' id='word_1_158' title='bbox 361 1258 430 1282; x_wconf 93' lang='lat' dir='ltr'><strong>nec</strong></span> <span class='ocrx_word' id='word_1_159' title='bbox 461 1244 566 1295; x_wconf 86' lang='lat' dir='ltr'><strong>ipsos</strong></span> <span class='ocrx_word' id='word_1_160' title='bbox 596 1257 668 1282; x_wconf 86' lang='lat' dir='ltr'><strong>nee</strong></span> <span class='ocrx_word' id='word_1_161' title='bbox 698 1256 826 1281; x_wconf 89' lang='lat' dir='ltr'><strong>eorum</strong></span> <span class='ocrx_word' id='word_1_162' title='bbox 853 1243 929 1281; x_wconf 87' lang='lat' dir='ltr'><strong>tela</strong></span> <span class='ocrx_word' id='word_1_163' title='bbox 955 1256 1113 1294; x_wconf 83' lang='lat' dir='ltr'><strong>prorsus</strong></span> <span class='ocrx_word' id='word_1_164' title='bbox 1134 1250 1252 1294; x_wconf 89' lang='lat' dir='ltr'><strong>queat</strong></span> <span class='ocrx_word' id='word_1_165' title='bbox 1279 1243 1463 1287; x_wconf 88' lang='lat' dir='ltr'><strong>evadere;</strong></span> <span class='ocrx_word' id='word_1_166' title='bbox 1495 1243 1683 1292; x_wconf 90' lang='lat' dir='ltr'><strong>siquidem</strong></span> 
     </span>
     <span class='ocr_line' id='line_1_19' title="bbox 232 1303 1685 1355; baseline -0.001 -14"><span class='ocrx_word' id='word_1_167' title='bbox 232 1306 312 1342; x_wconf 91' lang='lat' dir='ltr'><strong>viro</strong></span> <span class='ocrx_word' id='word_1_168' title='bbox 327 1305 523 1343; x_wconf 88' lang='lat' dir='ltr'><strong>celerrimo</strong></span> <span class='ocrx_word' id='word_1_169' title='bbox 539 1304 800 1342; x_wconf 89' lang='lat' dir='ltr'><strong>tardissimum</strong></span> <span class='ocrx_word' id='word_1_170' title='bbox 815 1304 1055 1355; x_wconf 81' lang='lat' dir='ltr'><strong>estjaculum</strong></span> <span class='ocrx_word' id='word_1_171' title='bbox 1071 1303 1185 1354; x_wconf 86' lang='lat' dir='ltr'><strong>longe</strong></span> <span class='ocrx_word' id='word_1_172' title='bbox 1200 1303 1385 1342; x_wconf 88' lang='lat' dir='ltr'><strong>velocius.</strong></span> <span class='ocrx_word' id='word_1_173' title='bbox 1430 1303 1685 1353; x_wconf 84' lang='lat' dir='ltr'><strong>Quapropter,</strong></span> 
     </span>
     <span class='ocr_line' id='line_1_20' title="bbox 233 1363 1684 1417; baseline -0.003 -13"><span class='ocrx_word' id='word_1_174' title='bbox 233 1367 264 1404; x_wconf 87' lang='lat' dir='ltr'><strong>si</strong></span> <span class='ocrx_word' id='word_1_175' title='bbox 294 1367 380 1417; x_wconf 89' lang='lat' dir='ltr'><strong>quis</strong></span> <span class='ocrx_word' id='word_1_176' title='bbox 409 1366 457 1404; x_wconf 91' lang='lat' dir='ltr'><strong>de</strong></span> <span class='ocrx_word' id='word_1_177' title='bbox 486 1365 591 1403; x_wconf 81' lang='lat' dir='ltr'><strong>vobis</strong></span> <span class='ocrx_word' id='word_1_178' title='bbox 623 1365 708 1402; x_wconf 85' lang='lat' dir='ltr'><strong>vitae</strong></span> <span class='ocrx_word' id='word_1_179' title='bbox 738 1365 936 1403; x_wconf 87' lang='lat' dir='ltr'><strong>studiosus</strong></span> <span class='ocrx_word' id='word_1_180' title='bbox 965 1372 1158 1415; x_wconf 89' lang='lat' dir='ltr'><strong>receptum</strong></span> <span class='ocrx_word' id='word_1_181' title='bbox 1189 1364 1249 1402; x_wconf 92' lang='lat' dir='ltr'><strong>vel</strong></span> <span class='ocrx_word' id='word_1_182' title='bbox 1280 1365 1410 1415; x_wconf 86' lang='lat' dir='ltr'><strong>fugam</strong></span> <span class='ocrx_word' id='word_1_183' title='bbox 1446 1363 1495 1401; x_wconf 82' lang='lat' dir='ltr'><strong>ad</strong></span> <span class='ocrx_word' id='word_1_184' title='bbox 1523 1363 1684 1401; x_wconf 90' lang='lat' dir='ltr'><strong>salutem</strong></span> 
     </span>
     <span class='ocr_line' id='line_1_21' title="bbox 237 1424 1688 1475; baseline -0.003 -10"><span class='ocrx_word' id='word_1_185' title='bbox 237 1427 456 1472; x_wconf 81' lang='lat' dir='ltr'><strong>meditatur,</strong></span> <span class='ocrx_word' id='word_1_186' title='bbox 475 1439 551 1463; x_wconf 90' lang='lat' dir='ltr'><strong>non</strong></span> <span class='ocrx_word' id='word_1_187' title='bbox 571 1432 675 1464; x_wconf 88' lang='lat' dir='ltr'><strong>recte</strong></span> <span class='ocrx_word' id='word_1_188' title='bbox 688 1425 836 1463; x_wconf 91' lang='lat' dir='ltr'><strong>videtur</strong></span> <span class='ocrx_word' id='word_1_189' title='bbox 856 1425 948 1475; x_wconf 89' lang='lat' dir='ltr'><strong>quid</strong></span> <span class='ocrx_word' id='word_1_190' title='bbox 969 1426 1016 1462; x_wconf 90' lang='lat' dir='ltr'><strong>sit</strong></span> <span class='ocrx_word' id='word_1_191' title='bbox 1035 1426 1122 1463; x_wconf 87' lang='lat' dir='ltr'><strong>vitae</strong></span> <span class='ocrx_word' id='word_1_192' title='bbox 1144 1424 1313 1462; x_wconf 90' lang='lat' dir='ltr'><strong>studium</strong></span> <span class='ocrx_word' id='word_1_193' title='bbox 1334 1436 1593 1474; x_wconf 82' lang='lat' dir='ltr'><strong>cognoscere:</strong></span> <span class='ocrx_word' id='word_1_194' title='bbox 1624 1424 1688 1475; x_wconf 92' lang='lat' dir='ltr'><strong>qui</strong></span> 
     </span>
     <span class='ocr_line' id='line_1_22' title="bbox 234 1485 1686 1537; baseline -0.003 -11"><span class='ocrx_word' id='word_1_195' title='bbox 234 1489 334 1526; x_wconf 90' lang='lat' dir='ltr'><strong>enim</strong></span> <span class='ocrx_word' id='word_1_196' title='bbox 359 1493 489 1525; x_wconf 87' lang='lat' dir='ltr'><strong>manet</strong></span> <span class='ocrx_word' id='word_1_197' title='bbox 512 1493 552 1524; x_wconf 91' lang='lat' dir='ltr'><strong>et</strong></span> <span class='ocrx_word' id='word_1_198' title='bbox 571 1486 834 1537; x_wconf 88' lang='lat' dir='ltr'><strong>congreditur,</strong></span> <span class='ocrx_word' id='word_1_199' title='bbox 856 1486 886 1523; x_wconf 85' lang='lat' dir='ltr'><strong>is</strong></span> <span class='ocrx_word' id='word_1_200' title='bbox 908 1499 983 1524; x_wconf 89' lang='lat' dir='ltr'><strong>non</strong></span> <span class='ocrx_word' id='word_1_201' title='bbox 1003 1498 1110 1523; x_wconf 88' lang='lat' dir='ltr'><strong>suam</strong></span> <span class='ocrx_word' id='word_1_202' title='bbox 1131 1493 1280 1524; x_wconf 85' lang='lat' dir='ltr'><strong>tantum</strong></span> <span class='ocrx_word' id='word_1_203' title='bbox 1301 1486 1368 1523; x_wconf 91' lang='lat' dir='ltr'><strong>sed</strong></span> <span class='ocrx_word' id='word_1_204' title='bbox 1390 1485 1686 1523; x_wconf 86' lang='lat' dir='ltr'><strong>domesticorum</strong></span> 
     </span>
     <span class='ocr_line' id='line_1_23' title="bbox 234 1549 589 1586; baseline -0.006 0"><span class='ocrx_word' id='word_1_205' title='bbox 234 1549 350 1586; x_wconf 87' lang='lat' dir='ltr'><strong>vitam</strong></span> <span class='ocrx_word' id='word_1_206' title='bbox 372 1554 589 1586; x_wconf 87' lang='lat' dir='ltr'><strong>conservat.</strong></span> 
     </span>
    </p>

    <p class='ocr_par' dir='ltr' id='par_1_3' title="bbox 233 1607 1727 2764">
     <span class='ocr_line' id='line_1_24' title="bbox 289 1607 1687 1659; baseline -0.002 -11"><span class='ocrx_word' id='word_1_207' title='bbox 289 1613 327 1648; x_wconf 80' lang='lat'><strong>5.</strong></span> <span class='ocrx_word' id='word_1_208' title='bbox 356 1611 444 1647; x_wconf 82' lang='lat' dir='ltr'><strong>Jam</strong></span> <span class='ocrx_word' id='word_1_209' title='bbox 474 1609 504 1646; x_wconf 88' lang='lat' dir='ltr'><strong>si</strong></span> <span class='ocrx_word' id='word_1_210' title='bbox 534 1608 618 1658; x_wconf 87' lang='lat' dir='ltr'><strong>quis</strong></span> <span class='ocrx_word' id='word_1_211' title='bbox 648 1614 752 1645; x_wconf 85' lang='lat' dir='ltr'><strong>certo</strong></span> <span class='ocrx_word' id='word_1_212' title='bbox 783 1621 823 1646; x_wconf 89' lang='lat' dir='ltr'><strong>se</strong></span> <span class='ocrx_word' id='word_1_213' title='bbox 852 1608 978 1653; x_wconf 89' lang='lat' dir='ltr'><strong>sciret,</strong></span> <span class='ocrx_word' id='word_1_214' title='bbox 1006 1621 1124 1659; x_wconf 93' lang='lat' dir='ltr'><strong>quum</strong></span> <span class='ocrx_word' id='word_1_215' title='bbox 1151 1607 1227 1646; x_wconf 90' lang='lat' dir='ltr'><strong>hoc</strong></span> <span class='ocrx_word' id='word_1_216' title='bbox 1253 1609 1436 1646; x_wconf 87' lang='lat' dir='ltr'><strong>evasisset</strong></span> <span class='ocrx_word' id='word_1_217' title='bbox 1462 1607 1687 1659; x_wconf 86' lang='lat' dir='ltr'><strong>periculum,</strong></span> 
     </span>
     <span class='ocr_line' id='line_1_25' title="bbox 235 1669 1689 1722; baseline -0.001 -13"><span class='ocrx_word' id='word_1_218' title='bbox 235 1671 424 1722; x_wconf 90' lang='lat' dir='ltr'><strong>reliquum</strong></span> <span class='ocrx_word' id='word_1_219' title='bbox 442 1670 531 1707; x_wconf 81' lang='lat' dir='ltr'><strong>vitae</strong></span> <span class='ocrx_word' id='word_1_220' title='bbox 563 1677 713 1720; x_wconf 89' lang='lat' dir='ltr'><strong>tempus</strong></span> <span class='ocrx_word' id='word_1_221' title='bbox 738 1669 776 1706; x_wconf 92' lang='lat' dir='ltr'><strong>in</strong></span> <span class='ocrx_word' id='word_1_222' title='bbox 806 1669 926 1719; x_wconf 88' lang='lat' dir='ltr'><strong>gloria</strong></span> <span class='ocrx_word' id='word_1_223' title='bbox 950 1677 1065 1719; x_wconf 88' lang='lat' dir='ltr'><strong>atque</strong></span> <span class='ocrx_word' id='word_1_224' title='bbox 1085 1669 1281 1720; x_wconf 89' lang='lat' dir='ltr'><strong>voluptate</strong></span> <span class='ocrx_word' id='word_1_225' title='bbox 1301 1676 1598 1715; x_wconf 88' lang='lat' dir='ltr'><strong>transacturum,</strong></span> <span class='ocrx_word' id='word_1_226' title='bbox 1620 1670 1689 1707; x_wconf 89' lang='lat' dir='ltr'><strong>ali-</strong></span> 
     </span>
     <span class='ocr_line' id='line_1_26' title="bbox 233 1730 1691 1784; baseline -0.001 -14"><span class='ocrx_word' id='word_1_227' title='bbox 233 1746 348 1784; x_wconf 88' lang='lat' dir='ltr'><strong>quam</strong></span> <span class='ocrx_word' id='word_1_228' title='bbox 366 1731 526 1770; x_wconf 85' lang='lat' dir='ltr'><strong>haberet</strong></span> <span class='ocrx_word' id='word_1_229' title='bbox 545 1731 699 1782; x_wconf 89' lang='lat' dir='ltr'><strong>ignavia</strong></span> <span class='ocrx_word' id='word_1_230' title='bbox 719 1730 903 1769; x_wconf 87' lang='lat' dir='ltr'><strong>rationem</strong></span> <span class='ocrx_word' id='word_1_231' title='bbox 921 1745 930 1770; x_wconf 78' lang='lat' dir='ltr'><strong><em>z</em></strong></span> <span class='ocrx_word' id='word_1_232' title='bbox 958 1744 1062 1769; x_wconf 92' lang='lat' dir='ltr'><strong>nunc</strong></span> <span class='ocrx_word' id='word_1_233' title='bbox 1089 1738 1216 1769; x_wconf 85' lang='lat' dir='ltr'><strong>autem</strong></span> <span class='ocrx_word' id='word_1_234' title='bbox 1246 1744 1315 1781; x_wconf 89' lang='lat' dir='ltr'><strong>pro</strong></span> <span class='ocrx_word' id='word_1_235' title='bbox 1341 1731 1488 1782; x_wconf 86' lang='lat' dir='ltr'><strong>ignavis</strong></span> <span class='ocrx_word' id='word_1_236' title='bbox 1509 1731 1629 1769; x_wconf 83' lang='lat' dir='ltr'><strong>habiti</strong></span> <span class='ocrx_word' id='word_1_237' title='bbox 1652 1738 1691 1769; x_wconf 90' lang='lat' dir='ltr'><strong>et</strong></span> 
     </span>
     <span class='ocr_line' id='line_1_27' title="bbox 235 1791 1690 1844; baseline -0.001 -14"><span class='ocrx_word' id='word_1_238' title='bbox 235 1794 384 1844; x_wconf 84' lang='lat' dir='ltr'><strong>reliqua</strong></span> <span class='ocrx_word' id='word_1_239' title='bbox 402 1792 489 1830; x_wconf 84' lang='lat' dir='ltr'><strong>vitae</strong></span> <span class='ocrx_word' id='word_1_240' title='bbox 509 1798 615 1844; x_wconf 89' lang='lat' dir='ltr'><strong>parte</strong></span> <span class='ocrx_word' id='word_1_241' title='bbox 637 1805 714 1830; x_wconf 87' lang='lat' dir='ltr'><strong>non</strong></span> <span class='ocrx_word' id='word_1_242' title='bbox 735 1791 853 1843; x_wconf 86' lang='lat' dir='ltr'><strong>longa</strong></span> <span class='ocrx_word' id='word_1_243' title='bbox 871 1792 1008 1829; x_wconf 85' lang='lat' dir='ltr'><strong>misere</strong></span> <span class='ocrx_word' id='word_1_244' title='bbox 1032 1805 1099 1843; x_wconf 84' lang='lat' dir='ltr'><strong>per</strong></span> <span class='ocrx_word' id='word_1_245' title='bbox 1126 1791 1400 1842; x_wconf 88' lang='lat' dir='ltr'><strong>turpitudinem</strong></span> <span class='ocrx_word' id='word_1_246' title='bbox 1428 1801 1468 1830; x_wconf 91' lang='lat' dir='ltr'><strong>et</strong></span> <span class='ocrx_word' id='word_1_247' title='bbox 1495 1792 1690 1829; x_wconf 82' lang='lat' dir='ltr'><strong>infamiam</strong></span> 
     </span>
     <span class='ocr_line' id='line_1_28' title="bbox 237 1853 1690 1905; baseline -0.002 -12"><span class='ocrx_word' id='word_1_248' title='bbox 237 1860 436 1894; x_wconf 84' lang='lat' dir='ltr'><strong>transacta</strong></span> <span class='ocrx_word' id='word_1_249' title='bbox 460 1855 636 1905; x_wconf 89' lang='lat' dir='ltr'><strong>probrum</strong></span> <span class='ocrx_word' id='word_1_250' title='bbox 659 1853 785 1891; x_wconf 88' lang='lat' dir='ltr'><strong>liberis</strong></span> <span class='ocrx_word' id='word_1_251' title='bbox 804 1853 1029 1903; x_wconf 87' lang='lat' dir='ltr'><strong>relinquent.</strong></span> <span class='ocrx_word' id='word_1_252' title='bbox 1088 1853 1139 1890; x_wconf 91' lang='lat' dir='ltr'><strong>Et</strong></span> <span class='ocrx_word' id='word_1_253' title='bbox 1159 1853 1339 1904; x_wconf 88' lang='lat' dir='ltr'><strong>quoniam</strong></span> <span class='ocrx_word' id='word_1_254' title='bbox 1360 1853 1593 1891; x_wconf 90' lang='lat' dir='ltr'><strong>immortales</strong></span> <span class='ocrx_word' id='word_1_255' title='bbox 1612 1865 1690 1891; x_wconf 91' lang='lat' dir='ltr'><strong>non</strong></span> 
     </span>
     <span class='ocr_line' id='line_1_29' title="bbox 239 1914 1692 1966; baseline -0.001 -12"><span class='ocrx_word' id='word_1_256' title='bbox 239 1929 371 1955; x_wconf 87' lang='lat' dir='ltr'><strong>sumus</strong></span> <span class='ocrx_word' id='word_1_257' title='bbox 392 1915 485 1960; x_wconf 89' lang='lat' dir='ltr'><strong>nati,</strong></span> <span class='ocrx_word' id='word_1_258' title='bbox 506 1927 672 1965; x_wconf 88' lang='lat' dir='ltr'><strong>quonam</strong></span> <span class='ocrx_word' id='word_1_259' title='bbox 693 1914 889 1953; x_wconf 86' lang='lat' dir='ltr'><strong>honestius</strong></span> <span class='ocrx_word' id='word_1_260' title='bbox 911 1921 1025 1965; x_wconf 89' lang='lat' dir='ltr'><strong>pacto</strong></span> <span class='ocrx_word' id='word_1_261' title='bbox 1045 1927 1162 1965; x_wconf 90' lang='lat' dir='ltr'><strong>quam</strong></span> <span class='ocrx_word' id='word_1_262' title='bbox 1181 1928 1278 1965; x_wconf 90' lang='lat' dir='ltr'><strong>quos</strong></span> <span class='ocrx_word' id='word_1_263' title='bbox 1299 1916 1501 1966; x_wconf 87' lang='lat' dir='ltr'><strong>oportebat</strong></span> <span class='ocrx_word' id='word_1_264' title='bbox 1521 1914 1692 1953; x_wconf 89' lang='lat' dir='ltr'><strong>defensis</strong></span> 
     </span>
     <span class='ocr_line' id='line_1_30' title="bbox 241 1975 1693 2027; baseline -0.002 -11"><span class='ocrx_word' id='word_1_265' title='bbox 241 1976 475 2016; x_wconf 67' lang='lat' dir='ltr'><strong>moriamur?</strong></span> <span class='ocrx_word' id='word_1_266' title='bbox 531 1976 721 2020; x_wconf 82' lang='lat' dir='ltr'><strong>Quaenam</strong></span> <span class='ocrx_word' id='word_1_267' title='bbox 752 1977 800 2014; x_wconf 89' lang='lat' dir='ltr'><strong>sit</strong></span> <span class='ocrx_word' id='word_1_268' title='bbox 830 1988 931 2013; x_wconf 89' lang='lat' dir='ltr'><strong>mors</strong></span> <span class='ocrx_word' id='word_1_269' title='bbox 959 1976 1198 2027; x_wconf 78' lang='lat' dir='ltr'><strong>jucundior?</strong></span> <span class='ocrx_word' id='word_1_270' title='bbox 1254 1977 1420 2018; x_wconf 83' lang='lat' dir='ltr'><strong>Quinam</strong></span> <span class='ocrx_word' id='word_1_271' title='bbox 1451 1975 1693 2027; x_wconf 86' lang='lat' dir='ltr'><strong>gloriosiores</strong></span> 
     </span>
     <span class='ocr_line' id='line_1_31' title="bbox 239 2036 1695 2088; baseline -0.001 -12"><span class='ocrx_word' id='word_1_272' title='bbox 239 2037 406 2076; x_wconf 73' lang='lat' dir='ltr'><strong>mortui?</strong></span> <span class='ocrx_word' id='word_1_273' title='bbox 448 2036 600 2075; x_wconf 90' lang='lat' dir='ltr'><strong>Etenim</strong></span> <span class='ocrx_word' id='word_1_274' title='bbox 618 2037 682 2087; x_wconf 93' lang='lat' dir='ltr'><strong>qui</strong></span> <span class='ocrx_word' id='word_1_275' title='bbox 702 2037 816 2075; x_wconf 90' lang='lat' dir='ltr'><strong>talem</strong></span> <span class='ocrx_word' id='word_1_276' title='bbox 836 2044 1020 2088; x_wconf 88' lang='lat' dir='ltr'><strong>oppetant</strong></span> <span class='ocrx_word' id='word_1_277' title='bbox 1038 2045 1213 2082; x_wconf 92' lang='lat' dir='ltr'><strong>mortem,</strong></span> <span class='ocrx_word' id='word_1_278' title='bbox 1231 2037 1265 2075; x_wconf 87' lang='lat' dir='ltr'><strong>in</strong></span> <span class='ocrx_word' id='word_1_279' title='bbox 1286 2051 1416 2075; x_wconf 90' lang='lat' dir='ltr'><strong>eorum</strong></span> <span class='ocrx_word' id='word_1_280' title='bbox 1434 2038 1552 2076; x_wconf 92' lang='lat' dir='ltr'><strong>decus</strong></span> <span class='ocrx_word' id='word_1_281' title='bbox 1573 2037 1695 2088; x_wconf 90' lang='lat' dir='ltr'><strong>publi-</strong></span> 
     </span>
     <span class='ocr_line' id='line_1_32' title="bbox 241 2098 1695 2149; baseline -0.001 -12"><span class='ocrx_word' id='word_1_282' title='bbox 241 2112 329 2137; x_wconf 89' lang='lat' dir='ltr'><strong>cum</strong></span> <span class='ocrx_word' id='word_1_283' title='bbox 354 2098 560 2137; x_wconf 86' lang='lat' dir='ltr'><strong>exstruitur</strong></span> <span class='ocrx_word' id='word_1_284' title='bbox 587 2099 817 2149; x_wconf 87' lang='lat' dir='ltr'><strong>sepulcrum,</strong></span> <span class='ocrx_word' id='word_1_285' title='bbox 837 2111 944 2137; x_wconf 89' lang='lat' dir='ltr'><strong>sacra</strong></span> <span class='ocrx_word' id='word_1_286' title='bbox 967 2099 1075 2144; x_wconf 89' lang='lat' dir='ltr'><strong>fiunt,</strong></span> <span class='ocrx_word' id='word_1_287' title='bbox 1096 2099 1341 2137; x_wconf 86' lang='lat' dir='ltr'><strong>celebrantur</strong></span> <span class='ocrx_word' id='word_1_288' title='bbox 1366 2099 1586 2143; x_wconf 88' lang='lat' dir='ltr'><strong>certamina,</strong></span> <span class='ocrx_word' id='word_1_289' title='bbox 1608 2111 1695 2149; x_wconf 91' lang='lat' dir='ltr'><strong>pro-</strong></span> 
     </span>
     <span class='ocr_line' id='line_1_33' title="bbox 240 2159 1693 2212; baseline -0.002 -13"><span class='ocrx_word' id='word_1_290' title='bbox 240 2173 315 2212; x_wconf 90' lang='lat' dir='ltr'><strong>que</strong></span> <span class='ocrx_word' id='word_1_291' title='bbox 343 2160 494 2198; x_wconf 88' lang='lat' dir='ltr'><strong>mortali</strong></span> <span class='ocrx_word' id='word_1_292' title='bbox 522 2173 681 2211; x_wconf 90' lang='lat' dir='ltr'><strong>corpore</strong></span> <span class='ocrx_word' id='word_1_293' title='bbox 706 2166 995 2199; x_wconf 88' lang='lat' dir='ltr'><strong>monumentum</strong></span> <span class='ocrx_word' id='word_1_294' title='bbox 1020 2167 1175 2212; x_wconf 86' lang='lat' dir='ltr'><strong>paratur</strong></span> <span class='ocrx_word' id='word_1_295' title='bbox 1194 2160 1423 2198; x_wconf 87' lang='lat' dir='ltr'><strong>immortale.</strong></span> <span class='ocrx_word' id='word_1_296' title='bbox 1479 2161 1537 2197; x_wconf 91' lang='lat' dir='ltr'><strong>Ac</strong></span> <span class='ocrx_word' id='word_1_297' title='bbox 1557 2159 1693 2197; x_wconf 87' lang='lat' dir='ltr'><strong>horum</strong></span> 
     </span>
     <span class='ocr_line' id='line_1_34' title="bbox 239 2220 1694 2273; baseline -0.001 -14"><span class='ocrx_word' id='word_1_298' title='bbox 239 2221 347 2261; x_wconf 89' lang='lat' dir='ltr'><strong>liberi</strong></span> <span class='ocrx_word' id='word_1_299' title='bbox 373 2221 524 2272; x_wconf 89' lang='lat' dir='ltr'><strong>publice</strong></span> <span class='ocrx_word' id='word_1_300' title='bbox 548 2221 715 2267; x_wconf 87' lang='lat' dir='ltr'><strong>aluntur,</strong></span> <span class='ocrx_word' id='word_1_301' title='bbox 735 2228 775 2259; x_wconf 91' lang='lat' dir='ltr'><strong>et</strong></span> <span class='ocrx_word' id='word_1_302' title='bbox 796 2221 954 2272; x_wconf 85' lang='lat' dir='ltr'><strong>integris</strong></span> <span class='ocrx_word' id='word_1_303' title='bbox 974 2221 1177 2259; x_wconf 89' lang='lat' dir='ltr'><strong>armaturis</strong></span> <span class='ocrx_word' id='word_1_304' title='bbox 1190 2234 1242 2268; x_wconf 89' lang='lat' dir='ltr'><strong>ac</strong></span> <span class='ocrx_word' id='word_1_305' title='bbox 1262 2221 1393 2273; x_wconf 86' lang='lat' dir='ltr'><strong>primis</strong></span> <span class='ocrx_word' id='word_1_306' title='bbox 1414 2220 1605 2259; x_wconf 86' lang='lat' dir='ltr'><strong>subselliis</strong></span> <span class='ocrx_word' id='word_1_307' title='bbox 1624 2220 1694 2257; x_wconf 91' lang='lat' dir='ltr'><strong>ho-</strong></span> 
     </span>
     <span class='ocr_line' id='line_1_35' title="bbox 241 2281 1695 2333; baseline -0.002 -12"><span class='ocrx_word' id='word_1_308' title='bbox 241 2289 436 2327; x_wconf 83' lang='lat' dir='ltr'><strong>norantur,</strong></span> <span class='ocrx_word' id='word_1_309' title='bbox 452 2282 570 2333; x_wconf 87' lang='lat' dir='ltr'><strong>inque</strong></span> <span class='ocrx_word' id='word_1_310' title='bbox 598 2281 724 2320; x_wconf 88' lang='lat' dir='ltr'><strong>choris</strong></span> <span class='ocrx_word' id='word_1_311' title='bbox 739 2289 779 2320; x_wconf 90' lang='lat' dir='ltr'><strong>et</strong></span> <span class='ocrx_word' id='word_1_312' title='bbox 794 2283 1003 2333; x_wconf 78' lang='lat' dir='ltr'><strong>gymnasiis</strong></span> <span class='ocrx_word' id='word_1_313' title='bbox 1023 2291 1062 2321; x_wconf 90' lang='lat' dir='ltr'><strong>et</strong></span> <span class='ocrx_word' id='word_1_314' title='bbox 1080 2283 1163 2320; x_wconf 89' lang='lat' dir='ltr'><strong>aliis</strong></span> <span class='ocrx_word' id='word_1_315' title='bbox 1183 2282 1435 2320; x_wconf 87' lang='lat' dir='ltr'><strong>conventibus</strong></span> <span class='ocrx_word' id='word_1_316' title='bbox 1455 2281 1695 2319; x_wconf 87' lang='lat' dir='ltr'><strong>admirationi</strong></span> 
     </span>
     <span class='ocr_line' id='line_1_36' title="bbox 242 2337 1727 2395; baseline -0.001 -13"><span class='ocrx_word' id='word_1_317' title='bbox 242 2351 345 2383; x_wconf 88' lang='lat' dir='ltr'><strong>sunt.</strong></span> <span class='ocrx_word' id='word_1_318' title='bbox 400 2343 476 2388; x_wconf 86' lang='lat' dir='ltr'><strong>Qui</strong></span> <span class='ocrx_word' id='word_1_319' title='bbox 501 2355 613 2395; x_wconf 90' lang='lat' dir='ltr'><strong>porro</strong></span> <span class='ocrx_word' id='word_1_320' title='bbox 639 2343 849 2394; x_wconf 89' lang='lat' dir='ltr'><strong>periculum</strong></span> <span class='ocrx_word' id='word_1_321' title='bbox 872 2343 947 2382; x_wconf 86' lang='lat' dir='ltr'><strong>hoc</strong></span> <span class='ocrx_word' id='word_1_322' title='bbox 971 2357 1038 2395; x_wconf 88' lang='lat' dir='ltr'><strong>per</strong></span> <span class='ocrx_word' id='word_1_323' title='bbox 1058 2343 1319 2382; x_wconf 86' lang='lat' dir='ltr'><strong>fortitudinem</strong></span> <span class='ocrx_word' id='word_1_324' title='bbox 1340 2343 1545 2388; x_wconf 87' lang='lat' dir='ltr'><strong>evaserint,</strong></span> <span class='ocrx_word' id='word_1_325' title='bbox 1565 2343 1590 2380; x_wconf 92' lang='lat' dir='ltr'><strong>ii</strong></span> <span class='ocrx_word' id='word_1_326' title='bbox 1609 2343 1695 2381; x_wconf 87' lang='lat' dir='ltr'><strong>reli·</strong></span> <span class='ocrx_word' id='word_1_327' title='bbox 1724 2337 1727 2341; x_wconf 64' lang='grc'><em>’</em></span> 
     </span>
     <span class='ocr_line' id='line_1_37' title="bbox 243 2405 1695 2457; baseline -0.001 -13"><span class='ocrx_word' id='word_1_328' title='bbox 243 2418 360 2457; x_wconf 86' lang='lat' dir='ltr'><strong>quam</strong></span> <span class='ocrx_word' id='word_1_329' title='bbox 380 2405 496 2443; x_wconf 90' lang='lat' dir='ltr'><strong>vitam</strong></span> <span class='ocrx_word' id='word_1_330' title='bbox 523 2417 656 2443; x_wconf 89' lang='lat' dir='ltr'><strong>secure</strong></span> <span class='ocrx_word' id='word_1_331' title='bbox 677 2417 763 2442; x_wconf 90' lang='lat' dir='ltr'><strong>cum</strong></span> <span class='ocrx_word' id='word_1_332' title='bbox 791 2411 975 2456; x_wconf 88' lang='lat' dir='ltr'><strong>perpetua</strong></span> <span class='ocrx_word' id='word_1_333' title='bbox 997 2419 1064 2456; x_wconf 91' lang='lat' dir='ltr'><strong>per</strong></span> <span class='ocrx_word' id='word_1_334' title='bbox 1082 2419 1215 2445; x_wconf 90' lang='lat' dir='ltr'><strong>omnes</strong></span> <span class='ocrx_word' id='word_1_335' title='bbox 1234 2412 1448 2444; x_wconf 87' lang='lat' dir='ltr'><strong>conventus</strong></span> <span class='ocrx_word' id='word_1_336' title='bbox 1469 2418 1514 2443; x_wconf 87' lang='lat' dir='ltr'><strong>ac</strong></span> <span class='ocrx_word' id='word_1_337' title='bbox 1533 2417 1695 2456; x_wconf 88' lang='lat' dir='ltr'><strong>pompas</strong></span> 
     </span>
     <span class='ocr_line' id='line_1_38' title="bbox 243 2465 1695 2518; baseline -0.001 -13"><span class='ocrx_word' id='word_1_338' title='bbox 243 2467 358 2506; x_wconf 86' lang='lat' dir='ltr'><strong>laude</strong></span> <span class='ocrx_word' id='word_1_339' title='bbox 387 2467 552 2517; x_wconf 85' lang='lat' dir='ltr'><strong>degunt.</strong></span> <span class='ocrx_word' id='word_1_340' title='bbox 609 2466 683 2504; x_wconf 91' lang='lat' dir='ltr'><strong>His</strong></span> <span class='ocrx_word' id='word_1_341' title='bbox 710 2465 822 2504; x_wconf 90' lang='lat' dir='ltr'><strong>amici</strong></span> <span class='ocrx_word' id='word_1_342' title='bbox 851 2473 942 2504; x_wconf 90' lang='lat' dir='ltr'><strong>sunt</strong></span> <span class='ocrx_word' id='word_1_343' title='bbox 967 2467 1092 2514; x_wconf 88' lang='lat' dir='ltr'><strong>amici,</strong></span> <span class='ocrx_word' id='word_1_344' title='bbox 1111 2481 1180 2518; x_wconf 90' lang='lat' dir='ltr'><strong>pro</strong></span> <span class='ocrx_word' id='word_1_345' title='bbox 1199 2467 1259 2505; x_wconf 89' lang='lat' dir='ltr'><strong>his</strong></span> <span class='ocrx_word' id='word_1_346' title='bbox 1282 2467 1420 2506; x_wconf 88' lang='lat' dir='ltr'><strong>inimici</strong></span> <span class='ocrx_word' id='word_1_347' title='bbox 1439 2467 1695 2512; x_wconf 83' lang='lat' dir='ltr'><strong>intercedunt,</strong></span> 
     </span>
     <span class='ocr_line' id='line_1_39' title="bbox 244 2526 1699 2580; baseline -0.003 -13"><span class='ocrx_word' id='word_1_348' title='bbox 244 2542 312 2580; x_wconf 85' lang='lat' dir='ltr'><strong>per</strong></span> <span class='ocrx_word' id='word_1_349' title='bbox 330 2528 400 2566; x_wconf 89' lang='lat' dir='ltr'><strong>hos</strong></span> <span class='ocrx_word' id='word_1_350' title='bbox 420 2528 543 2578; x_wconf 88' lang='lat' dir='ltr'><strong>quivis</strong></span> <span class='ocrx_word' id='word_1_351' title='bbox 562 2526 729 2578; x_wconf 91' lang='lat' dir='ltr'><strong>hospitio</strong></span> <span class='ocrx_word' id='word_1_352' title='bbox 748 2527 831 2565; x_wconf 90' lang='lat' dir='ltr'><strong>vult</strong></span> <span class='ocrx_word' id='word_1_353' title='bbox 851 2527 991 2579; x_wconf 88' lang='lat' dir='ltr'><strong>excipi;</strong></span> <span class='ocrx_word' id='word_1_354' title='bbox 1030 2536 1070 2566; x_wconf 94' lang='lat' dir='ltr'><strong>et</strong></span> <span class='ocrx_word' id='word_1_355' title='bbox 1091 2529 1294 2567; x_wconf 89' lang='lat' dir='ltr'><strong>affinitates</strong></span> <span class='ocrx_word' id='word_1_356' title='bbox 1312 2529 1478 2566; x_wconf 89' lang='lat' dir='ltr'><strong>libentes</strong></span> <span class='ocrx_word' id='word_1_357' title='bbox 1500 2533 1699 2565; x_wconf 87' lang='lat' dir='ltr'><strong>contraxe-</strong></span> 
     </span>
     <span class='ocr_line' id='line_1_40' title="bbox 246 2589 1697 2641; baseline -0.001 -13"><span class='ocrx_word' id='word_1_358' title='bbox 246 2591 323 2628; x_wconf 89' lang='lat' dir='ltr'><strong>ris:</strong></span> <span class='ocrx_word' id='word_1_359' title='bbox 352 2589 393 2627; x_wconf 89' lang='lat' dir='ltr'><strong>hi</strong></span> <span class='ocrx_word' id='word_1_360' title='bbox 418 2589 457 2627; x_wconf 90' lang='lat' dir='ltr'><strong>in</strong></span> <span class='ocrx_word' id='word_1_361' title='bbox 483 2595 684 2628; x_wconf 87' lang='lat' dir='ltr'><strong>senectute</strong></span> <span class='ocrx_word' id='word_1_362' title='bbox 709 2589 810 2627; x_wconf 87' lang='lat' dir='ltr'><strong>beati</strong></span> <span class='ocrx_word' id='word_1_363' title='bbox 837 2589 1025 2627; x_wconf 87' lang='lat' dir='ltr'><strong>dicuntur.</strong></span> <span class='ocrx_word' id='word_1_364' title='bbox 1083 2590 1198 2629; x_wconf 92' lang='lat' dir='ltr'><strong>Nunc</strong></span> <span class='ocrx_word' id='word_1_365' title='bbox 1226 2590 1354 2641; x_wconf 84' lang='lat' dir='ltr'><strong>igitur,</strong></span> <span class='ocrx_word' id='word_1_366' title='bbox 1381 2589 1533 2634; x_wconf 87' lang='lat' dir='ltr'><strong>milites,</strong></span> <span class='ocrx_word' id='word_1_367' title='bbox 1558 2601 1627 2639; x_wconf 89' lang='lat' dir='ltr'><strong>pro</strong></span> <span class='ocrx_word' id='word_1_368' title='bbox 1655 2602 1697 2627; x_wconf 90' lang='lat' dir='ltr'><strong>se</strong></span> 
     </span>
     <span class='ocr_line' id='line_1_41' title="bbox 247 2649 1700 2703; baseline -0.001 -13"><span class='ocrx_word' id='word_1_369' title='bbox 247 2652 424 2702; x_wconf 91' lang='lat' dir='ltr'><strong>quisque,</strong></span> <span class='ocrx_word' id='word_1_370' title='bbox 450 2649 746 2703; x_wconf 23' lang='lat' dir='ltr'><strong>nullisxomissis</strong></span> <span class='ocrx_word' id='word_1_371' title='bbox 773 2649 927 2696; x_wconf 88' lang='lat' dir='ltr'><strong>viribus,</strong></span> <span class='ocrx_word' id='word_1_372' title='bbox 953 2651 1013 2689; x_wconf 88' lang='lat' dir='ltr'><strong>his</strong></span> <span class='ocrx_word' id='word_1_373' title='bbox 1039 2651 1148 2689; x_wconf 91' lang='lat' dir='ltr'><strong>bonis</strong></span> <span class='ocrx_word' id='word_1_374' title='bbox 1179 2650 1446 2702; x_wconf 87' lang='lat' dir='ltr'><strong>comparandis</strong></span> <span class='ocrx_word' id='word_1_375' title='bbox 1478 2650 1700 2688; x_wconf 88' lang='lat' dir='ltr'><strong>incumbite.</strong></span> 
     </span>
     <span class='ocr_line' id='line_1_42' title="bbox 248 2711 1308 2764; baseline 0 -15"><span class='ocrx_word' id='word_1_376' title='bbox 248 2712 374 2763; x_wconf 92' lang='lat' dir='ltr'><strong>Atque</strong></span> <span class='ocrx_word' id='word_1_377' title='bbox 393 2724 463 2750; x_wconf 88' lang='lat' dir='ltr'><strong>vos</strong></span> <span class='ocrx_word' id='word_1_378' title='bbox 482 2711 689 2757; x_wconf 83' lang='lat' dir='ltr'><strong>admoneo,</strong></span> <span class='ocrx_word' id='word_1_379' title='bbox 707 2717 797 2749; x_wconf 87' lang='lat' dir='ltr'><strong>exta</strong></span> <span class='ocrx_word' id='word_1_380' title='bbox 814 2712 920 2750; x_wconf 86' lang='lat' dir='ltr'><strong>vobis</strong></span> <span class='ocrx_word' id='word_1_381' title='bbox 940 2711 1148 2764; x_wconf 85' lang='lat' dir='ltr'><strong>contigisse</strong></span> <span class='ocrx_word' id='word_1_382' title='bbox 1167 2712 1308 2751; x_wconf 80' lang='lat' dir='ltr'><strong>fausta.</strong></span> 
     </span>
    </p>
   </div>
  </div>
 </body>
</html>
