1870 3277
675 200 1062 239 ARCHIDAMUS.
1555 206 1606 242 73

140 302 325 341 facturos.
384 300 468 351 Ego
489 313 581 339 vero
609 301 666 339 sic
684 301 863 339 existimo
882 314 962 339 non
983 307 1060 339 tam
1080 300 1161 339 fore
1181 302 1290 340 vobis
1312 302 1394 341 sine
1413 304 1496 343 istis
1515 305 1607 344 belli

138 365 345 403 discrimen
375 364 546 414 gravius,
567 377 684 414 quam
708 364 909 402 honestius
932 370 971 402 et
990 363 1178 402 illustrius
1202 370 1242 402 et
1260 365 1404 416 ubique
1433 366 1606 417 gentium

137 426 357 476 gloriosius.
416 425 517 463 Nam
539 425 571 463 si
591 438 666 462 non
683 424 843 463 aliorum
861 438 935 476 ope
949 425 1037 463 freti
1053 425 1122 463 s'ed
1138 426 1277 464 nostris
1295 427 1448 465 subnixi
1461 428 1606 467 viribus

138 499 223 525 esse
243 487 457 525 incolumes
473 487 716 536 victoresque
736 486 907 524 hostium
930 485 1226 533 studeamus,id
1248 486 1333 525 aliis
1354 494 1497 526 nostrae
1518 490 1608 528 civi-

136 548 224 586 tatis
244 549 478 587 facinoribus
498 548 570 586 erit
587 554 908 586 consentaneum.
967 549 1050 586 Etsi
1073 556 1201 587 autem
1223 548 1487 599 eloquentiam
1506 564 1607 589 nun-

134 623 250 660 quam
272 611 439 662 suspexi,
457 610 526 648 sed
546 609 639 648 istos
660 610 726 660 qui
742 609 780 646 in
802 623 848 648 eo
869 609 986 647 studii
1007 622 1147 660 genere
1167 617 1413 648 versarentur
1434 610 1471 648 in
1492 613 1606 651 rebus

136 672 317 723 gerendis
344 671 561 722 ignaviores
586 684 670 709 esse
690 670 919 714 existimavi,
940 684 1044 710 nunc
1066 678 1198 710 tamen
1218 671 1312 709 nihil
1333 671 1424 710 mihi
1445 673 1606 723 perinde

134 733 173 770 in
198 734 295 771 votis
321 740 381 771 est
411 746 528 784 quam
554 739 597 770 ut
622 732 671 770 de
696 732 905 783 propositis
932 733 1046 770 rebus
1077 746 1125 771 ex
1160 733 1276 771 animi
1310 733 1385 771 mei
1414 737 1608 774 sententia

133 795 249 832 verba
268 796 393 833 faeere
418 795 573 846 possim.
631 794 749 836 Quod
769 794 800 831 si
820 806 945 831 essem
972 801 1179 832 assecutus
1200 807 1259 832 me
1279 795 1376 846 reip.
1396 795 1602 847 plurimum

133 856 207 894 hoc
227 862 399 908 tempore
420 869 613 908 sperarem
635 856 893 907 profuturum.

186 920 225 955 5.
255 919 314 956 Ac
341 918 504 969 primum
534 917 803 955 disserendum
833 925 892 956 est
911 918 1019 956 vobis
1039 931 1116 970 quo
1138 925 1253 969 pacto
1275 919 1460 958 Messena
1478 920 1516 958 in
1538 933 1603 959 ve-

132 985 248 1017 stram
271 986 503 1030 potestatem
526 979 685 1025 venerit,
705 986 744 1017 et
763 992 860 1030 quas
881 979 930 1017 ob
953 992 1092 1018 causas
1115 980 1154 1017 in
1177 980 1464 1032 Peloponneso,
1484 995 1602 1033 quum

134 1040 344 1079 Dorienses
373 1054 395 1079 a
421 1040 544 1092 prima
579 1041 660 1078 sitis
695 1042 855 1091 origine,
876 1041 1142 1079 consedentis,
1202 1041 1327 1080 Altius
1365 1049 1494 1081 autem
1525 1057 1605 1083 rem

131 1110 251 1142 totam
271 1111 476 1156 propterea
495 1112 681 1156 repetam,
702 1112 745 1142 ut
766 1105 990 1156 intelligatis
1011 1118 1096 1143 eam
1110 1107 1346 1157 provinciam
1369 1109 1478 1146 vobis
1496 1109 1605 1160 eripi,

131 1179 247 1217 quarn
266 1179 346 1204 non
367 1166 554 1203 deteriore
569 1170 654 1214 jure
673 1179 790 1217 quarn
811 1167 1000 1216 reliquam
1024 1167 1345 1206 Lacedaemonem
1366 1169 1588 1220 possidetis.

186 1228 224 1265 6.
256 1227 387 1271 Quum
418 1227 519 1264 enim
552 1227 742 1265 Hercules
773 1241 793 1265 e
822 1229 937 1265 rebus
967 1227 1145 1266 humanis
1176 1228 1353 1267 sublatus
1384 1231 1602 1270 immortale

127 1302 218 1328 cum
238 1289 309 1327 diis
331 1303 453 1326 aevum
476 1302 589 1339 agere
608 1290 804 1340 coepisset,
826 1289 934 1327 initio
963 1289 1072 1327 liberi
1094 1290 1178 1341 ejus
1201 1292 1248 1329 ob
1271 1291 1511 1331 inimicorum
1532 1307 1603 1346 po-

129 1351 288 1389 tentiam
310 1350 423 1388 variis
445 1351 634 1389 erroribus
655 1358 693 1389 et
712 1351 893 1402 periculis
922 1352 1153 1402 agebantur,
1179 1361 1268 1403 post
1298 1354 1447 1393 obitum
1476 1363 1602 1395 autem

131 1413 338 1464 Eurysthei
354 1412 458 1464 apud
476 1413 686 1451 Dorienses
705 1412 984 1451 consederunt.
1033 1413 1164 1451 Tertia
1181 1414 1335 1452 demum
1353 1422 1469 1455 aetate
1486 1418 1602 1457 certis

127 1475 178 1514 de
205 1476 319 1513 rebus
340 1474 539 1512 oraculum
561 1474 910 1526 petituriDelphos
937 1482 1028 1513 sunt
1054 1475 1230 1526 profecti.
1289 1478 1434 1515 Verum
1455 1479 1602 1531 Apollo

130 1538 177 1576 ad
202 1538 438 1589 quaestiones
458 1537 677 1589 propositas
698 1536 792 1574 nihil
811 1537 1026 1588 respondit,
1045 1537 1114 1575 sed
1134 1538 1170 1575 in
1192 1539 1354 1589 patriam
1375 1546 1517 1580 terram
1537 1555 1603 1580 eos

125 1600 366 1652 abirejussit.
416 1599 674 1638 Considerato
686 1599 801 1650 igitur
814 1598 983 1644 oraculo,
999 1607 1223 1650 repererunt
1237 1601 1363 1652 Argos
1378 1603 1602 1655 propinqui-

126 1662 216 1699 tatis
231 1661 319 1712 jure
340 1661 389 1698 ad
411 1674 451 1699 se
472 1661 631 1699 rediisse
653 1683 703 1688 —-
725 1673 812 1698 nam
843 1660 1037 1698 exstincto
1060 1660 1281 1713 Eurystheo
1303 1663 1374 1701 soli
1395 1664 1444 1702 de
1466 1664 1600 1705 Persei

125 1723 270 1761 familia
289 1729 516 1774 supererant
535 1745 601 1768 —‚
625 1722 949 1760 Lacedaemonem
974 1736 1064 1761 vero
1092 1723 1197 1761 dono
1217 1726 1416 1776 accepisse
1436 1748 1488 1755 —-
1508 1740 1599 1766 nam

124 1784 368 1836 Tyndareus,
391 1784 556 1822 Castore
581 1790 621 1822 et
646 1783 809 1822 Polluce
830 1784 1046 1831 exstinctis,
1067 1798 1190 1835 regno
1217 1786 1351 1837 pulsus
1372 1794 1409 1825 et
1428 1788 1476 1826 ab
1498 1789 1599 1827 Her-

124 1846 212 1885 cule
238 1846 452 1892 restitutus,
472 1844 526 1882 illi
547 1845 742 1896 regionem
763 1845 976 1884 tradiderat
992 1858 1080 1884 cum
1101 1847 1150 1884 ob
1170 1847 1400 1886 beneficium
1421 1848 1494 1887 hoc
1516 1856 1597 1887 tum

125 1910 174 1948 ob
189 1908 463 1960 cognationem
483 1908 688 1946 liberorum
711 1922 866 1947 suorum
887 1932 951 1954 —,
969 1909 1192 1948 Messenam
1210 1917 1342 1949 autem
1360 1925 1449 1960 quae
1471 1912 1507 1949 vi
1527 1927 1598 1951 ex-

124 1978 299 2022 pugnata
314 1970 454 2008 fuisset
473 1983 581 2008 suam
603 1983 688 2008 esse
708 1971 851 2008 factam
871 1994 924 1999 —
945 1971 1138 2009 Hercules
1159 1973 1263 2010 enim
1283 1973 1405 2011 bobus
1421 1974 1598 2026 Erythei-

125 2033 240 2070 dibus
261 2045 284 2070 a
305 2031 428 2070 Neleo
449 2039 488 2069 et
509 2033 591 2083 ejus
612 2031 712 2075 filiis,
735 2031 902 2070 Nestore
933 2039 1109 2083 excepto,
1132 2033 1337 2084 spoliatus,
1356 2047 1475 2084 quum
1502 2036 1597 2075 urbe

124 2095 269 2146 potitus
299 2100 416 2138 esset,
438 2106 505 2132 eos
531 2093 687 2143 quidem
707 2106 730 2131 a
748 2093 889 2143 quibus
919 2100 1002 2132 erat
1032 2093 1191 2132 affectus
1221 2095 1357 2146 injuria
1392 2096 1595 2145 interfecit,

125 2155 305 2194 Nestoris
333 2162 463 2193 autem
488 2155 578 2193 fidei
606 2155 790 2206 oppidum
817 2156 1023 2202 commisit,
1050 2157 1254 2195 cordatum
1286 2158 1481 2197 hominem
1507 2174 1595 2200 esse

122 2225 238 2264 ratus,
251 2216 354 2268 quod
370 2217 442 2255 etsi
460 2224 550 2255 natu
567 2217 746 2256 minimus
760 2217 916 2256 fraterni
929 2218 1060 2257 delicti
1075 2220 1202 2258 socius
1218 2233 1303 2258 esse
1320 2220 1512 2260 noluisset
1526 2245 1592 2261 ——.

176 2282 215 2318 7.
246 2281 378 2322 Quum
407 2278 523 2330 igitur
554 2279 699 2317 oraculi
729 2280 923 2318 sententia
951 2280 1037 2319 haec
1064 2293 1154 2319 esse
1180 2281 1390 2328 videretur,
1411 2283 1593 2324 adhibitis

125 2341 260 2380 vestris
276 2341 485 2392 majoribus
503 2341 753 2391 exercituque
774 2348 1012 2392 comparato,
1031 2342 1230 2393 regionem
1247 2356 1357 2381 suam
1374 2344 1474 2382 inter
1492 2359 1594 2384 com-

121 2404 315 2442 militones
336 2401 623 2448 distribuerunt,
645 2410 684 2441 et
708 2403 817 2453 regni
843 2404 1142 2454 praerogativam
1167 2405 1215 2442 ab
1243 2405 1316 2442 illis
1347 2415 1590 2458 receperunt,

121 2472 236 2516 atque
256 2465 315 2502 his
336 2463 622 2503 conditionibus
642 2464 718 2503 fide
739 2465 831 2503 data
853 2472 891 2503 ct
910 2472 1072 2517 accepta
1092 2466 1385 2518 expeditionem
1408 2482 1591 2521 suscepe-

122 2534 222 2565 runt.
280 2527 338 2565 Ac
358 2526 502 2565 itineris
523 2527 745 2565 discrimina
763 2533 803 2565 et
822 2534 982 2566 caeteras
1002 2541 1062 2566 res
1091 2536 1239 2579 gestas,
1259 2542 1345 2579 quae
1367 2529 1415 2567 ad
1436 2530 1589 2570 institu—

120 2596 201 2627 tum
217 2600 296 2626 non
314 2588 508 2639 pertinent
524 2587 616 2638 quid
639 2601 800 2627 necesse
817 2595 876 2627 est
895 2589 1083 2640 prolixius
1103 2591 1434 2629 commemorare?
1478 2592 1589 2633 Bello

120 2656 248 2688 autem
267 2649 377 2688 victis
407 2662 538 2687 eorum
572 2650 744 2688 locorum
772 2663 860 2700 quae
891 2650 1057 2689 diximus
1086 2651 1220 2689 incolis
1249 2665 1367 2703 regna
1396 2653 1588 2705 tripartito

119 2710 344 2749 diviserunt.
402 2710 452 2748 Et
472 2723 538 2748 vos
559 2711 718 2762 quidem
738 2712 776 2749 in
797 2711 900 2750 hunc
920 2725 1044 2764 usque
1064 2713 1166 2750 diem
1188 2720 1302 2764 pacta
1329 2721 1369 2753 et
1390 2716 1588 2768 jusjuran-

120 2771 211 2808 dum
241 2772 449 2823 majoribus
483 2772 622 2810 nostris
654 2773 789 2811 datum
822 2774 994 2812 servatis.
1053 2773 1300 2826 Quapropter
1329 2783 1369 2814 et
1399 2779 1587 2828 superiori

118 2840 290 2882 tempore
320 2832 508 2871 feliciores
543 2833 625 2872 aliis
659 2834 799 2881 fuistis,
821 2842 860 2873 et
892 2835 929 2872 in
964 2842 1176 2886 posterum,
1207 2849 1326 2888 quum
1358 2838 1458 2877 tales
1493 2840 1586 2887 sitis,

119 2895 221 2931 bona
239 2905 327 2944 spes
344 2901 404 2931 est
417 2895 550 2933 melius
565 2909 681 2946 quam
699 2910 804 2935 nunc
822 2904 949 2935 actum
967 2897 1009 2934 iri
1026 2898 1240 2937 vobiscum.
1299 2900 1587 2941 Messeniorum

117 2961 245 2993 autern
267 2961 376 2992 tanta
394 2955 466 2994 suit
485 2956 676 3008 impietas,
701 2965 742 2996 ut
762 2959 1062 3009 Cresphontem,
1083 2968 1123 2998 et
1143 2960 1384 3000 conditorem
1407 2964 1526 3009 urbis,
1547 2973 1586 3003 et

838 3033 859 3056 12
