1870 3277
259 200 310 235 62
853 202 1143 242 ISOCRATIS

316 305 381 340 40.
415 303 493 342 Sed
515 303 728 348 haetenus3
767 305 848 356 jam
866 305 1052 358 deinceps
1072 307 1163 344 mibi
1184 306 1233 344 de
1256 313 1443 359 apparatu
1465 306 1734 346 disserendum

260 364 424 411 videtur,
453 372 533 404 turn
555 366 628 404 hoc
649 379 726 417 quo
748 373 788 404 tu
811 367 1025 405 instructus
1051 381 1092 406 es
1120 375 1203 405 tum
1222 381 1268 406 eo
1289 381 1404 418 quem
1429 368 1482 406 illi
1504 368 1734 406 habuerunt.

259 427 319 464 Tu
341 427 470 478 igitur,
487 428 592 479 quod
613 428 823 466 maximum
839 435 912 474 est,
935 429 1100 467 Graecos
1119 429 1328 467 benevolos
1349 429 1524 476 habebis,
1546 430 1736 480 siquidem

259 502 306 527 ea
326 502 413 540 quae
441 503 558 540 supra
585 490 688 528 dicta
714 497 805 527 sunt
836 503 986 528 servare
1006 491 1190 536 volueris,
1211 492 1262 529 illi
1287 499 1415 529 autem
1435 492 1485 529 ob
1506 492 1736 529 decuriones

259 564 283 589 a
304 551 608 589 Lacedaemoniis
623 552 855 590 constitutos
873 553 1028 590 eosdem
1049 553 1334 591 inimicissimos
1354 553 1586 591 habuerunt.
1645 554 1735 591 Exi-

261 613 470 651 stimabant
506 614 622 659 enim,
663 615 695 651 si
733 614 859 665 Cyrus
898 621 938 652 et
976 615 1189 653 Clearchus
1228 616 1426 661 vicissent,
1467 629 1507 653 se
1545 615 1735 653 duriorem

261 675 484 713 servitutem
524 676 749 721 servituros,
787 676 844 713 sin
883 690 950 714 rex
984 677 1156 727 superior
1184 678 1389 723 evasisset,
1423 677 1601 727 urgentia
1634 677 1737 715 mala

261 737 516 788 depulsuros:
547 737 585 774 id
611 737 715 787 quod
744 738 895 775 accidit.
954 738 1151 776 Praeterea
1182 739 1250 776 tibi
1284 739 1319 776 in
1350 739 1530 790 expedito
1551 738 1621 776 erit
1643 751 1736 777 con-

262 799 428 836 scribere
460 799 601 837 milites
638 807 735 849 quot
767 800 955 844 volueris;
1003 813 1092 838 nam
1122 800 1184 839 hic
1221 800 1387 839 Graeciae
1427 809 1551 838 status
1587 808 1658 846 est,
1693 808 1737 838 ut

260 860 410 899 facilius
441 861 490 898 sit
515 861 730 899 exercitum
765 862 949 912 majorem
979 869 1017 899 et
1051 862 1304 900 robustiorem
1332 876 1377 900 ex
1411 863 1610 901 erronibus
1643 875 1736 900 con-

259 924 427 962 scribere
460 937 576 975 quam
608 938 628 962 e
661 924 829 962 civibus:
860 923 934 962 illis
967 937 1057 962 vero
1090 926 1329 976 temporibus
1364 925 1590 976 peregrinus
1625 925 1735 963 miles

261 985 393 1024 nullus
409 994 504 1033 erat,
527 986 630 1023 unde
651 1000 770 1037 quum
793 1000 814 1023 e
837 986 1056 1024 civitatibus
1076 987 1260 1037 colligere
1282 987 1413 1038 copias
1435 1000 1598 1025 necesse
1619 995 1738 1033 esset,

259 1048 485 1098 largitiones
506 1049 542 1086 in
569 1056 773 1086 coactores
793 1049 1000 1100 insumptae
1022 1048 1142 1100 pluris
1172 1049 1245 1087 illis
1266 1049 1343 1087 fere
1364 1050 1598 1087 constabant
1618 1063 1736 1100 quam

261 1110 456 1161 stipendia
486 1110 663 1148 militum.
722 1110 928 1147 Enimvero
954 1111 984 1147 si
1019 1110 1262 1148 considerare
1297 1111 1532 1148 voluerimus
1561 1118 1601 1148 et
1632 1124 1738 1148 com·

260 1171 501 1222 parationem
521 1171 650 1209 facere
669 1172 770 1209 inter
790 1178 827 1209 te
847 1172 912 1222 qui
930 1185 1035 1209 nunc
1057 1171 1274 1210 exercitum
1295 1172 1415 1210 duces
1435 1178 1475 1209 et
1493 1172 1540 1209 de
1560 1173 1738 1210 omnibus

261 1235 375 1271 rebus
406 1234 638 1271 deliberabis
658 1241 695 1271 et
717 1233 815 1270 inter
846 1233 1079 1271 Clearchum
1106 1234 1170 1284 qui
1194 1241 1275 1271 tum
1303 1247 1464 1271 summae
1492 1247 1620 1272 rerum
1641 1248 1738 1285 prae-

260 1295 345 1341 fuit,
365 1294 472 1332 illurn
497 1295 728 1346 reperiemus
748 1295 854 1346 prius
880 1309 1078 1347 nunquam
1099 1295 1199 1333 ullas
1226 1295 1358 1346 copias
1381 1295 1459 1333 sive
1481 1296 1636 1334 navales
1658 1296 1738 1334 sive

260 1357 460 1409 pedestres
490 1357 527 1394 in
557 1363 750 1408 potestate
785 1357 984 1404 habuisse,
1013 1358 1083 1395 sed
1112 1370 1160 1395 ex
1180 1357 1327 1395 Asiana
1351 1357 1572 1396 calamitate
1599 1358 1736 1396 nobili-

261 1427 400 1464 tatum,
421 1427 457 1457 te
480 1427 611 1457 autem
631 1426 690 1458 tot
709 1426 918 1470 tantasque
947 1433 1007 1458 res
1029 1419 1211 1470 gessisse,
1237 1419 1284 1458 de
1305 1420 1446 1470 quibus
1466 1420 1497 1457 si
1517 1420 1621 1471 apud
1642 1420 1738 1458 alios

262 1482 380 1520 verba
405 1482 588 1528 facerem,
611 1495 686 1519 non
720 1481 965 1520 incommode
988 1482 1061 1520 dici
1086 1482 1290 1533 potuisset,
1312 1494 1431 1532 quum
1452 1488 1582 1520 autem
1610 1488 1738 1520 tecum

261 1544 493 1595 agam‚jure
520 1552 563 1583 ut
589 1544 751 1582 demens
778 1544 887 1581 simul
912 1551 951 1582 et
981 1544 1017 1581 in
1047 1557 1087 1582 re
1116 1556 1408 1595 supervacanea
1435 1550 1650 1596 occupatus
1670 1543 1738 1582 de-

261 1606 422 1651 riderer,
443 1606 474 1644 si
491 1613 557 1644 tua
578 1607 682 1644 facta
701 1619 1061 1644 commemorarem.

316 1670 383 1707 41.
415 1668 558 1720 Operae
595 1669 761 1720 pretium
800 1682 914 1721 porro
953 1668 1069 1706 fuerit
1098 1681 1235 1719 regum
1271 1668 1388 1707 etiam
1425 1668 1625 1706 amborum
1658 1681 1738 1705 me-

263 1731 432 1777 minisse,
453 1740 534 1769 tum
561 1731 678 1783 liujus
703 1739 840 1769 contra
859 1745 974 1782 quem
1004 1731 1071 1768 tibi
1102 1731 1244 1768 bellum
1273 1730 1566 1781 suscipiendum
1594 1730 1740 1768 suadeo

265 1803 347 1834 tum
374 1795 474 1833 illius
506 1808 621 1846 quem
647 1794 862 1833 Clearchus
892 1795 1047 1839 invasit,
1080 1802 1121 1831 ut
1144 1794 1244 1831 vires
1272 1802 1310 1832 et
1341 1794 1510 1831 animum
1537 1793 1738 1843 utriusque

263 1871 496 1910 cognoscas.
554 1858 649 1908 Ejus
670 1858 785 1909 igitur
804 1864 915 1909 pater
935 1865 1104 1907 nostram
1128 1857 1262 1894 urbem
1286 1863 1324 1894 et
1348 1856 1740 1894 Lacedaemoniorum

262 1921 355 1959 item
391 1920 622 1964 debellavit;
676 1919 739 1957 hic
778 1919 1140 1968 nullum-unquam
1179 1917 1389 1956 exercitum
1429 1917 1613 1955 ditionem
1655 1917 1739 1967 ejus

262 1984 516 2035 populantem
548 1982 777 2033 superavit.-
816 1981 972 2019 Deinde
1002 1980 1066 2018 ille
1097 1980 1230 2018 Asiam
1258 1981 1477 2018 universam
1503 1992 1550 2017 ex
1573 1987 1688 2031 pacto
1718 1992 1741 2016 a

265 2045 416 2083 Graecis
444 2045 618 2095 accepit;
649 2043 713 2082 hic
747 2050 895 2081 tantum
924 2043 1036 2080 abest
1060 2048 1105 2079 ut
1131 2042 1215 2079 aliis
1245 2041 1418 2093 imperet,
1447 2048 1488 2078 ut
1512 2054 1559 2079 ne
1587 2041 1738 2078 illarum

265 2107 421 2159 quidem
451 2107 603 2144 urbium
624 2106 673 2143 sit
703 2105 884 2143 dominus
912 2118 1000 2155 qnae
1029 2111 1121 2142 sunt
1144 2104 1217 2155 ipsi
1244 2104 1410 2141 traditae.
1469 2103 1598 2146 Quare
1623 2116 1740 2140 nemo

265 2177 324 2208 est
355 2169 446 2220 quin
468 2169 631 2212 dubitet,
660 2174 787 2204 utrum
815 2164 1120 2204 existimandum
1143 2166 1191 2202 sit
1215 2166 1316 2202 hunc
1344 2178 1410 2202 eas
1441 2165 1618 2202 amisisse
1639 2166 1740 2203 ultro

267 2233 318 2271 ob
337 2231 546 2282 ignaviam,
568 2243 616 2268 an
637 2228 723 2267 illas
746 2228 976 2279 despexisse
995 2234 1034 2266 et
1054 2227 1333 2278 contempsisse
1353 2226 1596 2264 barbaricum
1617 2224 1740 2265 dorniss

265 2300 413 2333 natum.

320 2358 384 2394 42.
418 2354 516 2399 Quis
550 2361 678 2392 autern
704 2360 764 2390 est
791 2353 856 2403 qui
892 2352 954 2389 ubi
982 2351 1145 2389 audierit
1169 2351 1365 2402 quomodo
1399 2350 1437 2388 in
1466 2350 1626 2402 imperio
1656 2353 1741 2401 ejus

267 2425 418 2469 agatur,
440 2429 516 2453 non
537 2415 798 2452 inflammetur
818 2413 867 2451 ad
887 2413 1030 2450 bellum
1052 2413 1085 2449 ei
1106 2412 1374 2450 inferendum?
1422 2412 1522 2450 Nam
1546 2413 1741 2464 AEgyptus

268 2481 384 2518 etiam
412 2478 479 2516 illo
498 2485 670 2529 tempore
691 2476 903 2519 defecerat,
924 2474 993 2512 sed
1014 2475 1241 2512 metuebant
1267 2483 1399 2513 tamen
1427 2487 1476 2512 ne
1496 2475 1654 2525 quando
1675 2487 1740 2512 rex

267 2543 349 2593 ipse
381 2548 567 2591 suscepta
592 2538 836 2589 expeditione
869 2536 947 2573 Nili
979 2536 1144 2574 transitu
1172 2543 1210 2574 et
1240 2536 1389 2586 reliquo
1421 2543 1608 2587 apparatu
1636 2529 1739 2574 omni

268 2604 478 2657 potiretur:
510 2615 613 2639 nunc
640 2608 767 2638 autem
799 2600 860 2637 hic
886 2599 961 2636 illis
990 2605 1134 2636 metum
1156 2598 1264 2635 illum
1292 2598 1448 2636 ademit.
1507 2598 1741 2648 Comparato

270 2667 373 2705 enim
404 2665 576 2703 exercitu
599 2670 744 2714 quanto
765 2662 934 2700 maximo
963 2661 1103 2712 potuit,
1131 2660 1313 2711 belloque
1338 2666 1474 2698 contra
1502 2659 1590 2697 illos
1622 2668 1739 2706 moto,

271 2742 348 2767 non
380 2727 505 2766 solum
522 2726 650 2764 victus
680 2725 770 2763 inde
791 2724 962 2768 recessit,
992 2723 1061 2760 sed
1087 2721 1201 2759 etiam
1222 2722 1388 2766 derisus,
1410 2734 1456 2760 eo
1483 2721 1587 2772 quod
1613 2734 1740 2773 neque

272 2790 380 2842 regia
415 2801 544 2839 neque
582 2786 828 2838 imperatoria
864 2785 1003 2822 virtute
1042 2783 1228 2834 praeditus
1258 2796 1345 2821 esse
1375 2782 1580 2821 videretur.
1650 2783 1740 2822 Jam

274 2854 430 2904 Cyprus
459 2857 498 2887 et
526 2848 726 2887 Phoenicia
750 2855 789 2886 et
809 2847 946 2885 Cilicia
971 2846 1212 2896 finitimaque
1241 2843 1342 2889 loca,
1363 2844 1464 2882 unde
1490 2845 1653 2883 classem
1680 2845 1739 2882 in-

272 2922 422 2954 struere
451 2910 642 2956 solebant,
668 2916 761 2947 tunc
788 2916 899 2948 erant
918 2921 1007 2946 cum
1034 2920 1138 2958 rege,
1169 2919 1271 2943 nunc
1302 2905 1378 2945 alla
1404 2905 1645 2951 defecerunt,
1666 2906 1742 2944 alia

273 2977 376 3016 bello
403 2982 442 3013 et
473 2974 520 3012 iis
553 2972 664 3011 malis
697 2972 986 3018 conflictantur,
1019 2977 1061 3008 nt
1091 2968 1208 3007 nullae
1235 2968 1367 3007 harum
1398 2967 1571 3019 gentium
1599 2968 1632 3007 ei
1663 2968 1741 3006 sint
