1870 3277
263 166 335 201 142
851 165 1141 203 ISOCRATIS

258 280 344 306 esse
365 267 581 315 videantur,
609 268 647 306 hi
667 281 758 306 vero
786 269 876 306 vitae
902 269 1120 307 mortalium
1154 269 1359 321 plurimum
1391 279 1567 321 prosunt.
1626 272 1728 310 Nam

259 329 323 379 qui
343 329 390 366 ab
412 329 518 367 initio
538 329 712 367 timorem
733 329 836 368 hunc
856 331 967 368 nobis
994 331 1224 382 injecerunt,
1242 331 1279 368 in
1301 344 1421 369 causa
1438 333 1544 371 fuere
1565 347 1612 371 ne
1632 334 1732 372 inter

258 403 327 428 nos
357 390 471 441 plane
497 392 706 429 bestiarum
738 404 843 428 more
873 392 1098 430 viveremus.
1158 392 1218 429 llli
1250 392 1366 442 igitur
1397 393 1481 431 hoec
1515 394 1568 431 ita
1597 402 1732 432 sancte

256 459 500 502 angusteque
532 453 817 499 administrant,
845 461 889 490 ut
917 455 1031 492 etiam
1058 454 1308 505 jurisjurandi
1341 454 1474 505 religio
1496 455 1647 493 illorum
1669 469 1731 494 sa-

257 514 331 552 cris
349 514 585 565 interpositis
607 516 776 552 sanctior
797 515 847 552 sit
867 529 982 566 quam
1001 530 1089 567 quae
1111 517 1215 568 apud
1237 517 1332 554 alios
1360 525 1519 567 recepta
1538 525 1608 563 est,
1630 526 1669 556 et
1689 525 1733 556 ut

257 576 480 614 existiment
500 576 661 627 singulis
684 578 855 627 peccatis
877 578 1078 615 confestim
1107 585 1282 629 paratam
1304 592 1391 616 esse
1414 592 1581 629 poenam,
1610 592 1733 630 neque

259 637 339 676 fore
378 646 420 675 ut
459 639 496 675 in
536 639 745 688 praesentia
778 639 1009 677 delitescant
1043 648 1111 678 aut
1145 640 1240 678 ultio
1273 641 1310 678 in
1344 641 1486 678 liberos
1519 641 1732 679 differatur.

259 699 397 749 Neque
411 707 554 736 temere
575 699 630 737 sic
652 700 885 750 opinantur:
917 701 1057 739 multas
1077 703 1178 739 enim
1215 703 1270 740 eis
1297 710 1337 740 et
1366 703 1492 740 varias
1514 703 1733 741 sanctitatis

257 760 554 798 exercitationes
577 761 639 798 ille
671 762 886 808 constituit,
910 769 952 801 ut
984 763 1049 813 qui
1080 764 1262 813 quaedam
1297 777 1345 802 ex
1374 764 1605 802 animalibus
1628 764 1731 815 apud

256 835 327 860 nos
356 824 588 873 contemptis
610 824 681 862 coli
703 832 740 862 et
756 824 935 862 honorari
965 826 1050 876 lege
1079 826 1156 864 lata
1182 827 1357 872 voluerit,
1379 840 1455 864 non
1474 826 1578 877 quod
1601 838 1732 863 eorum

256 884 331 922 vim
345 884 555 935 ignoraret,
574 886 643 923 sed
661 887 796 937 partim
814 888 954 938 vulgus
969 888 1307 927 assuefaciendum
1325 902 1408 927 esse
1424 889 1472 926 ad
1490 888 1735 926 observanda

255 946 386 983 omnia
422 948 639 998 principum
674 948 804 986 edicta
836 949 1082 995 existimavit,
1118 951 1255 1001 partim
1292 951 1330 987 in
1365 951 1480 988 rebus
1520 949 1733 987 manifestis

255 1009 418 1060 experiri
434 1010 553 1047 voluit
572 1011 663 1060 quid
682 1011 729 1048 de
748 1012 908 1050 occultis
925 1013 1125 1050 sentirent.
1172 1014 1270 1051 Nam
1287 1013 1351 1064 qui
1368 1013 1452 1050 haec
1473 1013 1732 1063 negligerent,

255 1083 322 1108 eos
344 1072 515 1109 fortassis
543 1073 659 1109 etiam
679 1074 823 1125 majora
853 1081 1168 1125 contempturos;
1201 1076 1265 1125 qui
1293 1081 1423 1112 autem
1444 1087 1556 1124 aeque
1586 1075 1623 1111 in
1650 1087 1732 1111 om-

255 1133 369 1171 nibus
401 1133 576 1172 ordinem
608 1142 898 1181 conservarent,
935 1149 1000 1173 eos
1028 1136 1109 1186 jam
1143 1136 1311 1174 edidisse
1347 1135 1543 1186 specimen
1579 1147 1661 1172 suae
1695 1134 1733 1172 in

255 1195 421 1233 colenda
441 1195 626 1245 religione
648 1196 879 1234 constantiae
897 1197 1171 1234 arbitrabatur.

312 1257 375 1295 11.
408 1257 551 1301 Multa,
569 1257 641 1293 nisi
664 1257 859 1294 festinatio
880 1257 1116 1306 prohiberet,
1138 1264 1178 1294 et
1197 1257 1294 1295 mira
1314 1258 1362 1296 de
1383 1257 1590 1296 sanctitate
1612 1257 1733 1308 AEgy-

254 1318 420 1370 ptiorum
452 1317 747 1355 commemorari
778 1325 951 1368 possent,
982 1331 1070 1367 quae
1100 1330 1174 1369 ego
1207 1331 1334 1369 neque
1369 1320 1474 1357 solus
1505 1332 1633 1370 neque
1659 1319 1734 1370 pri-

256 1393 342 1417 mus
375 1379 570 1430 perspexi,
606 1378 676 1416 sed
707 1378 819 1416 multi
850 1385 931 1416 tum
961 1387 1102 1417 nostrae
1146 1386 1228 1416 tum
1264 1380 1471 1430 superioris
1503 1376 1629 1418 aetatis
1662 1381 1734 1419 ho-

255 1443 393 1488 mines,
413 1456 579 1493 quorum
600 1443 647 1480 de
669 1456 831 1481 numero
859 1443 932 1481 fuit
951 1443 1064 1481 etiam
1086 1444 1240 1482 Samius
1261 1444 1324 1482 ille
1345 1444 1590 1496 Pythagoras
1610 1458 1618 1483 ε
1652 1445 1734 1496 qui,

252 1520 370 1557 quum
390 1506 427 1543 in
448 1507 659 1557 AEgyptum
687 1507 882 1557 profectus
905 1507 1056 1545 illorum
1080 1507 1294 1558 disciplinae
1321 1521 1360 1546 se
1385 1508 1623 1554 tradidisset,
1648 1516 1730 1547 tum

253 1569 442 1619 reliquam
464 1568 749 1620 philosophiam
764 1570 909 1620 primus
929 1569 967 1606 in
990 1569 1182 1607 Graeciam
1199 1570 1342 1615 intulit,
1359 1578 1439 1608 tum
1455 1571 1730 1609 sacrificiorum

255 1637 294 1668 et
314 1631 651 1668 consecrationum
681 1631 720 1668 in
740 1630 895 1682 templis
917 1631 1041 1682 majus
1069 1644 1186 1681 quam
1215 1631 1344 1669 caeteri
1373 1631 1544 1669 studium
1577 1632 1729 1679 habuit,

255 1691 494 1737 existimans,
510 1692 662 1730 etiamsi
683 1701 889 1744 propterea
909 1692 1027 1730 nihilo
1054 1693 1143 1743 plus
1165 1707 1187 1730 a
1208 1693 1281 1730 diis
1302 1693 1562 1744 impetrasset,
1583 1701 1626 1731 ut
1648 1707 1731 1732 ma-

254 1753 398 1791 ximam
414 1753 683 1792 celebritatem
700 1755 888 1793 sermonis
907 1755 1110 1792 hominum
1127 1768 1173 1792 ea
1194 1768 1234 1793 re
1256 1768 1296 1793 se
1318 1763 1635 1794 consecuturum.
1684 1756 1730 1794 Id

254 1816 358 1868 quod
379 1816 413 1853 ei
433 1823 472 1854 et
489 1816 677 1867 contigit:
707 1823 859 1854 tantum
886 1817 986 1855 enim
1008 1817 1211 1855 nobilitate
1233 1818 1383 1855 caeteris
1409 1817 1606 1863 excelluit,
1627 1823 1672 1855 ut
1691 1824 1732 1855 et

256 1878 528 1917 adolescentes
558 1891 694 1916 omnes
725 1879 808 1930 ejus
835 1878 1015 1930 discipuli
1043 1892 1128 1917 esse
1148 1885 1350 1930 cuperent,
1374 1885 1413 1916 et
1438 1892 1550 1917 senes
1571 1892 1660 1916 cum
1688 1891 1735 1917 eo

255 1941 381 1979 vivere
407 1941 566 1978 mallent
597 1954 688 1979 suos
716 1941 872 1986 liberos,
894 1954 1011 1992 quam
1031 1954 1110 1979 rem
1138 1942 1365 1986 familiarem
1393 1954 1543 1980 curare.
1600 1943 1732 1993 Atque

254 2003 315 2041 his
336 2004 514 2054 abrogari
540 2003 638 2041 fides
663 2017 739 2041 non
767 2010 925 2054 potest:
955 2016 1044 2041 nam
1072 2004 1187 2042 etiam
1214 2016 1334 2049 nunc,
1356 2003 1422 2055 qui
1451 2017 1492 2041 se
1520 2003 1734 2054 discipulos

255 2068 338 2118 ejus
357 2080 444 2105 esse
464 2067 708 2117 profitentur,
725 2079 794 2103 eos
815 2065 936 2116 magis
955 2072 1130 2103 tacentes
1147 2065 1390 2103 admirantur
1406 2077 1521 2116 quam
1541 2064 1637 2102 alios
1655 2063 1734 2102 elo-

255 2129 425 2179 quentiae
447 2128 570 2178 gloria
587 2127 944 2178 praestantissimos.

312 2192 376 2228 12.
407 2189 599 2226 Fortassis
633 2196 762 2226 autem
796 2188 842 2226 iis
880 2201 967 2238 quae
1003 2188 1169 2225 diximus
1205 2200 1399 2232 occu·rreS‚
1437 2200 1500 2225 me
1536 2185 1734 2241 regionem

256 2252 413 2304 quidem
446 2257 484 2288 et
513 2251 619 2301 leges
654 2256 693 2287 et
725 2250 908 2301 pietatem
941 2256 1057 2299 atque
1078 2250 1194 2287 etiam
1215 2250 1441 2299 sapientiam
1464 2249 1733 2300 AEgyptiorum

255 2314 430 2358 laudare,
447 2312 517 2350 sed
535 2312 673 2349 harum
693 2324 819 2349 rerum
839 2318 1035 2349 auctorem
1054 2324 1141 2348 eum
1163 2324 1251 2349 esse
1266 2324 1382 2362 quem
1401 2310 1612 2363 posuerim,
1627 2310 1736 2349 nulla

256 2375 405 2415 ratione
427 2375 690 2412 demonstrare
710 2385 840 2423 posse.

316 2439 378 2475 13.
410 2437 495 2486 Ego
515 2448 618 2481 vero,
649 2435 681 2473 si
711 2434 798 2485 quis
833 2433 930 2472 alius
960 2433 1034 2471 hoc
1067 2432 1158 2470 mihi
1179 2440 1409 2485 opponeret,
1432 2433 1584 2471 erudite
1603 2446 1665 2470 me
1685 2433 1734 2471 ab

257 2511 303 2538 eo
319 2497 548 2550 reprehendi
575 2502 777 2549 putarem:
809 2495 875 2533 sed
898 2495 965 2532 tibi
987 2495 1041 2532 sic
1062 2496 1325 2545 argumentari
1343 2496 1452 2533 nefas
1473 2502 1544 2532 est.
1603 2495 1734 2536 Quum

258 2561 361 2599 enim
394 2558 611 2603 Busiridem
642 2557 801 2595 laudare
833 2557 1035 2602 voluisses,
1074 2556 1202 2594 dicere
1242 2570 1318 2594 non
1357 2557 1542 2594 dubitasti
1576 2569 1663 2594 eum
1696 2562 1736 2594 et

259 2622 393 2660 Nilum
421 2621 455 2659 vi
486 2622 533 2658 ab
560 2633 632 2658 suo
658 2633 774 2658 cursu
804 2620 1011 2670 abruptum
1037 2618 1234 2668 regionem
1256 2618 1522 2655 circumfluere
1545 2617 1734 2667 coegisse,

260 2692 300 2724 et
331 2691 484 2722 exteros
522 2684 588 2735 qui
620 2697 667 2722 eo
696 2683 948 2722 advenissent
979 2681 1200 2719 immolatos
1233 2681 1467 2736 devorasse3
1509 2694 1581 2718 nec
1610 2680 1731 2717 ullum

259 2753 635 2796 argumentum‚quo
654 2746 882 2796 probaretur
899 2744 984 2782 haec
1000 2743 1049 2781 ab
1069 2756 1116 2780 eo
1139 2756 1224 2780 esse
1239 2743 1354 2788 facta,
1369 2742 1557 2794 potulisti.
1590 2742 1730 2779 Nonne

259 2808 377 2859 igitur
401 2806 608 2845 ridiculum
630 2807 745 2845 fuerit
765 2814 803 2844 te
823 2807 871 2844 ab
891 2805 974 2844 aliis
1002 2805 1156 2855 exigere
1175 2817 1263 2854 quae
1283 2811 1366 2842 tute
1395 2817 1444 2842 ne
1464 2803 1623 2841 minima
1643 2803 1729 2853 qui·

256 2869 349 2908 dem
372 2881 421 2907 ex
451 2874 559 2920 parte
579 2866 817 2919 praestitisti?
875 2867 975 2905 Nam
995 2867 1111 2917 longe
1135 2865 1362 2904 absurdiora
1380 2877 1498 2916 quam
1522 2877 1593 2902 nos
1617 2863 1728 2907 dicis,

261 2930 327 2981 qui
347 2929 442 2969 nihil
466 2930 518 2970 illi
545 2929 648 2981 quod
668 2929 749 2969 fieri
774 2935 944 2979 nequeat
970 2928 1186 2974 tribuimus,
1208 2926 1276 2966 sed
1303 2927 1409 2978 leges
1437 2933 1476 2965 et
1507 2925 1731 2977 reipublicae
