1870 3277
552 180 775 219 CONTRA
808 180 1245 220 DEMOSTHENEM.
1535 184 1610 220 437

178 280 280 330 quod
295 294 445 331 aequum
460 282 520 327 sit,
535 294 582 319 an
598 288 640 319 ut
653 288 819 318 oratores
833 286 872 317 et
886 279 1027 317 ducum
1042 282 1194 332 quidam
1212 295 1256 320 ea
1270 282 1415 332 direpta
1430 283 1613 321 teneant?

178 342 260 391 Ego
289 342 387 378 enim
417 342 590 379 existimo
617 347 791 379 constare
819 340 917 376 inter
942 352 1076 378 omnes
1102 355 1253 391 aequum
1283 355 1370 379 esse
1395 350 1436 379 ut
1463 343 1614 391 publice

176 401 453 447 custodiantur,
473 402 613 439 nemini
632 409 759 439 autem
779 408 920 437 rectum
941 401 1059 439 videri
1080 408 1122 438 ut
1141 403 1187 439 ab
1207 403 1288 439 istis
1310 409 1522 440 teneantur.

235 464 294 499 17.
325 463 451 500 Multa
470 464 540 499 iste
561 463 675 505 dicet,
688 462 853 512 judiceS‚
867 467 906 497 et
919 461 1036 507 varia,
1052 474 1124 499 nec
1138 474 1302 511 unquam
1320 462 1467 499 eadem.
1500 462 1614 501 Videt

177 523 279 561 enirn
304 536 369 561 vos
395 524 495 560 omni
522 530 690 573 ternpore
719 534 787 571 spe
807 533 906 558 vana
933 529 972 559 et
996 522 1101 560 falsis
1126 522 1357 560 orationibus
1384 535 1405 558 a
1430 535 1472 559 se
1496 523 1613 561 fuisse

178 585 374 635 deceptos,
407 591 444 621 et
480 584 660 634 tantisper
695 582 1009 632 pollicitationum
1041 583 1259 621 meminisse
1295 583 1384 620 dum
1419 582 1609 621 dicuntur.

177 646 319 683 Verum
341 646 372 683 si
392 646 523 682 urbem
543 644 666 681 adhuc
689 643 958 681 Demosthenis
987 643 1230 695 improbitate
1256 651 1369 694 atque
1395 643 1613 682 infelicitate

175 706 249 743 frui
275 713 438 757 oportet,
461 713 500 742 ut
527 704 667 742 diutius
695 704 808 741 iratos
835 705 927 742 deos
949 705 1159 742 habeamus
1179 728 1231 732 —
1249 717 1374 755 neque
1394 705 1494 743 enim
1511 705 1615 743 aliud

176 769 281 819 quod
311 768 433 806 dicam
463 766 608 817 reperio
628 789 691 812 —,
712 767 799 804 boni
830 767 1106 804 consulendum
1131 768 1201 804 erit
1218 767 1399 816 quicquid
1425 768 1617 813 evenerit;

176 829 233 866 sin
254 828 411 879 patriam
432 827 557 864 adhuc
574 839 751 864 curamus
767 834 880 877 atque
896 827 1086 877 improbos
1102 834 1138 864 et
1152 827 1413 877 largitionibus
1427 827 1615 866 inhiantes

175 890 321 928 odimus
349 897 387 927 et
414 889 585 926 adversae
610 889 771 925 fortunae
797 889 954 938 auguria
981 895 1150 926 avertere
1180 901 1225 925 ac
1255 895 1401 926 mutare
1427 889 1616 934 volumus,

174 964 251 989 non
280 949 591 988 committendum
616 956 690 993 est,
706 949 975 993 Athenienses,
1003 956 1046 987 ut
1065 956 1215 987 vosmet
1234 949 1336 1000 ipsos
1357 949 1489 987 nefarii
1506 949 1615 988 istius

175 1012 388 1063 impostoris
419 1011 749 1062 deprecationibus
779 1010 942 1056 dedatis,
962 1023 1033 1048 nec
1064 1009 1312 1048 admittendae
1339 1017 1429 1048 sunt
1451 1011 1616 1061 querelae

176 1080 214 1110 et
231 1073 308 1110 fuci
328 1072 462 1114 istius;
495 1071 587 1109 satis
608 1072 707 1108 enim
727 1078 765 1109 et
785 1072 888 1109 dicta
907 1078 945 1109 et
964 1072 1066 1110 facta
1084 1079 1123 1109 et
1140 1071 1330 1110 fortunam
1357 1072 1439 1123 ejus
1466 1073 1617 1123 pericli-

176 1133 243 1170 tati
269 1133 375 1170 estis.
431 1131 484 1169 Et
501 1131 583 1182 quis
603 1139 769 1169 vestrum
795 1132 893 1170 adeo
920 1132 1118 1170 confidens
1146 1141 1217 1179 est,
1243 1133 1513 1179 Athenienses,
1532 1135 1616 1184 quis

175 1194 272 1231 adeo
298 1193 527 1243 incogitans,
546 1193 631 1243 quis
657 1193 754 1231 adeo
780 1193 886 1231 rudis
911 1207 1033 1231 rerum
1055 1201 1093 1231 et
1113 1201 1198 1231 ante
1218 1201 1257 1232 et
1276 1194 1391 1231 modo
1411 1202 1615 1244 gestarum,

175 1254 230 1291 uti
261 1262 388 1306 speret
416 1267 501 1292 eum
530 1267 597 1304 per
621 1267 732 1304 quem
758 1267 804 1291 ex
829 1262 938 1293 tanta
964 1254 1145 1293 felicitate
1171 1255 1218 1292 ad
1249 1262 1393 1293 tantam
1420 1255 1615 1294 infamiam

175 1317 266 1354 urbs
291 1315 440 1367 dejecta
465 1323 536 1360 est,
555 1328 784 1366 quacunque
804 1316 852 1353 de
871 1329 989 1354 causa
1007 1323 1073 1354 aut
1091 1329 1184 1354 casu
1203 1339 1255 1343 —
1272 1316 1404 1353 omitto
1423 1316 1521 1353 enim
1542 1317 1615 1354 hoc

174 1398 238 1421 ——,
259 1390 360 1414 nunc
386 1383 585 1427 postquam
608 1384 744 1427 praeter
765 1385 926 1414 caeteras
946 1377 1189 1415 difficultates
1210 1385 1248 1414 et
1265 1379 1441 1427 urgentia
1459 1391 1528 1415 nos
1549 1392 1615 1428 pe-

173 1437 294 1475 ricula
312 1438 427 1475 etiam
447 1439 600 1475 urbanae
617 1438 843 1487 corruptelae
859 1446 1117 1483 accesserunt,
1131 1445 1169 1475 et
1187 1439 1286 1488 turpi
1307 1439 1462 1476 crimine
1483 1452 1616 1477 omnes

173 1499 436 1537 conflictamur
453 1506 497 1536 ut
515 1512 563 1536 ne
581 1511 665 1536 eam
684 1499 883 1550 pecuniam
904 1512 990 1550 quae
1010 1499 1181 1550 privatim
1206 1512 1324 1549 penes
1343 1499 1530 1549 quosdam
1559 1506 1618 1537 est

175 1559 340 1610 populus
359 1559 500 1597 habere
520 1567 689 1609 putetur,
708 1567 787 1596 turn
808 1560 958 1597 demum
980 1562 1093 1597 istum
1116 1560 1194 1597 suis
1214 1561 1381 1599 consiliis
1401 1569 1439 1599 et
1458 1562 1617 1600 admini-

175 1621 355 1658 stratione
375 1620 804 1682 vostconservaturum?
861 1621 960 1658 Nam
991 1628 1177 1671 praetereo
1204 1629 1343 1660 caetera
1367 1635 1454 1672 quae
1485 1623 1616 1662 incon-

175 1690 320 1721 stanter
356 1684 507 1734 agendo
533 1691 572 1721 et
605 1683 864 1734 imprudenter
899 1684 1163 1722 concionando
1199 1685 1369 1735 perfecit,
1402 1686 1492 1723 dum
1523 1686 1617 1725 alias

174 1744 307 1782 scribit
334 1752 371 1782 et
400 1752 504 1782 vetat
528 1758 575 1782 ne
605 1758 716 1794 quem
746 1744 860 1782 deum
889 1745 1152 1783 existimemus
1181 1754 1318 1797 praeter
1343 1760 1408 1785 eos
1435 1749 1499 1797 qui
1528 1756 1618 1785 sunt

174 1805 283 1843 nobis
299 1805 425 1842 traditi
442 1818 463 1843 a
479 1805 698 1856 majoribus,
717 1805 810 1842 alias
827 1806 917 1843 dicit
936 1819 1010 1843 non
1027 1806 1165 1844 debere
1185 1807 1369 1858 populum
1386 1808 1617 1846 contendere

176 1879 263 1904 cum
284 1867 505 1904 Alexandro
525 1867 573 1903 de
593 1867 677 1904 coeli
696 1866 917 1912 honoribus,
937 1880 1025 1904 cum
1045 1873 1171 1905 autem
1192 1868 1229 1904 in
1243 1869 1428 1918 judicium
1449 1878 1616 1907 vestrum

175 1926 444 1965 adducendum
480 1941 519 1965 se
553 1927 745 1977 praevidet,
772 1927 1093 1965 Callimedontem
1128 1928 1232 1966 laesae
1270 1930 1480 1980 majestatis
1512 1944 1616 1968 reum

174 1990 268 2027 facit
286 1989 395 2039 quasi
421 1991 452 2026 is
481 1990 648 2039 Megaris
668 2002 756 2026 cum
775 1990 969 2027 exsulibus
989 1989 1180 2040 colloquia
1199 1991 1341 2029 habeat
1359 1991 1618 2042 opprimendae

174 2051 393 2101 reipublicae
421 2063 524 2100 ergo,
544 2063 704 2100 eamque
732 2051 918 2088 actionem
946 2050 1071 2089 statim
1099 2065 1118 2088 e
1138 2051 1298 2102 vestigio
1324 2052 1435 2096 tollit,
1464 2052 1500 2089 in
1526 2065 1618 2090 con-

173 2112 282 2150 cione
302 2125 412 2162 porro
432 2125 552 2162 nuper
571 2118 785 2148 convocata
803 2111 966 2149 adduxit
984 2118 1098 2162 atque
1119 2112 1296 2149 instruxit
1314 2113 1448 2150 falsum
1470 2113 1617 2151 delato-

174 2186 251 2210 rem
284 2173 391 2223 quasi
421 2172 620 2210 navalibus
650 2172 797 2210 insidiae
828 2173 976 2218 fierent,
1005 2186 1091 2210 cum
1120 2173 1275 2223 quidem
1304 2187 1350 2212 ea.
1378 2174 1425 2211 de
1456 2187 1498 2211 re
1527 2175 1618 2212 nihil

173 2233 406 2279 decerneret,
428 2233 494 2271 sed
521 2232 633 2283 hujus
654 2232 789 2283 judicii
815 2246 932 2271 causa.
949 2233 1108 2272 crimina
1126 2234 1333 2272 conflaret:
1363 2234 1497 2272 horum
1517 2236 1616 2273 enim

175 2293 342 2331 omnium
361 2306 429 2332 vos
449 2294 482 2331 ei
501 2300 619 2331 testes
639 2293 745 2331 estis.
802 2294 1064 2345 praestigiator
1083 2295 1155 2333 iste
1176 2304 1247 2342 est,
1262 2296 1428 2347 judices,
1448 2303 1486 2334 et
1503 2296 1616 2334 homo

176 2354 356 2400 nefarius,
386 2368 512 2405 neque
533 2361 669 2392 natura
696 2355 788 2393 civis
807 2368 930 2406 neque
951 2356 1063 2394 rebus
1084 2357 1202 2407 gestis
1223 2370 1267 2395 ac
1288 2357 1502 2395 actionibus
1523 2358 1615 2395 suis.

179 2415 278 2453 Nam
299 2429 384 2466 quae
404 2416 574 2453 triremes
596 2423 685 2452 sunt
703 2417 750 2454 ab
770 2417 842 2454 isto
868 2417 1066 2456 aedificatae
1093 2418 1247 2464 civitati,
1267 2426 1309 2456 ut
1334 2420 1405 2457 sub
1436 2418 1616 2456 Eubulo?

176 2484 242 2514 aut
259 2490 346 2527 quae
365 2477 515 2514 navalia
533 2477 608 2514 isto
627 2477 899 2528 rempublicam
925 2480 1162 2529 gubernante
1187 2480 1290 2518 facta
1316 2480 1431 2518 sunt?
1460 2481 1616 2531 quando

174 2537 246 2575 iste
273 2537 332 2575 vel
363 2536 697 2575 senatusconsulto
726 2538 785 2575 vel
814 2539 900 2589 lege
927 2540 1097 2577 ordinem
1127 2548 1341 2590 equestrem
1359 2541 1617 2580 emendavit?

174 2610 271 2647 quas
291 2599 422 2649 copias
441 2598 499 2636 vel
519 2597 714 2648 pedestres
732 2599 789 2637 vel
810 2600 964 2638 navales
983 2602 1228 2651 comparavit,
1248 2615 1333 2640 curn
1354 2603 1508 2652 quidem
1528 2611 1617 2653 post

174 2671 342 2708 pugnam
363 2659 411 2697 ad
432 2659 683 2698 Chaeroneam
703 2659 947 2698 commissam
968 2661 1058 2698 talia
1078 2669 1248 2712 tempora
1266 2663 1506 2701 inciderent?
1534 2664 1617 2714 quis

174 2726 330 2756 ornatus
352 2720 538 2758 Minervae
559 2719 596 2757 in
614 2733 741 2758 arcem
762 2722 808 2758 ab
830 2722 900 2758 isto
920 2728 978 2759 est
996 2721 1162 2759 allatus?
1189 2723 1294 2772 quod
1315 2723 1515 2762 aedificium
1538 2725 1617 2762 De-

175 2779 394 2817 mosthenes
419 2781 605 2818 exstruxit
624 2781 680 2819 vel
710 2782 745 2817 in
776 2789 941 2819 mercatu
965 2790 1089 2820 vestro
1111 2783 1165 2820 vel
1193 2783 1230 2820 in
1258 2785 1350 2821 urbe
1369 2785 1429 2822 vel
1460 2785 1548 2823 alibi
1578 2785 1616 2822 in

175 2839 356 2889 regione?
406 2840 528 2877 Nemo
547 2848 648 2878 certe
671 2853 830 2890 usquam
853 2842 1042 2879 ostendat.
1102 2842 1197 2879 Eum
1219 2855 1310 2894 ergo
1329 2845 1392 2894 qui
1412 2845 1558 2884 bellicis
1579 2847 1615 2883 in

176 2900 286 2937 rebus
306 2900 415 2937 fidem
439 2913 512 2937 non
532 2902 706 2944 servavit,
726 2901 790 2949 qui
820 2903 853 2938 in
884 2903 1032 2939 urbanis
1059 2903 1444 2943 administrationibus
1471 2906 1613 2944 nullam
