1870 3277
259 165 337 201 462
853 164 1094 202 LYCURGI

259 265 408 303 Graecis
431 264 550 303 bonos
567 266 663 305 viros
683 266 887 306 honoribus
906 268 1058 306 afficere
1077 280 1086 306 :
1116 265 1314 306 invenietis
1335 275 1464 308 autem
1483 270 1585 321 apud
1605 270 1698 308 alios

255 327 413 378 quidem
432 326 469 364 in
491 327 571 365 foro
595 328 853 379 gladiatorum
877 337 1025 368 statuas
1048 330 1204 380 positas,
1224 331 1326 381 apud
1347 344 1414 369 vos
1435 339 1562 370 autem
1583 333 1699 384 impe-

255 395 420 427 ratorum
449 389 634 427 bonorum
664 398 702 428 et
733 390 798 439 qui
825 398 1028 440 tyrannum
1062 391 1284 429 occiderint.
1343 392 1541 443 Ejusmodi
1569 401 1695 431 autem

255 450 354 489 viros
375 463 421 489 ne
441 463 487 488 ex
507 451 682 490 universa
694 451 849 502 quidem
864 451 1015 490 Graecia
1035 452 1146 491 facile
1166 460 1225 491 est
1244 453 1411 491 invenire
1432 467 1597 504 paucos;
1629 469 1695 493 eos

252 519 393 558 autem,
414 512 478 563 qui
498 512 609 551 ludos
630 522 696 551 aut
716 513 927 551 certamina
946 514 985 551 in
1005 514 1142 564 quibus
1161 527 1230 565 pro
1250 527 1392 552 corona
1410 521 1578 553 certatur
1597 516 1695 553 vice-

250 575 338 620 rint,
352 588 399 614 ex
418 575 610 626 plerisque
631 575 724 614 locis
745 576 780 613 in
803 576 958 627 proclivi
975 584 1034 614 est
1053 577 1216 614 novisse.
1275 577 1330 615 Ut
1349 576 1462 627 igitur
1482 577 1698 615 benefacto—

251 636 354 674 ribus
374 636 557 674 maximos
579 636 741 675 honores
761 637 938 681 tribuitis,
963 637 1020 674 sic
1041 637 1186 688 justum
1208 646 1268 676 est
1289 646 1328 675 ut
1350 650 1430 683 eos,
1450 638 1514 689 qui
1535 638 1693 688 patriam

246 697 481 736 contumelia
501 697 671 736 afficiunt
685 711 848 749 eamque
867 699 1047 749 produnt,
1068 700 1245 737 extremis
1268 699 1466 750 suppliciis
1486 699 1666 750 puniatis.

307 759 365 795 13.
397 758 647 797 Considerate
670 767 810 805 autem,
825 760 991 810 judices,
1021 760 1124 810 quod
1145 760 1235 797 nihil
1257 760 1368 798 liceat
1388 760 1495 798 vobis
1517 773 1695 799 revocare

248 818 286 856 in
309 820 492 859 Leocrate
512 820 599 867 hoc,
627 834 744 871 quum
764 822 872 872 justa
891 821 1032 860 facitis.
1090 821 1229 859 Scelus
1258 823 1358 860 enim
1393 822 1466 860 hoc
1487 823 1567 873 jam
1590 822 1694 873 judi-

244 887 372 919 catum
390 888 450 920 est
474 882 863 933 condemnatumque.
922 883 1021 920 Nam
1044 889 1198 920 senatus
1229 883 1266 919 in
1286 883 1490 934 Areopago
1505 906 1557 912 ——
1571 898 1693 935 neque

246 942 339 980 mihi
366 944 569 994 quisquam
591 944 652 982 hic
680 945 890 994 obstrepat,
921 943 1124 982 concilium
1150 945 1251 981 enirn
1272 944 1584 994 Areopagiticum
1614 959 1692 984 ma-

244 1004 343 1042 xime
361 1011 440 1042 tum
456 1005 575 1043 fuisse
591 1005 671 1044 urbi
683 1005 850 1044 salutare
864 1005 1286 1057 judico—transfugas
1300 1006 1456 1056 patriam
1475 1006 1694 1045 deserentes

243 1078 288 1103 ac
319 1065 492 1105 hostibus
518 1080 672 1117 prorsus
702 1067 891 1105 dedentes
921 1073 1092 1117 arreptos
1125 1067 1280 1105 occidit.
1337 1066 1422 1105 Nec
1453 1068 1693 1113 existimetis,

244 1126 512 1172 Athenienses,
542 1141 623 1174 eos,
653 1129 717 1179 qui
751 1129 910 1167 aliorum
946 1128 1092 1166 scelera
1122 1129 1259 1179 quibus
1289 1128 1435 1166 caedem
1469 1130 1692 1167 commisere

243 1188 482 1227 sanctissime
507 1189 696 1238 judicant,
723 1190 760 1227 in
785 1189 975 1239 quendam
1010 1189 1148 1227 civium
1178 1189 1276 1226 adeo
1304 1189 1431 1239 inique
1457 1203 1584 1239 agere.
1641 1191 1693 1227 At

244 1262 332 1287 vero
353 1250 583 1301 Autolycum
601 1251 755 1301 quidem
776 1264 842 1289 vos
863 1250 1166 1296 condemnastis,
1185 1264 1301 1301 quum
1320 1251 1401 1301 ipse
1423 1258 1550 1289 tamen
1568 1253 1603 1289 in
1626 1266 1692 1303 pe·

240 1311 368 1350 riculis
402 1311 642 1362 perstitisset,
672 1311 850 1350 habuerit
879 1320 1005 1351 autem
1040 1312 1353 1357 criminationem,
1383 1313 1487 1363 quod
1518 1313 1614 1351 filios
1652 1320 1693 1352 et

240 1386 396 1412 uxorem
417 1373 516 1412 clam
536 1373 611 1412 alio
630 1374 912 1425 transportarit,
929 1387 1095 1425 eumque
1115 1374 1298 1425 supplicio
1319 1374 1517 1413 affecistis.
1577 1375 1691 1418 Quod

240 1435 272 1473 si
292 1448 379 1473 eum
400 1435 464 1485 qui
488 1435 794 1481 insimulabatur,
815 1436 919 1486 quod
947 1436 1046 1474 clam
1067 1444 1276 1487 exponeret
1296 1436 1445 1474 inutiles
1463 1436 1512 1475 ad
1532 1437 1688 1482 bellum,

241 1495 430 1547 supplicio
456 1496 650 1542 affecistis,
670 1497 763 1547 quid
783 1496 889 1534 illum
911 1497 990 1548 pati
1014 1498 1193 1536 convenit
1213 1498 1292 1547 qui,
1310 1511 1426 1547 quum
1451 1498 1503 1535 vir
1529 1499 1590 1543 sit,
1610 1512 1687 1537 non

239 1557 354 1595 fuerit
391 1557 520 1608 patriae
566 1570 646 1595 suae
685 1564 815 1607 gratus
850 1570 918 1608 pro
956 1557 1190 1596 educationis
1234 1558 1429 1596 immensis
1463 1559 1688 1597 beneficiis?

242 1618 436 1656 Praeterea
457 1630 611 1668 gravem
632 1625 737 1656 ratus
758 1631 845 1656 esse
865 1631 941 1657 rem
965 1618 1131 1669 populus
1150 1618 1321 1657 decrevit
1342 1632 1427 1658 reos
1455 1632 1538 1658 esse
1561 1620 1688 1670 prodi-

239 1680 350 1719 tionis
367 1681 475 1731 siqui
493 1693 561 1732 pro
581 1681 704 1731 patria
720 1680 847 1719 subire
862 1680 1072 1731 periculum
1094 1680 1400 1724 detrectassent;
1431 1681 1571 1732 dignos
1592 1681 1687 1719 tales

239 1750 407 1781 extremo
428 1742 616 1794 supplicio
636 1755 814 1781 censens.
873 1742 971 1784 Quae
991 1741 1106 1791 igitur
1121 1741 1305 1779 conclusa
1325 1749 1414 1780 sunt
1434 1742 1533 1792 apud
1550 1742 1686 1790 justis-

238 1805 376 1844 simum
395 1804 612 1849 concilium,
624 1804 781 1842 decreta
798 1816 821 1842 a
837 1802 943 1841 vobis
959 1810 1062 1842 sorte
1082 1801 1243 1841 delectis
1258 1802 1305 1840 ad
1325 1803 1552 1841 sententiam
1568 1803 1691 1841 seren—

237 1867 340 1911 dam,
359 1872 511 1905 constat
528 1866 693 1916 denique
720 1864 821 1916 apud
842 1864 1025 1916 populum
1048 1864 1212 1902 maximo
1238 1863 1355 1914 digna
1376 1877 1461 1901 esse
1487 1863 1686 1914 supplicio,

236 1928 393 1967 hiscene
412 1940 480 1965 vos
502 1927 689 1966 contraria
708 1924 954 1965 decernetis?
1002 1925 1196 1971 Omnium,
1214 1925 1246 1963 si
1265 1924 1367 1962 istud
1389 1924 1550 1969 faciatis,
1571 1924 1688 1963 futuri

237 1993 329 2031 estis
356 1990 669 2042 insipientissimi,
694 1989 1023 2042 paucissimosque
1049 1987 1239 2026 habebitis
1268 1986 1333 2037 qui
1362 1999 1432 2038 pro
1465 1986 1572 2025 vobis
1601 2000 1687 2026 sese

236 2053 412 2105 periculis
443 2053 519 2091 sint
543 2051 742 2103 objecturi.
811 2049 927 2094 Quod
958 2050 1087 2100 itaque
1122 2062 1209 2087 reus
1240 2049 1290 2087 sit
1319 2048 1490 2086 omnium
1523 2062 1684 2099 quorum

234 2115 476 2154 insimulatus
497 2120 556 2152 est
575 2114 791 2157 Leocrates‚
813 2110 1082 2158 Athenienses,
1099 2110 1346 2161 perspicuum
1364 2109 1524 2148 exsistit.

294 2178 354 2215 14.
383 2175 511 2214 Audio
539 2182 669 2213 autem
691 2174 817 2226 ipsum
846 2173 1025 2212 daturum
1052 2186 1206 2224 operam
1234 2180 1276 2210 ut
1301 2172 1407 2211 vobis
1431 2171 1604 2223 imponat
1628 2173 1685 2211 di-

236 2238 360 2278 cendo
374 2237 478 2289 quod
498 2245 686 2274 mercator
700 2235 960 2286 enavigaverit
973 2242 1088 2285 atque
1103 2241 1258 2286 propter
1274 2234 1373 2272 hanc
1389 2234 1684 2284 negotiationem

239 2299 419 2339 Rhodum
454 2298 726 2348 commigrarit.
782 2297 824 2335 Si
851 2296 964 2348 igitur
993 2296 1077 2334 haec
1107 2295 1261 2340 dixerit,
1294 2295 1464 2346 cogitate
1496 2295 1534 2333 in
1559 2296 1685 2333 animo
1732 2322 1735 2327 «

237 2361 429 2413 quomodo
456 2360 569 2398 facile
591 2359 711 2410 ipsum
730 2358 767 2395 in
787 2358 995 2396 mendaciis
1015 2356 1324 2408 deprehendatis.
1391 2355 1560 2394 Primum
1586 2357 1682 2395 enim

237 2437 315 2463 non
334 2436 380 2462 ex
398 2422 508 2461 litore
521 2434 588 2473 per
605 2419 793 2472 portulam
812 2419 1047 2457 inscendunt
1061 2418 1184 2456 navim
1202 2418 1267 2469 qui
1288 2417 1336 2455 ad
1355 2425 1563 2456 mercatum
1578 2418 1684 2456 navi·

238 2491 343 2536 gant,
355 2483 423 2522 sed
441 2496 488 2522 ex
505 2488 630 2533 portu,
651 2482 698 2520 ab
713 2479 887 2519 omnibus
904 2479 1035 2518 amicis
1054 2479 1122 2517 visi
1142 2485 1182 2517 et
1200 2479 1396 2516 amandati
1413 2491 1421 2516 :
1453 2478 1592 2517 deinde
1605 2491 1681 2516 non

235 2559 324 2585 cum
341 2543 511 2584 scortillo
531 2551 570 2583 et
589 2542 749 2589 ancillis,
769 2541 837 2580 sed
857 2540 962 2579 solus
981 2553 1069 2578 cum
1090 2553 1208 2590 puero
1227 2539 1460 2578 administro.
1519 2539 1683 2577 Praeter-

237 2622 285 2647 ea
314 2606 407 2658 quid
438 2619 534 2658 opus
571 2611 654 2644 erat
680 2602 852 2654 Megaris
884 2601 1160 2640 Atheniensem
1190 2614 1260 2640 ceu
1288 2607 1538 2639 mercatorem
1571 2600 1683 2651 quin-

236 2668 445 2720 quennium
464 2666 651 2706 demorari
675 2672 714 2703 et
739 2677 849 2703 sacra
867 2663 992 2715 patria
1017 2662 1223 2701 transferre
1244 2662 1477 2712 domumque
1499 2661 1560 2700 hie
1591 2675 1682 2700 ven-

237 2731 342 2776 dere,
377 2729 450 2768 nisi
474 2736 514 2767 et
539 2727 763 2780 agnovisset
796 2739 837 2766 se
872 2724 1084 2777 prodidisse
1115 2723 1275 2774 patriam
1306 2730 1345 2762 et
1382 2736 1521 2775 magna
1546 2736 1680 2762 omnes

235 2791 373 2844 injuria
383 2790 585 2829 affecisse?
620 2788 800 2828 Omnium
820 2786 981 2839 proinde
1001 2784 1316 2825 absurdissimum
1332 2784 1459 2831 fuerit,
1481 2784 1680 2835 dequibus

235 2853 442 2893 sceleribus
459 2852 540 2903 ipse
559 2849 796 2903 exspectavit
821 2848 1009 2901 supplicia
1029 2847 1121 2893 fieri,
1138 2859 1185 2885 ea
1204 2859 1270 2884 vos
1299 2845 1537 2892 rescindatis,
1560 2859 1678 2897 quum

236 2915 316 2955 sitis
336 2913 479 2954 domini
494 2912 639 2964 Judicii.
696 2913 857 2963 Insuper
879 2924 953 2950 non
973 2917 1067 2962 puto
1086 2915 1260 2961 oportere
1288 2916 1330 2948 ut
1349 2908 1558 2948 admittatis
1579 2908 1677 2947 hanc
