1870 3277
394 209 403 222 ,
449 174 520 213 DE
550 176 898 213 DICAEOGENIS
928 175 1293 214 HEREDITATE.
1515 178 1604 214 349*

161 291 296 330 genem
327 278 590 328 gessissemus,
617 285 743 316 tamen
776 278 822 315 ab
853 276 943 327 ipsis
968 275 1042 313 lusi
1074 276 1228 323 fuimus,
1260 289 1281 314 o
1304 276 1480 327 judices:
1510 289 1596 314 nain

161 352 286 389 neque
306 339 573 390 Dicaeogenes,
593 353 708 390 quam
726 337 944 376 hereditatis
974 337 1121 375 bessem
1142 337 1252 374 nobis
1270 350 1292 374 a
1312 351 1352 375 se
1373 338 1597 376 tradendam

161 414 290 439 coram
302 401 497 447 judicibus
514 401 732 451 recepisset,
747 413 830 437 eam
845 399 951 436 nobis
968 398 1134 444 tradidit,
1148 407 1186 435 et
1201 398 1415 437 Leochares
1432 413 1471 437 se
1484 407 1601 450 negat

165 469 246 500 tum
279 463 459 512 temporis
492 476 560 513 pro
589 462 823 511 Dicaeogene
863 472 1085 510 sponsorem
1119 472 1205 497 esse
1238 460 1394 497 factum.
1469 462 1603 512 Atqui,

164 523 309 560 facturn
327 524 392 573 qui
412 524 594 560 infitiatur
612 518 671 567 id,
684 522 791 572 'cujus
819 527 936 558 testes
956 520 1110 558 fuerunt
1128 520 1293 570 judices,
1314 533 1472 558 numero
1491 523 1601 571 quin-

169 585 286 634 genti,
306 593 342 622 et
363 584 508 634 reliqua
527 590 603 621 tarn
622 583 743 620 densa
761 595 901 620 corona
919 582 1055 619 civium
1079 581 1266 633 judicium
1287 588 1366 618 tum
1387 590 1513 619 actum
1531 583 1602 619 cir-

168 647 449 692 cumstantium,
469 646 559 696 quid
580 645 642 683 ille
660 645 768 683 vobis
787 645 958 683 facturus
978 645 1141 689 videtur,
1163 645 1193 682 si
1212 645 1409 695 pauciores
1431 645 1604 683 minoris-

167 722 241 758 que
267 709 500 747 auctoritatis
532 715 649 746 testes
679 707 904 745 habuisset?
951 707 1158 745 Manifesto
1188 707 1316 757 itaque
1344 707 1430 745 illos
1459 708 1605 745 mentiri

171 769 361 807 constabit
375 768 479 806 vobis
495 782 514 806 e
527 769 686 806 testibus
702 781 797 819 quos
813 768 1065 813 exhibuimus,
1077 768 1142 818 qui
1157 774 1275 806 testes
1294 781 1420 806 coram
1436 768 1611 814 aderant,

170 843 246 880 quo
277 836 445 880 tempore
476 830 729 880 Dicaeogenes
761 830 914 880 quidem
948 831 1060 867 besse
1086 829 1310 867 hereditatis
1338 842 1378 867 se
1407 829 1611 868 abdicabat

171 903 333 941 eamque
354 891 546 929 sororibus
569 892 811 942 Dicaeogenis
830 891 1003 929 defuncti
1031 891 1112 929 sine
1142 890 1221 928 ulla
1247 891 1506 929 controversia
1526 904 1548 928 a
1569 904 1610 929 se

168 951 395 990 tradendam
411 953 629 1004 recipiebat,
651 953 864 991 Leochares
879 959 1006 991 autem
1021 965 1181 1004 sponsor
1199 953 1327 997 fiebat,
1349 966 1436 1003 quae
1458 953 1610 992 Dicaeo-

174 1028 291 1066 genes
312 1016 432 1053 verbis
457 1017 677 1067 recepisset,
705 1029 750 1053 ea
775 1028 904 1067 reapse
923 1028 1076 1066 quoque
1103 1028 1189 1054 esse
1208 1016 1477 1066 praestiturum.
1535 1012 1612 1054 sed

172 1083 211 1114 et
229 1089 310 1122 vos,
329 1089 352 1114 o
370 1077 453 1122 viri,
469 1090 664 1129 rogamus,
683 1084 876 1128 quotquot
894 1077 948 1115 rei
966 1083 1046 1114 turn
1067 1084 1187 1128 gestae
1206 1077 1444 1123 interfuistis,
1463 1084 1505 1115 ut
1522 1090 1613 1115 num

173 1151 265 1176 vera
284 1138 457 1176 dicamus
479 1151 502 1176 a
521 1139 700 1176 memoria
718 1145 842 1176 vestra
861 1138 1049 1189 requirere
1070 1139 1256 1189 nobisque
1284 1152 1504 1176 succurrere
1522 1139 1614 1177 veli-

173 1199 242 1242 tis;
273 1212 360 1237 nam
377 1199 407 1236 si
421 1212 509 1237 vera
519 1199 612 1237 dicit
628 1199 902 1249 Dicaeogenes,
917 1199 1007 1249 quid
1020 1199 1128 1237 nobis
1147 1200 1301 1250 prodest
1318 1213 1436 1238 causa
1454 1199 1616 1238 vicisse?

173 1260 238 1311 qui
254 1260 407 1298 meliore
426 1260 511 1298 ideo
531 1260 617 1298 loco
637 1274 769 1298 sumus
790 1274 900 1311 quam
920 1260 1060 1298 fuimus
1081 1268 1167 1299 ante
1183 1261 1408 1299 victoriam?
1436 1269 1503 1300 aut
1521 1274 1616 1312 qua-

175 1334 262 1358 nam
281 1321 318 1358 in
338 1335 377 1359 re
396 1321 613 1360 conditione
626 1322 688 1359 ille
703 1334 804 1359 nunc
822 1329 880 1359 est
900 1321 1098 1368 deteriore,
1114 1329 1315 1373 postquam
1332 1335 1450 1360 causa
1464 1322 1617 1368 cecidit,

174 1395 287 1432 quarn
317 1382 389 1419 fuit
418 1388 619 1433 antequam
646 1383 996 1421 condemnaretur?
1036 1383 1177 1421 Annon
1207 1384 1340 1421 eadem
1361 1385 1463 1421 bona
1490 1383 1617 1421 adhuc

175 1443 358 1494 possidet,
378 1457 466 1494 quae
492 1444 638 1495 pridem
659 1443 843 1495 possedit,
864 1444 918 1481 nil
942 1443 1169 1482 imminuta?
1211 1445 1311 1483 Nam
1332 1444 1363 1483 si
1386 1446 1616 1483 verbotenus

175 1512 334 1551 tantum,
352 1505 393 1544 id
415 1507 520 1556 quod
538 1506 603 1551 ait,
622 1507 734 1544 besse
762 1505 922 1550 destitit,
949 1505 1169 1555 neutiquam
1188 1513 1313 1544 autem
1343 1506 1516 1557 promisit
1534 1519 1617 1545 eam

175 1567 400 1605 traditurum
419 1567 513 1604 nulli
540 1567 806 1605 controversiae
827 1567 1043 1611 obnoxiam,
1066 1567 1216 1617 ecquod
1237 1567 1393 1604 tandem
1413 1567 1619 1605 detrimen-

179 1636 258 1665 tum
289 1629 438 1679 aceepit
467 1629 514 1666 ab
544 1628 610 1665 illa
642 1640 711 1666 sua
737 1627 910 1665 cessione
936 1627 1156 1665 bonorum?
1203 1628 1334 1666 Habet
1361 1629 1461 1666 enim
1492 1627 1617 1667 adhuc

178 1695 356 1739 tenetque
375 1689 540 1727 valorem
562 1702 704 1727 eorum.
761 1689 849 1739 Ipsa
868 1688 969 1726 enim
987 1689 1090 1727 bona
1114 1701 1161 1726 ne
1182 1688 1315 1727 habuit
1331 1689 1484 1739 quidem
1509 1696 1618 1728 ante-

177 1763 292 1801 quam
311 1762 428 1788 causa
445 1749 613 1795 caderet,
631 1750 699 1788 sed
713 1749 858 1788 habent
875 1749 940 1788 illa
958 1749 1009 1795 hi,
1025 1749 1090 1800 qui
1105 1751 1152 1788 ab
1172 1750 1237 1788 illo
1253 1763 1340 1788 cum
1354 1751 1535 1789 emissent
1552 1758 1619 1789 aut

176 1810 344 1862 pignoris
384 1810 469 1848 loco
505 1811 756 1861 accepissent,
786 1811 951 1862 pecunia
988 1818 1122 1862 parata
1151 1818 1471 1863 compensarunt;
1501 1825 1616 1863 quam

177 1871 381 1923 pecuniam
400 1871 565 1909 debebat
586 1872 839 1923 Dicaeogenes
859 1872 950 1923 ipsis
970 1872 1130 1919 reluere,
1150 1881 1188 1910 et
1207 1873 1262 1911 sic
1290 1879 1461 1911 nostrum
1480 1873 1616 1923 cuique

178 1940 299 1970 ratam
320 1944 425 1969 suam
450 1931 661 1982 portionem
683 1945 731 1969 ex
749 1931 877 1969 debito
902 1931 1115 1971 restituere.
1174 1933 1267 1971 Ideo
1286 1934 1386 1971 enim
1413 1947 1618 1984 sponsores

179 1994 226 2031 ab
246 2006 292 2031 eo
318 1991 592 2044 postulavimus
617 2000 656 2030 et
675 1992 786 2031 datos
807 1993 1036 2044 accepimus,
1056 2007 1132 2031 non
1158 1994 1320 2032 fidentes
1339 1994 1445 2032 illum
1472 1995 1620 2045 absque

178 2055 243 2092 illa
261 2054 437 2092 cautione
453 2054 645 2105 promissis
662 2055 740 2092 suis
759 2054 858 2093 ultro
872 2068 910 2092 re
926 2055 1010 2106 ipsa
1024 2055 1139 2093 fidem
1159 2068 1243 2094 esse
1259 2056 1461 2094 facturum.
1518 2057 1618 2095 Nam

179 2123 317 2167 praeter
335 2128 403 2166 par
417 2115 733 2154 domuncularum
747 2123 853 2154 extra
868 2117 1005 2155 moenia
1018 2123 1056 2155 et
1076 2117 1273 2168 sexaginta
1285 2118 1424 2168 jugera
1442 2118 1478 2155 in
1498 2118 1618 2157 Pedio

180 2177 233 2215 nil
247 2176 456 2220 retulimus,
476 2177 546 2214 sed
565 2176 617 2214 illi
631 2177 777 2227 reliqua
792 2177 945 2228 habent,
959 2178 1024 2229 qui
1042 2186 1108 2216 aut
1123 2186 1294 2217 emerunt
1308 2180 1355 2217 ab
1370 2192 1416 2217 eo
1432 2186 1497 2218 aut
1509 2181 1617 2232 oppi-

180 2245 341 2289 gnerata
361 2238 429 2276 sibi
449 2237 613 2276 habent:
643 2250 740 2289 quos
755 2238 844 2277 inde
863 2252 937 2277 non
958 2239 1198 2285 deducimus,
1217 2253 1279 2286 ne,
1298 2240 1336 2278 id
1354 2241 1383 2278 si
1405 2241 1620 2288 fecerimus,

181 2300 218 2337 in
233 2299 378 2350 judicio
392 2299 636 2337 condemnati
657 2299 820 2338 mulctas
835 2300 1056 2339 debeamus.
1114 2301 1215 2339 Nam
1236 2302 1449 2340 Mecionem
1470 2316 1619 2353 quoque

177 2360 287 2412 quod
315 2360 450 2398 balneo
477 2359 780 2406 deduxissemus,
799 2361 837 2399 id
863 2362 967 2412 quod
985 2365 1098 2411 jussu
1128 2363 1369 2413 Dicaeogenis
1393 2363 1617 2410 feceramus,

183 2423 358 2473 negantis
374 2434 414 2459 se
435 2422 637 2473 emptionis
651 2422 834 2461 vindicias
850 2424 1122 2474 praestiturum,
1136 2424 1390 2475 quadraginta
1409 2425 1517 2463 minis
1532 2438 1621 2464 con—

179 2482 352 2523 demnati
384 2495 530 2527 sumus,
563 2482 696 2520 fraude
726 2483 967 2534 Dicaeogenis
996 2484 1160 2535 decepti.
1217 2485 1486 2523 Existimantes
1517 2487 1618 2525 enim

180 2544 452 2594 DIcaeogenem
470 2543 575 2581 haud
595 2555 678 2581 esse
698 2544 989 2582 commissurum
1009 2552 1064 2589 ut,
1083 2545 1220 2594 quibus
1239 2543 1319 2595 ipse
1347 2559 1430 2583 sese
1449 2547 1559 2586 bonis
1579 2548 1617 2585 in

177 2605 324 2656 judicio
345 2605 561 2643 abdicasset
585 2613 623 2642 et
641 2618 728 2655 quae
753 2605 861 2643 nobis
882 2606 1152 2651 concessisset,
1172 2619 1302 2644 eorum
1328 2607 1557 2658 emptionem
1579 2618 1622 2648 ut

187 2665 351 2716 legitime
378 2666 518 2704 factam
537 2673 578 2704 et
601 2666 729 2704 adhuc
762 2666 925 2704 validam
951 2674 1164 2717 praestaret,
1192 2667 1373 2705 adversus
1404 2668 1619 2708 Mecionem

185 2738 312 2764 coram
327 2726 519 2776 judicibus
538 2728 834 2773 affirmabamus,
853 2736 1004 2777 paratos
1025 2741 1094 2766 nos
1114 2741 1199 2766 esse
1224 2728 1314 2766 nihil
1335 2742 1411 2766 non
1439 2731 1515 2780 pati
1535 2733 1620 2770 nul·

185 2788 338 2838 lamque
362 2800 514 2837 poeuam
539 2788 762 2832 detrectare,
793 2791 825 2826 si
860 2789 1108 2838 Dicaeogenes
1134 2789 1290 2826 auderet
1318 2789 1386 2840 ipsi
1416 2791 1620 2841 [Mecioni]

185 2848 309 2886 balnei
329 2848 558 2898 emptionem
575 2857 618 2887 ut
638 2850 705 2888 rite
726 2849 966 2900 legitimeque
985 2850 1124 2887 factam
1144 2858 1182 2887 et
1201 2850 1327 2889 adhuc
1341 2851 1503 2890 validam
1523 2867 1619 2904 prae-

187 2918 309 2955 stare3
338 2910 584 2960 opinabamur
604 2912 702 2948 enim
716 2910 821 2948 illum
843 2910 1066 2961 sponsiones
1088 2923 1177 2949 suas
1197 2924 1387 2961 nunquam
1411 2913 1519 2951 factis
1540 2928 1620 2952 csse
