1870 3277
222 180 296 215 484
793 179 1042 218 DEMADIS

221 285 348 316 autem
382 284 506 316 metus
538 279 747 318 orationem
783 294 906 320 meam
944 281 1181 319 interturbat.
1238 279 1338 327 (12.)
1368 279 1557 318 Caeterum
1591 291 1667 316 non

221 339 337 377 timeo
373 340 515 391 negotii
545 341 893 391 reprehensionem,
929 342 996 380 sed
1029 341 1332 380 criminationem
1358 347 1505 378 tantum
1534 340 1667 378 adver-

221 400 416 447 sariorum,
439 415 523 452 quoe
550 415 626 440 non
654 404 827 454 injuriam
849 404 1035 442 facientes
1058 403 1204 455 judicio
1224 403 1479 454 persequitur,
1499 401 1566 439 sed
1587 415 1606 440 e
1627 415 1666 439 rc

221 475 351 501 eorum
372 465 509 515 estqui
525 464 628 514 loqui
645 466 706 503 vel
721 466 847 504 facere
865 479 943 517 prae
963 480 1003 504 se
1022 466 1160 504 ferunt.
1215 466 1316 515 (13.)
1345 465 1441 516 Spes
1454 476 1544 501 vero
1565 463 1668 513 apud

221 536 286 561 vos
317 524 424 575 justa
454 533 533 563 est:
577 526 648 563 hac
679 527 711 564 si
744 528 887 577 potitus
927 541 1025 575 sum,
1054 540 1186 565 omnes
1219 526 1376 564 insidias
1407 524 1667 575 confringam;

221 587 366 638 absque
384 589 451 626 illa
468 602 556 627 vero
583 601 709 639 neque
737 589 858 627 oratio
885 602 1008 640 neque
1029 590 1135 640 leges
1164 600 1289 638 neque
1317 586 1554 638 negotiorum
1575 585 1670 622 inte-

222 649 340 699 gritas
360 663 510 688 servare
536 651 676 701 poterit
702 650 842 701 injuste
867 651 1011 699 judicio
1035 650 1345 689 condemnatum.
1401 649 1499 696 (14.)
1527 646 1586 684 Αη
1606 659 1674 684 ne-

223 712 328 751 scitis
346 713 401 751 uti
421 713 614 762 quondam
642 713 751 759 multi
776 725 925 752 reorum
953 726 999 752 ex
1021 713 1175 751 crimine
1195 711 1395 752 verissima
1420 709 1561 760 saepius
1588 720 1672 759 pro-

223 773 319 811 ferre
339 773 404 812 visi
429 781 531 820 sunt,
552 774 775 812 defensione
804 781 930 812 autem
950 775 987 812 in
1009 773 1176 813 medium
1196 772 1311 811 allata
1329 772 1402 823 ipsi
1421 769 1670 822 sycophantae

223 836 364 885 reperti
395 843 501 879 sunt3
535 835 640 886 quod
673 835 880 886 aliquando
909 843 950 874 et
978 848 1079 872 nunc
1107 835 1145 871 in
1167 834 1240 871 illis
1275 841 1317 871 ut
1347 832 1506 870 intendo
1536 843 1671 869 conse-

223 908 317 943 quar
354 904 483 934 certus
518 910 616 942 sum,
649 903 816 934 vestrum
857 904 916 934 est
952 896 1000 934 ad
1031 894 1282 947 proponenda
1313 893 1523 932 benevolas
1560 905 1671 930 aures

224 957 384 1008 aperire.
606 966 609 969 ’

272 1019 373 1067 (15.)
402 1017 592 1062 Quoniam
622 1025 748 1056 autem
781 1025 820 1056 et
844 1018 999 1057 alterius
1026 1017 1175 1070 reipub.
1205 1029 1266 1054 me
1296 1015 1486 1054 criminari
1516 1013 1675 1052 studue-

221 1086 322 1126 runt,
342 1074 466 1131 pauca
495 1080 542 1118 de
575 1079 640 1118 illa
663 1080 789 1118 dicere
822 1087 986 1133 exopto;
1018 1086 1057 1118 et
1088 1080 1142 1118 ita
1171 1085 1379 1131 postquam
1411 1076 1461 1116 ad
1489 1076 1675 1126 reliquam

220 1155 350 1181 causae
370 1157 465 1181 meae
486 1144 747 1192 defensionem
773 1143 999 1195 procedere,
1028 1156 1075 1181 ne
1095 1155 1163 1181 vos
1183 1143 1411 1193 impostores
1441 1139 1494 1177 illi
1513 1139 1675 1190 fugiant.

220 1205 318 1254 (16.)
347 1204 473 1243 Natus
493 1205 591 1244 enim
613 1219 712 1252 sum,
734 1206 1010 1250 Athenienses,
1033 1211 1139 1256 patre
1167 1203 1355 1249 Demade,
1377 1202 1488 1241 sicuti
1506 1200 1675 1239 seniores

221 1265 319 1304 inter
339 1280 406 1305 vos
426 1274 630 1313 noverunt,
649 1267 723 1306 isto
742 1267 899 1318 quidem
916 1275 1088 1319 tempore
1102 1272 1146 1303 ut
1160 1272 1331 1317 poteram
1348 1264 1533 1310 vivebam,
1548 1274 1675 1312 neque

220 1328 374 1378 publice
397 1329 580 1380 populum
611 1329 796 1368 fraudans
817 1342 943 1380 neque
969 1328 1145 1380 privatim
1167 1328 1206 1365 in
1224 1327 1376 1366 civitate
1403 1325 1582 1375 cuiquam
1608 1337 1677 1362 no-

219 1402 325 1435 cens,
357 1388 509 1442 proprio
537 1391 669 1430 labore
699 1392 891 1437 miseriam
919 1390 1035 1442 hujus
1067 1389 1155 1428 vitae
1185 1388 1397 1440 propellere
1423 1385 1677 1425 contendens.

220 1452 319 1500 (17.)
348 1450 561 1502 Paupertas
592 1465 758 1502 namque
790 1452 920 1489 inutile
952 1452 1083 1489 forsan
1114 1457 1153 1488 et
1180 1449 1333 1488 difficile
1357 1447 1540 1498 quiddam
1561 1459 1677 1484 anne-

222 1524 310 1549 xum
327 1512 456 1557 habet,
477 1513 524 1550 ab
542 1512 699 1550 infamia
718 1519 847 1549 tamen
868 1512 1045 1561 sejuncta
1060 1519 1132 1556 est,
1147 1523 1264 1560 quum
1279 1508 1503 1558 indigentia,
1520 1514 1562 1545 ut
1572 1515 1678 1558 puto,

219 1572 257 1609 in
277 1572 404 1609 multis
427 1585 505 1609 non
533 1583 679 1607 morum
713 1571 996 1620 improbitatem
1029 1570 1097 1608 sed
1129 1571 1292 1607 fortunae
1325 1567 1499 1617 injuriam
1529 1574 1679 1619 arguat.

221 1635 320 1681 (18.)
349 1633 409 1669 Ad
429 1632 602 1683 rempub.
624 1637 752 1678 autem
769 1630 959 1668 accedens
980 1631 1110 1667 nonin
1131 1628 1388 1667 criminalibus
1409 1628 1536 1666 causis
1556 1642 1681 1680 neque

223 1693 590 1732 conscribendarum
613 1691 823 1730 forensium
844 1704 1044 1730 causarum
1077 1690 1351 1729 exercitatione
1378 1703 1533 1741 operam
1558 1691 1680 1741 posui,

221 1756 290 1794 sed
309 1756 347 1794 in
361 1755 537 1794 libertate
554 1767 626 1806 pro
641 1754 827 1792 concione
841 1753 1008 1801 dicendi,
1026 1767 1113 1805 quae
1128 1753 1283 1804 quidem
1298 1753 1564 1805 perorantibus
1580 1755 1680 1805 peri-

222 1817 398 1856 culosam
417 1816 518 1868 parit
536 1815 668 1862 vitam,
682 1815 754 1854 illis
775 1828 862 1854 vero
883 1816 1010 1853 omnia
1030 1822 1208 1854 accurate
1227 1815 1479 1866 pensantibus
1498 1828 1678 1866 magnam

223 1878 274 1917 ad
304 1879 614 1917 emendationem
648 1877 780 1915 tribuit
816 1878 1103 1915 auctoritatem:
1145 1877 1182 1914 in
1214 1876 1388 1915 dicendis
1421 1876 1523 1914 enim
1558 1877 1680 1928 gratia

223 1941 387 1980 salutem
417 1941 549 1993 patriae
570 1940 806 1979 constituere
825 1953 902 1978 non
924 1939 1179 1978 necessarium
1200 1946 1269 1977 est.
1313 1939 1413 1988 (19.)
1434 1938 1542 1976 Mille
1560 1939 1679 1977 Athe-

223 2003 413 2042 niensium
428 2008 680 2041 monumenta
692 2008 810 2040 testes
826 2006 915 2039 sunt
927 2000 1031 2047 mihi,
1046 2000 1162 2039 etiam
1176 2000 1270 2052 ipsis
1283 2000 1584 2038 adversariorum
1598 2013 1680 2037 ma-

225 2065 338 2104 nibus
354 2072 590 2110 constructa,
606 2078 692 2115 quae
708 2064 933 2102 militaribus
952 2063 1064 2102 caesis
1077 2063 1254 2101 amicitiae
1271 2062 1393 2114 gratia
1411 2062 1533 2114 posui.
1581 2063 1681 2111 (20.)

226 2127 372 2165 Rerum
386 2126 701 2166 administrationi
722 2126 924 2164 imminens
941 2125 1016 2163 illie
1031 2138 1165 2177 pacem
1183 2125 1324 2176 scripto
1343 2124 1488 2162 firmavi
1504 2136 1514 2162 ι
1544 2123 1678 2162 fateor.

227 2188 372 2239 Scripsi
403 2195 442 2226 et
474 2187 651 2239 Philippo
683 2187 841 2225 laudes:
871 2200 949 2225 non
976 2200 1090 2238 nego.
1148 2186 1344 2237 Mancipia
1362 2186 1463 2223 enim
1488 2184 1547 2223 bis
1577 2185 1680 2223 mille

227 2250 373 2301 absque
393 2249 471 2287 ullo
491 2248 724 2299 captivitatis
739 2248 861 2299 pretio
875 2248 1093 2298 civiumque
1108 2247 1213 2286 mille
1228 2259 1388 2298 corpora
1403 2246 1485 2284 sine
1503 2258 1680 2297 praecone

229 2312 478 2363 Oropumque
514 2310 596 2348 sine
632 2310 827 2361 legatione
856 2310 1041 2362 recipiens
1070 2309 1179 2347 vobis
1211 2309 1287 2347 ista
1306 2307 1528 2359 conscripsi.
1584 2309 1683 2357 (21.)
1730 2328 1733 2331 »

230 2374 367 2424 Neque
382 2386 471 2412 vero
487 2384 687 2421 munerum
714 2371 858 2409 oblatio
881 2372 1144 2410 Macedonum
1166 2370 1368 2409 scribentis
1388 2382 1543 2407 manum
1563 2381 1679 2407 occu-

229 2435 347 2486 pavit,
367 2442 410 2473 ut
426 2434 465 2472 hi
480 2433 664 2485 fingendo
691 2439 881 2477 asserunt,
894 2433 961 2471 sed
982 2440 1147 2485 tempus,
1167 2431 1393 2477 necessitas,
1417 2432 1551 2483 patriae
1577 2444 1681 2469 com-

228 2497 399 2543 modum,
431 2495 607 2547 regisque
635 2494 896 2546 perhumanus
927 2494 1088 2533 animus.
1146 2495 1244 2545 (22.)
1273 2493 1420 2532 Adiens
1453 2492 1554 2530 enim
1583 2492 1681 2543 peri-

228 2559 357 2597 culum
388 2558 675 2597 contentionum
707 2557 846 2602 hostis,
877 2555 1022 2594 amicus
1061 2555 1177 2602 evasi,
1215 2555 1412 2607 praemium
1444 2553 1681 2591 devictorum

229 2620 464 2660 calamitosis
497 2619 722 2658 ostendens.
780 2618 884 2667 (23.)
913 2618 1084 2655 Rursum
1109 2617 1225 2668 igitur
1250 2616 1326 2655 alia
1359 2614 1500 2654 civitati
1531 2615 1681 2653 occasio

233 2681 364 2720 oblata
390 2688 462 2728 est,
493 2687 537 2719 ut
565 2681 661 2720 inter
691 2679 863 2732 pericula
890 2679 1012 2718 libens
1043 2678 1290 2717 delitescam:
1319 2683 1358 2715 et
1377 2688 1508 2714 omnes
1526 2676 1683 2727 quidem

233 2742 426 2781 Graeciam
445 2743 656 2781 incolentes
679 2741 948 2779 Alexandrum
967 2740 1017 2778 ad
1035 2739 1290 2791 principatum
1307 2737 1535 2784 extulerunt,
1557 2744 1595 2775 et
1615 2736 1683 2775 de-

231 2810 335 2842 creta
354 2803 533 2842 facientes
546 2804 727 2855 majorem
743 2803 883 2841 fastum
905 2801 1038 2854 juveni
1054 2801 1243 2851 avidoque
1257 2799 1385 2851 gloriae
1401 2799 1685 2850 imposuerunt;

234 2864 334 2913 (24.)
361 2877 431 2902 nos
452 2877 540 2903 vero
570 2871 608 2902 et
641 2862 922 2902 Lacedaemonii
956 2863 1144 2913 reliquum
1171 2874 1322 2900 eramus
1356 2860 1519 2912 publicae
1551 2859 1684 2898 salutis

238 2926 428 2973 columen,
444 2925 628 2964 habentes
644 2939 719 2964 non
734 2926 813 2964 auri
832 2924 1128 2970 multitudinem,
1144 2937 1220 2961 non
1235 2936 1423 2962 armorum
1445 2927 1683 2973 apparatum,
