1870 3277
654 460 1135 516 ISOCRATIS

480 589 607 636 AD
670 590 1317 640 PHILIPPUM

779 715 1024 758 ORATIO.

661 902 696 938 A
707 901 742 938 R
753 900 791 939 G
804 900 838 937 U
848 900 890 938 M
903 901 935 938 E
945 900 979 937 N
991 901 1022 938 T
1034 901 1067 937 U
1079 900 1121 937 M

688 981 893 1011 AUCTORE
913 980 1091 1010 IGNOTO.

199 1046 364 1077 Sciendum
389 1051 448 1083 est,
480 1048 648 1078 orationem
675 1049 752 1078 hanc
777 1050 815 1078 ab
840 1048 979 1079 Isocrate
1006 1049 1045 1078 ad
1069 1047 1249 1088 Philippum
1279 1048 1427 1088 scriptam
1458 1059 1527 1080 esse
1559 1057 1632 1090 post

156 1106 263 1136 pacem
282 1097 364 1127 illam
381 1100 418 1128 ab
434 1098 581 1129 [Eschiue
604 1105 634 1129 et
656 1100 867 1130 Demosthene
885 1100 1015 1129 factam:
1040 1110 1133 1139 quare
1150 1099 1222 1129 data
1238 1098 1266 1128 ei
1291 1105 1339 1129 est
1356 1100 1479 1131 occasio
1495 1102 1534 1131 ad
1554 1103 1629 1133 Phi-

154 1149 274 1188 lippum
306 1155 339 1179 ut
368 1150 498 1180 amicum
526 1150 728 1181 Atheniensis
755 1151 864 1190 populi
895 1151 1060 1182 scribendi.
1119 1152 1272 1180 Hortatur
1298 1156 1398 1181 autem
1426 1163 1495 1182 eum
1523 1153 1630 1192 specie

156 1201 349 1239 laudationis,
369 1208 412 1239 ut,
436 1204 643 1234 reconciliatis
664 1204 829 1245 praecipuis
847 1204 977 1233 Graeciae
998 1202 1176 1233 civitatibus
1200 1214 1267 1243 quae
1284 1204 1373 1243 quasi
1399 1205 1493 1235 civile
1515 1206 1629 1236 bellum

155 1250 235 1282 inter
259 1264 326 1283 sese
342 1256 498 1293 gerebant,
518 1255 747 1294 expeditionem
772 1256 923 1284 adversus
947 1256 1055 1284 Persas
1073 1254 1236 1293 suscipiat.
1282 1255 1353 1284 Hoc
1378 1255 1459 1285 euim
1476 1261 1506 1285 te
1527 1257 1629 1287 faeere

155 1303 255 1338 decet,
273 1303 382 1343 inquit,
398 1315 491 1344 quum
511 1305 554 1335 sis
577 1309 607 1334 et
623 1316 662 1334 ex
682 1305 830 1334 Herculis
854 1304 969 1334 familia
985 1305 1133 1335 oriundus
1151 1310 1183 1334 et
1205 1310 1289 1335 tanta
1308 1306 1444 1345 potentia
1466 1308 1628 1347 praeditus,

154 1354 200 1384 Ac
220 1354 387 1394 Philippus
410 1355 533 1395 quidem
557 1360 685 1395 accepta
711 1357 853 1395 lectaque
874 1358 1012 1386 oratione
1035 1366 1094 1386 non
1115 1356 1217 1395 paruit
1233 1357 1383 1387 Isocratis
1405 1359 1548 1397 consilio,
1572 1360 1627 1389 sed

152 1417 216 1436 rem
232 1407 368 1436 distulit:
391 1411 462 1445 post
486 1411 587 1436 autem
605 1407 685 1436 filius
702 1407 767 1448 ejus
789 1408 963 1437 Alexander
985 1409 1092 1438 eadem
1116 1408 1253 1438 oratione
1271 1409 1352 1438 lecta
1368 1409 1524 1447 incitatus,
1545 1411 1628 1442 bello

151 1458 280 1488 Darium
305 1458 513 1497 posteriorem
537 1458 588 1496 qui
609 1458 716 1488 Ochus
739 1459 901 1488 dicebatur
925 1459 1024 1498 petiit.
1070 1460 1150 1488 Nam
1171 1470 1277 1490 verum
1299 1461 1365 1499 ejus
1385 1472 1494 1491 nomen
1519 1462 1625 1492 Ochus

150 1508 227 1538 fuit:
252 1509 307 1538 sed
335 1508 422 1537 Darii
449 1513 683 1548 cognomentum
710 1519 727 1538 a
746 1509 853 1538 Persis
875 1519 931 1548 per
953 1509 1190 1539 assentationem
1216 1509 1245 1539 ei
1270 1510 1475 1550 tribuebatur,
1496 1512 1583 1552 quasi
1607 1524 1625 1542 a

151 1559 317 1599 majoribus
329 1559 359 1588 id
378 1560 563 1599 accepisset.

192 1610 397 1641 Deliberativi
421 1611 541 1650 generis
564 1615 612 1640 est
627 1609 737 1645 oratio,
755 1611 793 1640 ab
810 1610 948 1641 Isocrate
970 1613 1033 1650 jam
1052 1622 1124 1642 sene
1144 1611 1257 1652 scripta
1274 1613 1364 1652 paulo
1381 1619 1449 1644 aute
1475 1619 1507 1645 et
1525 1615 1623 1656 ipsius

148 1666 181 1693 et
195 1663 335 1704 Philippi
346 1662 473 1699 obitum,
490 1662 665 1702 Hermippo
681 1666 817 1692 auctore.

822 1754 949 1761 ———.

268 1822 435 1861 ALIUD
466 1821 874 1861 ARGUMENTUM
907 1821 1162 1860 EJUSDEM
1195 1823 1502 1863 ORATIONIS

460 1900 528 1930 Ex
563 1900 818 1930 DioNYSIO
854 1900 1304 1931 tlALlCARNASSEO.

189 1969 269 2006 Quis
289 1968 335 1999 vir
359 1978 488 2008 magnus
516 1972 548 1997 et
567 1968 645 2006 justi
667 1967 825 1997 exercitus
842 1967 1006 2007 imperator
1027 1978 1063 1997 ea
1088 1978 1146 1997 non
1172 1969 1366 2008 magnifaciat
1390 1979 1458 2008 quae
1482 1971 1519 2001 ad
1544 1971 1624 2002 Phi-

143 2022 260 2060 lippum
295 2020 494 2049 Macedonem
524 2018 671 2057 scripsit?
705 2028 796 2056 quum
819 2018 1017 2057 imperatoris
1042 2018 1214 2057 praesertim
1243 2024 1303 2049 tam
1329 2021 1464 2059 potentis
1487 2022 1620 2053 officium

143 2083 213 2102 esse
237 2071 315 2101 dicit
337 2072 429 2100 urbes
448 2070 638 2099 dissidentes
666 2068 865 2098 reconciliare
888 2073 919 2098 et
942 2079 1001 2098 nou
1027 2069 1106 2098 inter
1128 2080 1160 2099 se
1183 2071 1342 2106 collidere,
1368 2076 1400 2100 et
1427 2072 1579 2102 Graeciam
1603 2085 1619 2104 e

144 2134 240 2164 parva
256 2132 394 2161 magnam
413 2121 555 2155 reddere,
572 2121 784 2160 despectoque
806 2120 987 2150 minutarum
1003 2130 1103 2149 rerum
1123 2121 1226 2150 studio
1244 2132 1278 2150 ea
1296 2122 1429 2152 facinora
1445 2124 1617 2163 suscipere,

142 2186 209 2215 quae
225 2179 253 2204 et
277 2174 304 2204 si
320 2172 453 2203 feliciter
469 2172 623 2212 peregerit
641 2172 774 2201 omnium
793 2172 906 2201 ducum
930 2171 1117 2201 clarissimus
1140 2172 1262 2202 futurus
1282 2173 1333 2209 sit,
1350 2178 1381 2203 et
1401 2174 1427 2204 si
1453 2174 1617 2214 impegerit

141 2226 246 2256 saltem
276 2226 452 2254 Graecorum
475 2223 719 2253 benevolentiam
745 2225 784 2253 sit
803 2228 1047 2252 consecuturus:
1080 2224 1169 2262 cujus
1188 2229 1349 2263 compotes
1377 2225 1468 2265 louge
1494 2226 1615 2265 lateque

140 2276 351 2317 praeclariores
367 2276 535 2304 habeantur
557 2274 595 2304 iis
612 2274 663 2313 qui
679 2284 803 2313 magnas
821 2275 911 2303 urbes
932 2278 964 2303 et
984 2274 1095 2304 multas
1118 2275 1295 2313 provincias
1319 2281 1472 2306 evertant.
1529 2277 1614 2307 Prae-

139 2334 225 2359 terea
248 2328 385 2357 hortatur
411 2331 445 2355 ut
469 2325 616 2355 Herculis
641 2325 815 2355 institutum
842 2336 877 2355 ac
908 2330 1090 2355 caeterorum
1114 2326 1287 2365 principum
1318 2327 1371 2365 qui
1398 2337 1467 2357 cum
1495 2329 1616 2359 Graecis

140 2382 289 2410 adversus
314 2378 462 2408 barbaros
492 2377 662 2407 militarunt
684 2377 830 2407 imitetur.
878 2378 943 2407 Eos
960 2377 1038 2407 enim
1061 2376 1112 2416 qui
1141 2383 1289 2416 praestent
1310 2378 1437 2417 reliquis
1459 2379 1618 2418 suscipere

137 2432 250 2461 debere
277 2440 400 2469 magnas
424 2439 475 2458 res
497 2439 607 2467 easque
627 2433 749 2458 strenue
768 2429 928 2468 perficere,
948 2428 1119 2468 cogitantes
1137 2439 1205 2465 nOS‚
1231 2439 1323 2467 quum
1344 2430 1471 2459 mortale
1497 2440 1613 2470 corpus

137 2483 312 2518 habeamus,
332 2481 396 2510 lieri
414 2480 528 2510 virtute
545 2479 743 2514 immortales,
760 2490 794 2510 ac
812 2490 865 2509 eos
883 2479 934 2519 qui
951 2480 1078 2509 aliorum
1097 2480 1241 2509 bonorum
1258 2479 1424 2509 insatiabili
1442 2481 1614 2519 cupiditate

137 2540 296 2566 teneantur
314 2533 432 2563 invisos
453 2543 535 2568 esse,
561 2536 666 2561 contra
690 2531 813 2561 honoris
839 2532 970 2562 subinde
993 2531 1125 2571 augendi
1149 2531 1305 2560 studiosos
1329 2531 1560 2570 commendari;
1582 2537 1613 2562 et

135 2587 247 2626 quibus
267 2586 360 2615 rebus
377 2584 515 2624 plerique
533 2585 695 2623 gaudeant,
718 2588 750 2612 ut
765 2583 887 2623 opibus,
905 2588 937 2612 ut
953 2583 1097 2622 imperio,
1115 2588 1146 2612 ut
1164 2582 1314 2621 potentia,
1335 2582 1376 2612 iis
1399 2592 1611 2621 saepenumero

135 2638 229 2668 etiam
253 2638 356 2667 hostes
373 2635 478 2676 potiri,
496 2635 619 2665 virtutis
636 2641 735 2664 autem
758 2641 789 2664 et
814 2635 971 2674 popularis
994 2633 1220 2664 benevolentiae
1245 2633 1435 2663 domesticos
1457 2635 1610 2674 cujusque

135 2690 275 2719 haeredes
300 2698 380 2718 esse.
437 2687 567 2717 Omnino
592 2687 672 2716 enim
704 2697 832 2716 necesse
860 2691 907 2716 est
934 2686 1088 2727 principes
1113 2685 1166 2724 qui
1192 2685 1259 2714 haec
1284 2685 1393 2725 legunt
1418 2691 1449 2715 et
1475 2687 1610 2724 majores

137 2741 252 2771 animos
268 2740 430 2780 concipere
447 2743 478 2769 et
496 2738 721 2769 vehementiore
738 2738 842 2767 studio
860 2737 983 2768 virtutis
1001 2735 1194 2767 inflammari.

195 2810 228 2845 1.
259 2808 324 2845 NE
344 2807 502 2853 mireris,
523 2806 717 2858 philippe,
736 2818 802 2844 eur
824 2818 899 2843 non
928 2805 974 2843 ab
996 2817 1042 2842 ea
1062 2802 1249 2848 oratione,
1271 2815 1359 2854 quae
1380 2802 1446 2841 tibi
1468 2804 1607 2841 recita—

135 2870 238 2908 bitur
258 2875 298 2907 et
317 2882 420 2906 nune
440 2868 678 2914 ostendetur,
698 2868 765 2906 sed
794 2869 842 2905 ab
869 2879 914 2904 ea
940 2879 1028 2917 quae
1050 2864 1193 2917 scripta
1212 2870 1274 2902 est
1294 2864 1341 2901 de
1368 2865 1606 2917 Amphipoli,

135 2930 294 2971 dicendi
321 2930 470 2982 capiam
498 2930 711 2969 exordium.
771 2929 856 2967 Hac
877 2928 926 2966 de
957 2940 996 2966 re
1025 2939 1153 2979 pauca
1180 2927 1383 2978 praefabor,
1407 2934 1447 2963 ut
1476 2934 1514 2964 et
1541 2927 1607 2965 tibi

848 3003 873 3026 n
