1870 3277
698 174 1093 212 TRAPEZITICUS.
1537 179 1614 213 2421

182 275 360 312 rationem
382 274 486 319 inire,
508 287 583 324 qua
604 281 641 313 et
660 276 729 326 ipsi
750 275 1014 313 consuleretur
1032 281 1069 312 et
1089 274 1177 312 mibi
1199 277 1412 315 satisfieret.
1472 278 1616 317 Triduo

178 342 266 385 post
293 336 487 384 congressi
508 336 619 373 fidem
641 344 773 374 mutuo
795 335 971 372 dedimus
997 335 1150 372 omnino
1171 337 1327 374 tacitum
1356 339 1398 375 iri
1425 352 1510 390 quae
1531 346 1617 378 acta

178 403 320 440 essent,
341 408 455 446 quam
476 396 545 434 iste
566 396 678 434 solvit
700 402 741 433 ut
763 408 828 433 vos
852 396 922 446 ipsi
947 408 1151 446 progressu
1180 398 1358 436 orationis
1378 400 1551 445 audietis,
1571 414 1617 439 ac

176 456 368 507 pollicitus
389 465 448 495 est
466 470 507 495 se
526 457 563 494 in
582 457 744 494 Pontum
766 469 914 494 mecum
937 457 1200 506 navigaturum
1223 465 1261 495 et
1277 459 1325 496 ibi
1347 473 1478 498 aurum
1499 462 1620 499 reddi-

175 523 314 564 turum,
344 525 515 568 utquam
540 518 760 567 longissime
781 518 827 555 ab
853 518 945 555 urbe
975 518 1067 555 mihi
1092 519 1338 565 satisfaceret,
1361 533 1483 570 neque
1514 522 1617 572 quis-

173 590 285 627 quam
305 579 369 629 qui
389 579 449 617 hic
470 585 572 617 esset
596 578 750 615 modurn
778 578 1098 617 reconciliationis
1128 587 1270 627 nosset,
1292 588 1331 618 et
1351 581 1432 632 ipse
1458 595 1616 632 peregre

173 639 368 689 profectus
400 639 525 677 dicere
555 644 689 689 posset
715 638 894 688 quicquid
924 638 1117 677 libuisset:
1147 653 1235 690 quae
1261 641 1297 677 ni
1328 641 1497 687 fecisset,
1517 643 1616 679 arbi·

172 700 283 737 trium
301 701 415 738 certis
436 698 716 737 conditionibus
729 712 769 736 se
786 699 832 736 ad
851 700 1028 750 Satyrum
1050 700 1281 745 delaturum,
1297 709 1339 739 ut
1354 702 1614 753 sesquialterae

171 760 287 810 partis
309 759 565 797 damnaretur.
610 759 846 810 Conscriptis
864 760 980 810 igitur
998 761 1182 800 codicillis
1203 762 1314 812 inque
1329 777 1453 802 arcem
1466 764 1616 811 3educto

172 821 323 871 Pyrone
344 821 516 867 Pheraeo,
535 822 573 859 in
595 821 760 859 Pontum
787 822 964 873 navigare
993 823 1118 869 solito,
1146 832 1258 874 pacta
1284 826 1335 863 illi
1361 827 1617 865 custodienda

170 881 320 933 damus,
340 895 386 920 ea
412 882 642 928 conditione,
662 890 706 921 ut
733 883 764 920 si
791 883 888 922 inter
914 897 984 923 nos
1013 886 1266 932 convenisset,
1297 888 1478 940 scriptum
1510 902 1613 927 com-

168 943 335 989 bureret,
354 942 411 981 sin
432 943 570 990 minus,
590 951 633 982 ut
653 944 790 996 Satyro
811 945 988 984 traderet.

229 1006 287 1043 ll.
317 1005 608 1057 Haec,judices,
624 1005 721 1044 inter
739 1019 808 1044 nos
829 1013 914 1044 acta
934 1014 1046 1044 sunt:
1077 1008 1318 1048 Menexenus
1339 1013 1613 1058 autem‚iratus

169 1068 218 1104 ob
246 1068 388 1105 crimen
417 1067 487 1105 sibi
514 1067 628 1106 etiam
651 1081 672 1105 a
696 1067 863 1106 Pasione
894 1068 1100 1119 objectum,
1130 1070 1190 1108 die
1222 1071 1273 1108 illi
1305 1071 1407 1110 dicta
1439 1073 1548 1124 petiit
1572 1081 1614 1112 ut

171 1127 296 1166 Cittus
317 1129 530 1175 dederetur,
559 1142 604 1167 ac
635 1128 787 1166 Pasioni
815 1131 1012 1168 mentienti
1035 1130 1180 1169 mulcta
1211 1131 1343 1170 eadem
1369 1133 1612 1185 irrogaretur,

168 1202 252 1239 quae
269 1189 339 1228 sibi
359 1190 526 1228 criminis
546 1190 647 1227 illius
667 1190 842 1228 convicto
860 1190 1003 1229 luenda
1022 1191 1168 1230 fuisset.
1226 1193 1303 1231 Iste
1322 1206 1429 1239 vero,
1445 1195 1613 1246 judices,

168 1263 228 1287 me
246 1252 470 1301 precabatur
490 1257 532 1288 ut
554 1252 812 1289 Menexenum
827 1251 1017 1302 placarem
1036 1265 1044 1289 :
1075 1253 1191 1291 nihilo
1205 1255 1303 1291 enim
1325 1255 1460 1293 melius
1481 1269 1611 1294 secum

167 1320 294 1351 actum
316 1313 372 1357 iri,
390 1314 420 1351 si
440 1327 488 1351 ex
508 1320 623 1364 pacto
642 1326 695 1350 aes
716 1313 881 1351 alienum
899 1314 936 1351 in
958 1314 1084 1352 Ponto
1110 1315 1201 1352 mihi
1223 1315 1474 1362 dissolvisset,
1493 1324 1532 1354 et
1550 1318 1610 1355 hic

167 1374 408 1412 nihilominus
427 1374 611 1412 ridiculus
638 1373 767 1412 fieret:
797 1387 954 1424 puerum
974 1376 1090 1420 enim,
1111 1376 1140 1412 si
1162 1383 1416 1426 torqueretur,
1436 1377 1611 1416 omnibus

164 1434 213 1473 de
233 1436 344 1473 rebus
373 1435 569 1474 veritatem
599 1434 802 1473 dicturum.
860 1435 946 1486 Ego
965 1449 1054 1474 vero
1073 1438 1248 1487 petebam
1269 1444 1312 1475 ut
1336 1439 1520 1476 arbitratu
1541 1452 1611 1477 suo

164 1509 252 1534 cum
274 1496 489 1535 Menexeno
516 1497 754 1547 transigeret,
785 1496 875 1534 mihi
895 1510 983 1535 vero
1013 1504 1210 1548 praestaret
1239 1499 1341 1549 quod
1362 1499 1611 1550 promisisset.

166 1558 237 1596 Illo
255 1559 370 1608 igitur
389 1565 558 1610 tempore
577 1558 729 1596 humilis
749 1564 842 1604 erat,
863 1565 900 1596 et
916 1572 992 1609 quo
1008 1572 1047 1596 se
1063 1566 1227 1596 verteret
1245 1559 1455 1605 nesciebat,
1471 1573 1545 1597 non
1562 1560 1610 1598 de

165 1620 373 1669 quaestione
387 1627 533 1658 tantum
547 1627 584 1657 et
596 1619 802 1657 constituto
813 1619 959 1669 judicio
977 1619 1250 1666 sollicitus,sed
1266 1621 1380 1657 etiam
1395 1620 1442 1658 de
1455 1621 1610 1673 scripto,

165 1694 212 1719 ne
232 1681 269 1719 id
290 1695 312 1719 a
331 1681 546 1719 Menexeno
566 1679 923 1731 deprehenderetur.

222 1744 283 1779 12.
313 1743 441 1786 Quum
460 1741 575 1793 igitur
595 1748 788 1784 aestuaret,
810 1747 849 1778 et
875 1740 1021 1778 nullum
1050 1741 1152 1779 aliud
1174 1741 1382 1779 remedium
1409 1743 1608 1790 inveniret,

163 1816 250 1841 cum
271 1803 397 1855 pueris
414 1817 492 1842 rem
513 1803 691 1846 conficit3
724 1802 889 1848 tabulas,
906 1815 992 1852 quae
1011 1802 1145 1853 Satyro
1165 1802 1372 1840 reddendae
1393 1811 1514 1849 erant,
1537 1805 1607 1842 nisi

163 1865 252 1902 mihi
273 1865 341 1904 iste
361 1865 620 1907 satisfecisset,
652 1864 854 1902 adulterat.
911 1863 1023 1905 Quod
1053 1876 1168 1914 quum
1198 1863 1358 1914 primum
1385 1866 1607 1916 peregisset,

164 1927 332 1964 omnium
352 1926 547 1964 hominum
568 1925 693 1963 factus
714 1924 1007 1973 audacissimus,
1028 1925 1081 1962 ait
1096 1937 1137 1962 se
1154 1937 1278 1975 neque
1294 1925 1329 1962 in
1352 1925 1515 1963 Pontum
1537 1941 1606 1966 na—

161 1988 377 2037 vigaturum
408 2000 530 2037 neque
563 1986 631 2024 sibi
663 1999 811 2024 mecum
837 1985 890 2024 rei
920 1986 1122 2036 quicquam
1153 1999 1264 2030 esse:
1295 1987 1445 2025 tabulas
1475 2001 1604 2026 coram

163 2050 325 2087 testibus
345 2049 618 2101 aperirijubet.
676 2048 776 2092 Quid
797 2049 903 2086 vobis
924 2048 1045 2087 multa
1060 2049 1199 2095 dicam,
1213 2050 1393 2100 judices?
1421 2051 1602 2102 scriptum

162 2110 199 2147 in
220 2111 358 2149 tabulis
378 2111 571 2149 inventum
592 2117 663 2158 est,
683 2123 768 2148 eum
790 2110 878 2147 mihi
904 2110 1030 2148 omnia
1050 2124 1136 2160 quae
1156 2111 1353 2150 debuisset
1377 2113 1604 2163 persolvisse

162 2185 286 2223 neque
305 2185 364 2210 me
384 2173 584 2223 quicquam
604 2172 650 2210 ab
669 2184 714 2210 eo
734 2179 917 2222 praeterea
937 2172 1142 2222 postulare.

216 2236 278 2274 13.
309 2235 406 2272 Rem
426 2234 540 2285 igitur
559 2247 722 2290 omnem,
744 2245 859 2284 quarn
881 2233 1171 2284 diligentissime
1191 2234 1464 2285 verissimeque
1484 2236 1602 2287 potui,

160 2295 267 2335 vobis
287 2296 470 2334 recensui.
530 2295 708 2346 Suspicor
728 2301 855 2332 autem
875 2294 1078 2341 Pasionem
1100 2309 1118 2333 e
1137 2296 1322 2347 corruptis
1343 2296 1479 2335 tabulis
1508 2296 1602 2347 peti-

159 2364 285 2395 turum
306 2356 376 2396 sibi
397 2356 654 2395 defensionem
682 2364 792 2406 atque
818 2355 854 2393 in
873 2355 945 2394 illis
967 2370 1079 2394 omne
1106 2370 1215 2394 suum
1242 2357 1460 2408 praesidium
1481 2357 1600 2396 collo-

158 2431 283 2457 casse.
337 2418 416 2456 Vos
435 2418 548 2469 igitur
565 2431 638 2463 me,
661 2430 807 2468 quaeso,
826 2417 1011 2456 attendite
1032 2431 1040 2455 2
1069 2431 1178 2469 spero
1199 2419 1297 2456 enirn
1317 2431 1384 2469 per
1412 2418 1496 2456 haec
1516 2418 1602 2470 ipsa

159 2479 261 2518 illius
279 2480 555 2530 improbitatem
577 2479 871 2517 declaraturum.

216 2542 276 2578 14.
306 2541 474 2578 Primum
508 2547 632 2578 autern
660 2540 751 2578 illud
782 2541 959 2590 cogitate.
1017 2542 1145 2584 Quum
1172 2540 1348 2577 daremus
1374 2539 1514 2591 hospiti
1534 2553 1598 2591 pa·

158 2602 335 2648 ctionem,
356 2615 432 2653 qua
452 2602 523 2639 iste
544 2601 614 2639 sibi
640 2602 765 2640 omnia
784 2602 941 2640 remissa
972 2615 1055 2640 esse
1084 2601 1234 2646 asserit,
1260 2614 1332 2651 ego
1351 2613 1439 2638 vero
1465 2613 1598 2638 aurum

160 2663 248 2700 mihi
261 2663 498 2702 reddendum
513 2676 597 2701 esse
612 2663 1006 2712 affirmo‚jubebamus
1021 2663 1220 2713 hospitem,
1237 2662 1265 2699 si
1283 2663 1378 2699 inter
1390 2675 1460 2699 nos
1475 2669 1598 2700 trans—

159 2724 381 2775 egissemus‚
404 2726 624 2763 comburere
645 2725 819 2768 tabulas3
851 2725 908 2762 sin
929 2725 1069 2768 minus,
1092 2723 1227 2774 Satyro
1248 2722 1425 2760 reddere:
1457 2728 1495 2760 et
1514 2722 1597 2761 baec

159 2798 240 2823 esse
261 2785 360 2823 dicta
378 2792 536 2836 uterque
558 2793 728 2824 nostrum
746 2786 959 2824 confitetur.
1017 2784 1118 2826 Quid
1140 2796 1228 2820 vero
1248 2783 1354 2820 nobis
1375 2784 1410 2821 in
1433 2790 1596 2822 mentem

159 2847 337 2890 venisset,
352 2846 516 2895 judices,
537 2848 810 2898 utjuberemus
831 2859 916 2884 eum
938 2846 1086 2883 tabulas
1109 2845 1266 2882 reddere
1285 2845 1434 2896 Satyro,
1455 2845 1524 2882 nisi
1545 2845 1599 2881 in-

162 2917 217 2947 ter
238 2921 306 2947 nos
331 2908 586 2955 convenisset,
607 2910 636 2947 si
663 2909 815 2960 quidem
839 2907 950 2945 Pasio
970 2920 1085 2946 causa
1111 2907 1292 2945 liberatus
1312 2907 1459 2953 fuisset,
1487 2918 1527 2943 re
1546 2905 1595 2943 ad

842 2970 864 3004 ‘2
888 2981 914 3004 K
