1870 3277
277 165 351 201 342
939 161 1057 199 ISAEI

270 266 374 316 quod
395 278 440 302 ex
455 264 545 316 ipsis
561 265 605 303 iis
619 277 706 316 quae
720 264 757 302 hi
774 263 981 304 adversarii
1000 264 1118 303 nostri
1134 264 1312 303 dictitant
1330 266 1526 311 elucescit,
1545 268 1718 318 ipsismet

273 326 392 364 multo
412 327 535 376 magis
554 326 731 377 expedire
752 332 793 362 ut
814 324 1024 364 Nicostrati
1043 326 1196 375 cognati
1213 325 1464 364 hereditatem
1481 328 1562 379 ejus
1577 329 1615 365 in
1628 328 1715 379 jure

271 395 404 439 petant
423 401 537 439 quam
558 395 601 426 ut
620 387 831 425 Chariades
852 386 887 425 id
908 387 1038 425 faciat.
1097 387 1196 424 Nam
1211 387 1359 426 etiamsi
1374 387 1411 425 hi
1431 388 1714 438 [adolescentes

271 449 363 498 mei]
383 449 632 488 hereditatem
653 462 700 487 ex
722 448 832 487 titulo
847 450 1191 500 consanguinitatis
1209 462 1229 487 a
1244 462 1282 486 se
1297 449 1452 500 petitam
1473 462 1576 487 nunc
1587 452 1715 488 abstu-

270 511 382 551 lerint
401 512 627 560 ajudicibus
647 511 716 548 sibi
734 510 1005 558 adjudicatam,
1027 511 1156 550 licebit
1175 520 1303 549 tamen
1333 512 1388 549 his
1414 524 1566 562 quoque
1593 513 1714 562 [Cha-

270 573 385 611 riadis
414 573 609 611 advocatis
640 579 677 610 et
705 572 885 621 testibus]
919 573 1180 622 imposterum,
1207 573 1271 609 ubi
1299 573 1442 618 volent,
1473 573 1632 611 eandem
1664 587 1711 611 ex

267 636 403 674 eodem
423 635 662 686 cognationis
678 634 788 673 titulo
810 642 948 685 petere,
969 642 1086 684 atque
1105 634 1258 685 planum
1274 634 1471 686 judicibus
1487 643 1567 672 tum
1588 635 1714 673 facere

269 710 309 735 se
332 697 593 735 Nicostratum
613 696 733 747 gradu
761 696 1106 746 consanguinitatis
1139 697 1312 747 propiore
1341 696 1468 735 adhuc
1492 695 1714 746 contingere

269 771 382 809 quam
404 757 441 795 hi
463 749 749 808 [adolescentes
767 757 859 807 mei]
881 771 967 796 eum
985 757 1225 807 contingant,
1238 766 1276 795 et
1292 757 1551 795 Nicostratum
1575 757 1713 808 [illum,

267 820 376 871 cujus
407 819 455 857 de
485 819 692 858 hereditate
719 819 903 868 certetur]
934 819 1069 857 Smicri
1099 819 1216 856 filium
1235 819 1369 865 fuisse,
1384 832 1460 857 non
1481 819 1710 870 Thrasyma-

269 881 350 919 chi:
381 881 436 919 sin
461 888 587 919 autem
610 881 822 919 Chariades
849 881 1099 919 hereditatem
1129 881 1339 919 Nicostrati
1368 881 1616 932 adipiscatur,
1636 895 1711 919 non

267 944 395 982 licebit
420 943 665 994 postmodum
687 943 753 981 ulli
772 956 818 981 ex
838 946 919 991 ejus
945 942 1242 991 consanguineis
1267 942 1369 980 illam
1393 943 1432 979 in
1454 942 1540 992 jure
1567 950 1709 993 petere.

271 1005 343 1043 Ubi
356 1006 455 1042 enim
477 1005 722 1042 hereditatem
741 1005 885 1043 tenebit
904 1005 949 1049 is,
965 1004 1030 1054 qui
1043 1004 1198 1053 petitam
1220 1016 1265 1042 ex
1285 1003 1395 1041 titulo
1415 1004 1712 1041 testamentariae

268 1067 483 1106 donationis
504 1081 524 1104 a
540 1067 737 1119 judicibus
763 1067 963 1105 abstulerit
984 1066 1257 1118 adjudicatam,
1277 1066 1415 1117 ecquid
1436 1065 1596 1104 afferent
1615 1066 1667 1113 hi,
1681 1066 1712 1104 si

265 1130 330 1181 qui
350 1143 396 1167 ex
415 1129 527 1167 titulo
547 1129 786 1180 cognationis
806 1128 963 1180 petant?

320 1192 356 1230 8.
387 1191 497 1236 Quod
519 1191 632 1242 igitur
651 1192 688 1228 in
709 1204 746 1228 re
767 1190 876 1228 simili
904 1191 1166 1241 unusquisque
1186 1196 1355 1227 vestrum
1377 1189 1528 1240 ipsimet
1553 1189 1622 1228 sibi
1645 1189 1710 1240 jus

266 1267 419 1304 aequum
457 1266 542 1291 esse
575 1252 778 1297 censuerit,
810 1252 911 1290 idem
949 1252 1008 1290 his
1044 1264 1199 1303 quoque
1237 1251 1548 1289 adolescentibus
1586 1259 1710 1289 ratum

266 1316 397 1359 sacite;
427 1316 491 1366 qui
512 1322 630 1352 testes
651 1314 906 1351 exhibuerunt
924 1312 1207 1358 confirmantes,
1222 1313 1383 1365 primum
1401 1312 1486 1357 hoc,
1507 1326 1573 1351 eos
1594 1314 1710 1351 Nico-

266 1376 373 1414 strati
388 1376 636 1414 consobrinos
659 1375 851 1426 patrueles
871 1388 972 1420 esse,
988 1382 1065 1412 tum
1082 1374 1242 1412 alterurn
1262 1374 1380 1418 istud,
1399 1373 1524 1411 nullas
1540 1387 1707 1425 unquam

262 1437 307 1475 iis
328 1451 415 1475 cum
437 1437 659 1475 Nicostrato
685 1436 899 1474 simultates
928 1436 1202 1480 intercessisse,
1223 1436 1375 1473 tertium
1399 1435 1565 1486 denique
1596 1436 1706 1480 illud,

263 1500 454 1549 sepultum
469 1499 515 1536 ab
537 1498 580 1535 iis
601 1511 686 1536 esse
703 1498 978 1544 Nicostratum,
999 1507 1175 1548 quartum
1197 1498 1365 1542 tandem,
1387 1498 1615 1536 Chariadem
1640 1500 1707 1536 Ni-

263 1567 429 1597 costrato
451 1572 637 1610 nusquam
659 1559 828 1596 locorum
850 1572 973 1609 neque
988 1559 1048 1597 hic
1067 1559 1104 1596 in
1125 1561 1217 1597 urbe
1237 1573 1360 1610 neque
1382 1560 1417 1597 in
1440 1560 1574 1598 castris
1597 1574 1706 1598 usum

260 1622 379 1660 fuisse
396 1621 640 1666 familiariter,
654 1621 828 1671 quintum
846 1628 1053 1671 postremo,
1072 1622 1382 1659 communionem
1401 1634 1478 1672 qua
1498 1621 1709 1661 Chariades

261 1682 320 1721 hic
339 1683 497 1721 maxime
516 1681 598 1719 fidit
616 1682 833 1720 ementitam
854 1695 953 1720 esse.

313 1745 350 1781 9.
384 1744 430 1781 Et
450 1750 647 1795 praeterea,
664 1743 998 1795 judices‚aequum
1014 1751 1087 1788 est,
1102 1757 1169 1782 vos
1189 1744 1352 1794 partium
1372 1743 1471 1782 inter
1486 1757 1526 1782 se
1546 1752 1706 1783 conten-

260 1805 434 1844 dentium
456 1818 769 1856 unamquamque
790 1806 947 1843 seorsim
969 1813 1145 1856 spectare
1176 1813 1214 1843 et
1239 1818 1369 1843 eorum
1395 1818 1522 1844 mores
1549 1806 1645 1844 inter
1664 1821 1705 1845 se

258 1880 492 1918 comparare.
548 1866 786 1918 Thrasippus
818 1867 932 1912 enim,
953 1867 1018 1918 qui
1049 1875 1158 1918 pater
1178 1866 1291 1918 hujus
1314 1867 1515 1918 Hagnonis
1536 1876 1575 1906 et
1591 1868 1705 1920 hujus

261 1929 485 1982 Hagnothei
504 1930 587 1975 fuit,
603 1930 692 1968 olim
713 1943 800 1968 cum
821 1936 1050 1981 superesset,
1064 1937 1103 1967 et
1116 1929 1254 1967 muniis
1274 1930 1431 1968 functus
1451 1937 1510 1968 est
1528 1941 1703 1982 sumptu-

256 1992 335 2031 osis
354 2000 392 2030 et
411 1993 544 2030 aerario
565 1992 743 2038 contulit,
765 1999 804 2030 et
819 1999 959 2030 caetera
977 2005 1132 2042 quoque
1152 1991 1244 2029 civis
1257 1991 1356 2043 frugi
1375 1992 1468 2030 fuit:
1489 1992 1560 2043 ipsi
1576 2001 1702 2031 autem

260 2054 297 2092 hi
330 2054 413 2106 [filii
431 2054 532 2104 ejus]
564 2068 686 2105 neque
715 2067 877 2105 usquam
909 2054 1096 2097 locorum,
1117 2067 1193 2104 quo
1225 2066 1301 2091 non
1334 2061 1463 2091 essent
1482 2067 1504 2091 a
1524 2054 1631 2092 vobis
1651 2055 1704 2092 ire

251 2115 367 2166 jussi,
387 2115 548 2166 profecti
578 2122 680 2160 sunt,
701 2129 827 2166 neque
857 2115 894 2153 in
917 2116 1009 2153 urbe
1030 2122 1314 2152 commorantes
1334 2115 1485 2152 inutiles
1506 2116 1597 2167 reip.
1621 2116 1702 2154 fue-

258 2186 358 2224 runt,
378 2177 445 2215 sed
468 2177 599 2215 militia
618 2178 830 2228 funguntur
850 2184 889 2215 et
908 2178 955 2215 de
979 2190 1049 2214 suo
1069 2175 1274 2215 conferunt
1301 2177 1349 2214 ad
1377 2177 1566 2222 aerarium,
1586 2184 1626 2215 et
1643 2191 1702 2216 re-

256 2238 360 2289 liqua
379 2238 506 2276 omnia
525 2239 710 2288 imperata
729 2246 990 2288 exsequuntur
1009 2245 1048 2276 et
1074 2238 1262 2289 pudentes
1292 2239 1505 2289 probosque
1531 2252 1572 2276 se
1587 2261 1636 2267 —
1653 2240 1701 2277 de

256 2313 334 2350 quo
352 2300 450 2337 inter
473 2312 541 2337 vos
570 2312 701 2336 omnes
721 2308 874 2337 constat
889 2323 939 2328 -
954 2301 1141 2350 praebent,
1161 2299 1340 2350 quocirca
1360 2300 1480 2338 multo
1499 2300 1613 2338 etiam
1643 2301 1701 2338 di-
1736 2302 1739 2305 “

257 2360 404 2411 gniores
435 2360 513 2397 sint
538 2373 651 2410 quam
676 2360 888 2397 Chariades
909 2361 972 2410 qui
1002 2361 1254 2399 hereditatem
1286 2362 1488 2399 Nicostrati
1514 2375 1560 2399 ex
1588 2362 1700 2400 titulo

256 2421 553 2460 testamentariae
579 2421 797 2459 donationis
827 2429 971 2471 petant.
1032 2423 1128 2461 Nam
1150 2423 1276 2461 videte
1295 2437 1410 2474 quam
1430 2423 1642 2462 scelerosus
1662 2432 1700 2462 et

256 2484 426 2534 impurus
452 2482 567 2521 homo
598 2482 808 2520 Chariades
838 2483 898 2527 sit,
918 2484 982 2533 qui
1004 2483 1165 2522 Athenis
1186 2484 1313 2522 adhuc
1331 2484 1506 2522 habitans
1529 2498 1598 2535 pro
1615 2485 1698 2522 fure

255 2545 338 2595 ipso
359 2544 396 2582 in
418 2544 586 2582 facinore
608 2544 849 2595 deprehenso
874 2544 911 2581 in
938 2558 1128 2583 carcerem
1151 2546 1342 2584 abductus
1362 2553 1433 2591 est,
1454 2555 1491 2583 et
1510 2555 1600 2584 tunc
1620 2560 1698 2585 una

256 2619 342 2643 cum
364 2606 446 2644 aliis
465 2606 692 2656 quibusdam
713 2607 872 2644 emissus
890 2607 937 2644 ab
959 2606 1002 2643 iis
1025 2607 1305 2653 undeeimviris‚
1320 2621 1416 2658 quos
1434 2608 1589 2659 publice
1608 2622 1699 2647 con-

256 2667 456 2705 demnatos
476 2667 661 2719 supplicio
682 2666 863 2706 affecistis
889 2681 1032 2713 omnes,
1052 2675 1221 2719 tempore
1240 2669 1438 2720 interjecto
1456 2677 1543 2720 post
1560 2670 1695 2708 iterum

254 2736 298 2768 ut
323 2729 519 2766 falsarium
546 2742 665 2780 agens
694 2738 759 2767 aut
787 2729 908 2767 malas
937 2737 1038 2767 artes
1066 2743 1248 2768 exercens
1271 2730 1319 2768 ad
1340 2739 1515 2769 senatum
1542 2731 1694 2771 delatus

253 2797 329 2838 est3
358 2803 380 2827 a
398 2803 474 2840 quo
495 2790 636 2828 citatus
656 2804 732 2828 non
747 2792 974 2842 comparuit,
991 2791 1060 2829 sed
1074 2791 1209 2842 judicii
1231 2805 1431 2842 poenaeque
1453 2792 1692 2832 severitatem

251 2851 426 2889 devitans
447 2851 538 2889 urbe
556 2852 734 2896 excessit,
753 2853 801 2890 ab
826 2866 947 2903 eoque
980 2852 1067 2890 inde
1100 2860 1268 2903 tempore
1300 2860 1402 2891 totos
1433 2854 1693 2905 septendecim

251 2924 372 2950 annos
394 2911 553 2950 Athenis
573 2913 706 2960 abfuit,
722 2927 845 2964 neque
865 2914 978 2952 rediit
996 2913 1100 2964 prius
1121 2927 1236 2963 quam
1253 2922 1342 2964 post
1361 2927 1556 2953 excessum
1576 2915 1693 2954 Nico·
