1870 3277
646 199 1035 238 ARCHIDAMUS.
1526 200 1571 236 71

108 299 188 336 xime
200 299 331 336 floreret,
353 309 459 330 eversa
482 304 620 330 extrema
641 310 776 341 quaeque
792 310 942 341 perpessa
958 300 1050 330 fuerit
1070 309 1109 330 ne
1123 300 1254 331 audiens
1270 307 1350 332 esset
1366 301 1448 332 dicto
1464 302 1580 332 barba·

114 361 222 380 rorum.
268 350 383 380 Monet
399 356 430 380 ut
447 351 610 391 praesentia
626 351 782 392 perferant
797 357 829 381 et
845 352 885 381 de
908 351 1014 381 suturis
1030 352 1109 381 bene
1126 357 1264 392 sperent,
1283 363 1379 392 quum
1403 353 1478 383 tales
1493 353 1575 383 cala-

113 401 236 431 mitates
256 411 274 430 a
298 401 474 432 civitatibus
499 401 654 432 emendari
681 401 777 432 sciant
798 403 942 441 prudenti
966 401 1183 433 constitutione
1206 403 1337 442 reipubl.
1353 408 1384 433 et
1402 404 1512 443 peritia
1535 404 1577 435 rei

114 453 262 488 militaris,
280 453 391 494 quibus
409 453 516 494 Sparta
533 453 664 494 reliquas
681 454 769 484 urbes
787 454 962 494 superabat.
995 453 1159 484 Censetiis
1176 454 1279 494 potius
1294 464 1362 483 curn
1376 455 1485 494 quibus
1499 455 1576 485 bene

114 509 221 545 agatur
237 514 328 545 quam
346 505 421 545 ipsis
439 505 527 535 rebus
544 504 605 534 suis
628 504 767 535 adversis
792 514 899 545 pacem
923 505 1142 545 expetendam,
1158 515 1252 545 quum
1274 514 1354 533 nova
1381 505 1578 535 molientibus

115 566 187 595 spes
210 555 340 585 sortunae
361 555 494 585 melioris
510 555 668 596 proposita
684 556 742 586 sit:
769 566 851 591 nam,
875 555 900 585 si
916 555 1079 586 discrimen
1103 556 1246 590 subeant,
1271 560 1373 595 partas
1389 565 1464 595 opes
1482 556 1520 585 ab
1536 555 1580 586 eis

116 616 207 646 posse
223 605 408 636 conservari.
453 605 608 636 Praeterea
622 606 726 636 multis
743 606 810 636 aliis
827 606 982 646 praeclaris
1006 605 1147 646 operibus
1164 605 1422 640 commemoratis,
1434 616 1503 647 quae
1519 605 1580 636 cla-

116 656 225 687 rissimi
243 657 326 687 cives
341 656 464 697 publice
483 657 689 698 privatimque
705 657 736 687 in
750 657 838 688 bellis
854 657 1022 693 ediderint,
1039 657 1156 698 colligit
1179 662 1328 698 quantum
1356 658 1493 688 dedecus
1517 667 1582 687 sus-

117 707 236 748 cepturi
253 713 284 737 et
301 707 333 736 in
348 712 496 747 quantum
522 708 604 748 apud
628 707 756 738 Graecos
776 708 890 738 crimen
907 708 969 739 sint
984 708 1115 744 venturi,
1133 708 1179 739 sin
1206 719 1289 739 arma
1311 709 1460 749 ceperint,
1477 707 1585 738 asserit

118 758 162 788 eis
179 759 216 788 ab
235 759 319 788 omni
342 763 428 798 parte
445 758 555 789 auxilia
582 764 694 799 praesto
718 770 784 789 esse
810 759 923 795 futura,
941 770 958 789 a
981 759 1041 789 diis
1067 759 1300 799 immortalibus,
1316 770 1333 789 a
1349 759 1448 795 sociis,
1464 759 1502 789 ab
1516 758 1585 789 uni·

121 809 212 839 versis
234 808 418 843 hominibus,
443 809 496 849 qui
520 809 679 840 Thebanae
706 810 852 850 potentiae
876 810 1072 840 incrementis
1095 810 1277 847 invideant3
1300 810 1437 850 denique
1461 816 1586 840 ostensa

117 860 299 890 confusione
310 865 340 890 et
354 860 534 890 tumultibus
550 862 664 901 quibus
680 862 768 892 urbes
783 861 899 892 Graecae
915 862 1034 893 Boeotis
1050 872 1150 892 rerum
1166 861 1357 902 potientibus
1373 861 1537 902 agitentur,
1555 866 1588 891 ut

116 912 191 951 nihil
206 912 314 942 horum
331 905 456 941 eueniat
474 923 530 942 nec
549 912 610 942 ulla
626 923 698 953 spes
716 913 934 943 incolumitatis
952 913 1011 943 alia
1035 913 1232 954 relinquatur,
1249 912 1355 943 urbem
1371 923 1424 942 eos
1445 912 1586 942 deserere

113 960 213 1002 jubet,
229 962 382 1004 docetque
398 973 506 993 uxores
523 968 554 993 et
569 963 678 994 liberos
695 970 899 1006 caeteramque
912 965 1029 995 turbam
1046 965 1078 994 in
1093 964 1229 994 Siciliam
1242 969 1274 994 et
1287 964 1408 995 ltaliam
1425 970 1456 993 et
1472 963 1589 1004 reliqua

119 1012 187 1042 loca
203 1012 247 1042 eis
264 1012 361 1043 amica
379 1013 471 1049 mitti,
484 1013 566 1053 ipsos
581 1024 654 1044 vero
670 1015 795 1045 castello
812 1015 915 1056 aliquo
932 1015 1136 1045 munitissimo
1149 1020 1302 1056 occupato
1319 1021 1350 1045 et
1364 1016 1402 1045 ad
1420 1015 1589 1056 gerendum

122 1063 235 1094 bellum
265 1064 528 1104 opportunissimo
558 1064 660 1096 hostes
689 1066 812 1096 summis
838 1066 951 1097 viribus
987 1073 1063 1097 terra
1090 1066 1228 1108 marique
1264 1067 1404 1107 persequi
1435 1072 1590 1107 oportere.

123 1116 251 1147 Nullum
265 1117 346 1147 enim
363 1117 528 1147 exercitum
547 1128 690 1148 ausurum
707 1129 774 1149 esse
791 1118 910 1149 collatis
920 1119 1013 1159 signis
1030 1129 1099 1149 cum
1108 1117 1182 1148 viris
1197 1118 1326 1149 Graeciae
1340 1117 1591 1153 bellicosissimis,

122 1169 174 1209 qui
193 1169 287 1198 vitam
307 1168 483 1199 vilissimam
508 1174 666 1204 censeant,
683 1175 713 1199 et
728 1169 840 1210 quibus
865 1169 949 1210 justa
974 1170 1016 1200 ira
1038 1177 1069 1199 et
1092 1179 1186 1199 causa
1212 1169 1426 1199 honestissima
1442 1179 1511 1199 eam
1537 1178 1592 1198 ne·

123 1219 296 1249 cessitatem
314 1219 507 1259 imposuerit,
524 1220 685 1250 dimicare.
725 1220 803 1251 Haee
818 1230 876 1261 ego
892 1231 953 1252 non
970 1225 1032 1250 tam
1051 1220 1306 1256 Lacedaemoniis,
1323 1231 1415 1260 quam
1432 1219 1500 1250 aliis
1516 1230 1592 1260 quo-

123 1280 183 1310 que
198 1269 315 1300 Graecis
332 1275 424 1310 atque
440 1271 519 1300 adeo
534 1270 709 1300 hominibus
726 1271 886 1306 universis,
898 1281 968 1300 eum
982 1271 1111 1300 suadere
1127 1271 1255 1300 dixerim
1271 1271 1361 1311 longe
1376 1271 1484 1301 melius
1500 1281 1593 1312 quam

124 1330 229 1350 omnes
246 1319 459 1361 philosophos,
475 1321 525 1361 qui
543 1330 694 1350 summum
712 1321 781 1350 vitae
800 1321 914 1350 bonum
931 1320 962 1349 in
978 1320 1089 1350 virtute
1107 1326 1138 1350 et
1155 1320 1314 1350 honestate
1332 1327 1464 1361 ponunt.

183 1408 217 1443 l.
249 1405 465 1443 VESTRUM
495 1404 612 1457 aliqui
639 1406 801 1444 fortasse
821 1406 1008 1444 mirantur
1034 1418 1103 1444 cur
1131 1418 1217 1456 ego,
1233 1405 1299 1456 qui
1325 1406 1514 1444 hactenus
1541 1407 1597 1445 in-

125 1466 260 1505 stituta
278 1474 419 1506 nostrae
436 1466 539 1506 urbis
565 1475 605 1505 ut
626 1467 728 1506 haud
748 1468 828 1506 scio
852 1481 901 1506 an
921 1468 1129 1519 quisquam
1151 1468 1248 1505 alius
1264 1481 1441 1506 meorum
1461 1482 1596 1520 aequa-

125 1530 219 1568 lium
244 1530 404 1575 servavi,
426 1537 574 1568 tantam
602 1531 852 1569 mutationem
880 1530 1050 1577 fecerim,
1070 1537 1126 1577 ut,
1155 1530 1292 1581 quibus
1312 1531 1360 1569 de
1388 1532 1503 1570 rebus
1533 1545 1596 1570 se-

127 1591 253 1630 niores
268 1593 385 1630 verba
403 1591 530 1630 facere
546 1598 738 1638 verentur,
754 1592 802 1631 de
818 1592 862 1631 iis
883 1606 956 1644 ego
972 1592 1202 1631 adolescens
1220 1593 1448 1631 sententiam
1469 1593 1596 1631 dicere

130 1653 348 1704 aggrediar.
406 1653 491 1704 Ego
510 1667 614 1700 vero,
641 1654 673 1692 si
701 1654 788 1704 quis
806 1654 903 1693 alius
925 1668 1057 1693 eorum
1078 1655 1143 1706 qui
1165 1655 1265 1707 apud
1287 1669 1353 1694 vos
1374 1655 1598 1694 concionari

128 1716 254 1754 solent
284 1729 354 1768 pro
381 1716 570 1767 dignitate
601 1718 823 1768 reipublicae
854 1718 1029 1765 dixisset,
1055 1719 1174 1770 longa
1206 1719 1358 1757 silentia
1383 1720 1594 1758 fecissem:

130 1791 247 1824 nunc,
272 1791 390 1828 quum
411 1778 560 1816 videam
581 1778 677 1817 alios
698 1779 869 1817 hostium
898 1781 1093 1832 imperatis
1126 1781 1369 1832 patrocinari,
1396 1782 1492 1820 alios
1521 1795 1599 1820 non

128 1839 276 1877 fortiter
296 1839 503 1884 adversari,
528 1840 624 1879 alios
645 1854 802 1893 prorsus
825 1843 1077 1889 obmutuisse,
1099 1844 1249 1882 surrexi
1274 1850 1316 1882 ut
1340 1845 1443 1895 quod
1471 1844 1530 1882 his
1549 1844 1599 1883 de

130 1902 243 1940 rebus
265 1901 387 1940 sentio
407 1914 657 1954 exponerem,
672 1903 710 1941 id
731 1904 909 1943 nimirum
929 1911 1038 1955 turpe
1055 1918 1140 1943 esse
1161 1912 1264 1943 ratus
1287 1906 1332 1950 si,
1346 1912 1389 1944 ut
1404 1906 1599 1957 propriam

132 1976 229 2001 meae
253 1963 342 2002 vitae
365 1964 552 2002 rationem
578 1972 748 2011 teneam,
769 1966 1046 2018 rempublicam
1077 1974 1214 2005 contra
1239 1967 1468 2018 dignitatem
1490 1980 1598 2005 suam

131 2025 402 2062 decernentem
425 2024 680 2076 despexerim.

188 2089 225 2124 2.
256 2086 373 2128 Quod
398 2086 430 2124 si
460 2086 509 2125 de
539 2087 622 2125 aliis
641 2087 798 2139 quidem
818 2088 932 2126 rebus
953 2088 1069 2127 decet
1097 2087 1367 2128 adolescentes
1395 2090 1601 2137 conticere,

133 2147 278 2186 bellum
298 2153 400 2185 certe
416 2148 475 2186 vel
496 2148 659 2187 suadere
674 2149 734 2187 vel
753 2149 976 2188 dissuadere
995 2151 1040 2188 iis
1056 2150 1224 2189 maxime
1238 2151 1419 2190 convenit
1437 2152 1485 2191 ad
1504 2165 1602 2203 qnos

133 2209 387 2260 periculorum
418 2222 509 2260 pars
540 2210 706 2248 maxima
725 2210 970 2256 redundabit,
997 2225 1118 2262 quum
1146 2214 1358 2262 praesertim
1383 2214 1476 2264 quid
1499 2216 1601 2252 facto

135 2271 184 2308 sit
198 2283 294 2321 opus
312 2270 440 2308 videre
461 2280 574 2321 atque
590 2271 803 2322 intelligere
823 2272 858 2309 in
883 2272 1009 2310 medio
1031 2273 1080 2310 sit
1095 2273 1271 2311 omnibus
1287 2276 1468 2324 positum.
1501 2275 1601 2312 Nam

135 2333 165 2370 si
185 2332 426 2383 exploratum
443 2340 563 2379 esset,
583 2333 749 2371 seniores
769 2334 817 2371 de
839 2334 1016 2372 omnibus
1038 2336 1151 2372 rebus
1176 2335 1388 2374 rectissime
1412 2336 1603 2387 judicare,

137 2394 404 2432 adolescentes
431 2402 557 2431 autem
578 2395 719 2445 ubique
751 2395 831 2432 falli
864 2402 901 2433 et
921 2395 1161 2443 hallucinari,
1185 2410 1262 2435 non
1283 2398 1471 2436 immerito
1492 2398 1602 2436 nobis

139 2455 315 2494 dicendae
347 2455 550 2493 sententiae
570 2456 634 2507 jus
670 2457 924 2495 adimeretur:
956 2457 1023 2495 sed
1044 2470 1164 2508 quum
1189 2472 1266 2496 non
1299 2473 1486 2497 annorum
1516 2473 1604 2510 spa-

138 2517 246 2562 tium,
263 2516 332 2554 sed
353 2516 548 2567 ingenium
566 2524 604 2555 et
624 2516 836 2568 diligentia,
856 2519 894 2556 in
916 2531 1037 2558 causa
1056 2520 1119 2566 sit,
1136 2527 1179 2558 ut
1199 2521 1292 2558 alios
1319 2521 1382 2558 alii
1402 2521 1607 2571 prudentia

140 2591 378 2629 superemus,
406 2592 535 2617 nonne
555 2579 756 2630 utriusque
776 2581 903 2619 aetatis
923 2581 1133 2631 periculum
1155 2582 1372 2619 faciendum
1395 2590 1465 2627 est,
1486 2590 1529 2622 ut
1558 2596 1606 2622 ex

141 2640 319 2679 omnibus
353 2640 396 2677 iis
433 2654 521 2691 quae
557 2641 661 2679 dicta
694 2642 836 2680 fuerint
866 2643 974 2681 vobis
1011 2643 1183 2693 deligere
1220 2643 1335 2680 liceat
1375 2644 1605 2684 utilissima?

141 2701 425 2740 perabsurdum
440 2710 565 2741 autem
584 2716 668 2741 esse
680 2703 830 2755 judico,
847 2704 878 2742 si
892 2704 956 2755 qui
977 2712 1067 2742 sunt
1080 2705 1145 2755 qui
1161 2712 1345 2743 censeant
1364 2720 1434 2745 nos
1450 2707 1606 2757 quidem

143 2769 242 2800 terra
269 2763 440 2813 marique
461 2765 694 2803 exercitibus
722 2779 808 2803 cum
830 2766 989 2817 imperio
1022 2779 1188 2817 praeesse
1209 2774 1399 2818 oportere,
1430 2769 1496 2806 ubi
1528 2783 1606 2808 non

144 2823 215 2859 nisi
235 2836 376 2873 magna
388 2824 500 2864 clade
517 2825 680 2876 reipubl.
701 2826 956 2878 delinquitur:
988 2827 1115 2864 dicere
1137 2834 1263 2866 autem
1284 2841 1372 2879 quae
1393 2830 1606 2869 sentiamus

144 2883 209 2920 ubi
230 2884 346 2921 totius
365 2885 416 2924 rei
440 2886 631 2936 judicium
653 2895 691 2925 et
711 2894 885 2938 potestas
905 2901 1023 2938 penes
1043 2901 1111 2926 vos
1137 2895 1211 2935 est,
1230 2902 1309 2928 non
1335 2898 1526 2942 oportere,
1547 2892 1608 2930 ubi

144 2945 173 2983 si
209 2958 366 2997 scopum
397 2949 634 3001 attigerimus
657 2950 800 2990 utilitas
822 2951 975 3002 publice
1002 2951 1050 2990 ad
1075 2964 1221 2999 omnes,
1245 2953 1300 2992 sin
1323 2955 1608 3006 impegerimrm,
