1870 3277
228 178 300 214 174
804 178 1087 216 isocRA'1·1s

226 293 337 329 erga
378 279 590 318 homines
632 290 676 319 et
719 282 1025 331 prudentiam
1070 281 1112 316 in
1162 279 1268 316 aliis
1312 280 1448 315 rebus
1487 278 1687 314 omnium

223 340 542 391 pulcherrima
577 342 803 380 instituta
841 356 944 380 esse
983 348 1194 385 censeat,
1235 342 1498 391 Spartanos
1535 345 1687 375 autem

226 416 315 440 non
356 403 556 453 amplius
595 405 924 455 septingentis
968 404 1103 441 annis
1142 416 1243 440 cum
1285 403 1438 438 locum
1477 401 1689 438 tenuisse

224 466 518 504 consentiat.
595 466 705 508 Quae
751 478 890 515 quum
923 465 1005 502 ,ita
1047 465 1154 510 sint,
1203 463 1439 513 siquidem
1488 469 1532 498 tu
1582 473 1691 498 vera

224 528 463 579 praedicas
507 541 647 577 quum
686 526 1009 577 pulcherrima
1059 527 1291 564 instituta
1328 538 1408 561 cos
1450 523 1691 560 invenisse

227 590 367 636 dicis,
404 602 606 627 necesse
647 596 720 625 est
754 589 876 626 alios
915 589 991 639 qui
1028 588 1186 625 multis
1227 594 1336 624 ante
1371 585 1559 624 saeculis
1596 585 1692 621 fue-

224 658 349 696 runt,
390 664 524 701 quam
570 650 796 700 Spartani
839 650 978 688 sedes
1023 651 1142 687 istas
1191 656 1498 699 occuparent,
1536 658 1691 684 eorum

224 718 442 764 expertes
475 712 736 756 fuisse,eos
766 713 907 749 etiam
937 711 1014 763 qui
1046 711 1231 761 Trojam
1265 716 1618 761 expugnarunt,
1648 715 1694 744 et

226 774 449 813 Herculis
480 786 531 810 ac
552 773 730 812 Thesei
760 774 987 824 aequales,
1012 773 1215 810 Minoem
1246 772 1506 809 item-lovis
1536 771 1692 807 filium

224 844 269 874 et
296 835 710 873 Rhadamanthum
741 843 786 874 et
814 837 1002 873 AEacum
1028 844 1074 872 et
1105 835 1318 884 reliquos
1349 846 1500 871 omnes
1533 834 1611 883 qui
1641 833 1695 870 ab

226 898 465 935 universis
496 904 693 948 propter
726 898 847 935 istas
869 898 1075 935 virtutes
1109 897 1287 934 divinis
1318 896 1546 934 laudibus
1577 894 1695 932 cele-

224 960 434 1002 brantur,
465 957 687 1008 falsaque
718 959 807 995 frui
839 958 1071 1009 gloriola:
1116 958 1155 995 si
1184 971 1294 995 vero
1324 966 1371 995 tu
1400 970 1552 1008 nugas
1579 957 1696 1006 agis,

226 1027 272 1058 et
308 1019 497 1057 omnino
534 1032 616 1069 par
646 1027 717 1057 est
749 1019 841 1057 diis
875 1021 1066 1070 genitos
1102 1020 1366 1057 virtutibus
1400 1019 1510 1056 istis
1546 1018 1696 1068 magis

225 1090 272 1120 et
309 1083 442 1132 ipsos
481 1094 588 1118 esse
627 1094 740 1118 usos
780 1090 825 1118 et
862 1083 1072 1133 posteris
1111 1081 1370 1118 imitandas
1408 1094 1486 1118 eas
1528 1092 1696 1131 propo-

225 1143 400 1187 suisse,
432 1142 538 1179 fieri
573 1155 663 1178 non
699 1150 861 1193 potest
895 1144 1007 1193 quin
1041 1143 1202 1180 furere
1239 1142 1448 1180 videaris
1480 1141 1697 1179 omnibus

227 1206 652 1256 audientibus,qui
683 1206 801 1244 adeo
831 1214 1007 1244 temere
1035 1207 1230 1257 quosvis
1260 1216 1305 1244 et
1329 1207 1489 1256 inique
1516 1206 1698 1243 laudes.

230 1268 417 1307 Deinde
458 1269 494 1306 si
533 1281 613 1306 eos
652 1269 970 1313 commendes,
1010 1269 1122 1318 quid
1161 1281 1250 1318 ego
1289 1269 1520 1305 dixissem
1559 1267 1698 1318 plane

226 1343 317 1368 non
347 1329 526 1374 audito,
548 1329 812 1367 delirasses
839 1330 1045 1380 quidem,
1067 1329 1150 1367 sed
1180 1329 1265 1366 tibi
1290 1337 1442 1367 tamen
1472 1329 1573 1378 ipse
1599 1341 1703 1366 con—

228 1393 414 1430 trarius
443 1404 550 1429 esse
586 1404 674 1428 non
713 1391 976 1429 videreris:
1026 1405 1152 1429 nunc
1184 1404 1293 1428 vero
1328 1391 1415 1428 tibi
1444 1391 1522 1441 qui
1555 1403 1698 1427 meam

225 1453 494 1491 orationem
516 1453 858 1503 laudaris,quae
875 1453 1167 1491 ostendebat
1190 1452 1337 1489 multa
1363 1451 1635 1489 crudeliter
1656 1459 1702 1490 et

228 1515 416 1553 nefarie
447 1514 840 1552 Lacedaemonios
872 1516 992 1553 etin
1022 1521 1259 1564 cognatos
1291 1527 1398 1551 suos
1428 1520 1472 1551 et
1501 1513 1546 1550 in
1577 1514 1699 1552 alios

229 1577 427 1614 Graecos
461 1577 653 1621 fecisse,
684 1577 764 1626 qui
797 1576 992 1627 inquam
1023 1576 1103 1614 tibi
1136 1576 1294 1614 dicere
1328 1576 1474 1613 licuit
1501 1588 1595 1621 eos,
1622 1578 1701 1626 qui

228 1639 300 1677 his
334 1639 618 1677 criminibus
656 1638 849 1676 obnoxii
883 1644 1007 1684 sunt,
1033 1637 1468 1690 pulcherrimorum
1501 1637 1698 1676 institu-

229 1708 376 1738 torum
411 1700 658 1751 principes
692 1700 980 1738 exstitisse?

303 1763 368 1799 83.
411 1760 652 1798 Praeterea
693 1761 820 1798 illud
862 1761 1001 1799 etiam
1043 1768 1086 1799 te
1130 1762 1380 1812 praeteriit,
1424 1762 1549 1812 quod
1597 1776 1698 1813 quae

230 1823 393 1861 desint
434 1822 506 1860 vel
549 1822 791 1859 institutis
835 1823 907 1861 vel
952 1824 1140 1860 artibus
1178 1824 1252 1861 vel
1298 1824 1546 1874 quibusvis
1589 1824 1698 1862 aliis

230 1885 385 1930 rebus,
429 1896 481 1921 ea
526 1897 615 1921 non
655 1884 926 1935 excogitari
968 1898 991 1922 a
1034 1884 1349 1935 quibuslibet,
1395 1885 1475 1922 sed
1526 1886 1580 1923 ab
1626 1886 1698 1924 his

226 1946 306 1996 ,qui
346 1944 568 1996 ingeniis·
597 1945 844 1983 excellunt
877 1953 915 1983 et
949 1958 969 1983 e
1009 1953 1222 1984 veterum
1257 1946 1464 1984 inventis
1513 1946 1699 1984 discere

231 2008 436 2059 plurima
463 2013 728 2058 potuerunt
755 2014 801 2045 et
824 2007 1195 2058 investigationi
1230 2021 1379 2045 rerum
1408 2007 1584 2058 majore
1613 2017 1703 2045 stu-

233 2069 310 2107 dio
341 2069 615 2106 incumbere
640 2069 907 2106 voluerunt.
967 2069 998 2105 A
1035 2070 1207 2119 quibus
1240 2071 1378 2107 rebus
1415 2070 1705 2109 Lacedaemo-

231 2130 297 2168 nii
333 2129 473 2180 longe
502 2130 719 2168 barbaris
752 2139 916 2169 essent
949 2129 1235 2168 alieniores:
1267 2131 1351 2169 hos
1382 2131 1507 2170 enim
1537 2133 1703 2170 multo-

238 2205 337 2230 rum
369 2191 664 2229 inventorum
702 2192 857 2230 fuisse
887 2199 979 2229 tum
1017 2192 1287 2243 discipulos
1325 2201 1420 2230 tum
1463 2193 1702 2240 doctores,

234 2253 356 2292 istos
385 2266 493 2292 vero
521 2265 543 2290 a
566 2255 799 2291 communi
828 2254 1141 2292 institutione
1166 2267 1218 2291 ac
1247 2254 1536 2304 studiisjtam
1563 2246 1704 2306 longe

239 2317 407 2354 abesse
450 2321 498 2352 ut
543 2327 599 2352 ne
642 2314 810 2352 literas
854 2315 1041 2365 quidem
1083 2316 1344 2361 discerent,
1382 2330 1481 2366 quae
1525 2325 1703 2355 tantam

234 2378 324 2416 vim
365 2377 603 2414 haberent
648 2383 710 2421 ut,
747 2377 825 2426 qui
863 2377 921 2414 iis
960 2377 1191 2414 instructi
1229 2385 1394 2415 essent
1432 2386 1478 2416 et
1518 2385 1705 2416 uteren-

236 2447 325 2486 tur,
358 2452 449 2477 non
474 2451 538 2476 ea
569 2437 722 2476 solum
755 2445 1114 2488 cognoscerent
1146 2452 1247 2489 quae
1287 2452 1371 2476 sua
1403 2446 1543 2477 aetate
1577 2454 1704 2491 gere-

236 2510 415 2549 rentur,
445 2501 527 2539 sed
557 2500 645 2537 illa
676 2499 817 2538 etiam
847 2513 947 2550 quae
977 2501 1031 2537 ab
1066 2501 1188 2537 omni
1224 2502 1448 2539 memoria
1479 2502 1609 2539 facta
1637 2515 1706 2540 es-

237 2571 356 2601 sent.
415 2563 482 2600 Tu
511 2570 667 2600 tamen
698 2574 854 2599 earum
885 2562 1078 2612 ignaros
1108 2562 1535 2612 pulcherrimorum
1568 2563 1705 2601 insti-

239 2633 448 2664 tutorum
473 2625 752 2662 inventores
777 2636 884 2661 esse
911 2623 1157 2660 affirmare
1179 2636 1268 2660 non
1289 2623 1537 2668 dubitasti,
1557 2637 1708 2673 quam-

243 2687 312 2726 vis
347 2688 494 2725 scires
526 2699 606 2724 eos
644 2685 698 2723 ad
729 2685 854 2723 tales
881 2685 1264 2723 exercitationes
1294 2685 1466 2722 liberos
1500 2698 1608 2722 suos
1640 2699 1706 2723 as-

239 2749 502 2793 suefacere,
541 2760 623 2799 per
658 2759 773 2798 quas
814 2752 1007 2797 sperent
1048 2758 1126 2783 eos
1170 2745 1278 2783 aliis
1309 2758 1399 2783 non
1431 2747 1705 2789 essebene-

239 2812 474 2855 facturos,
497 2810 576 2846 sed
600 2808 782 2846 Graecis
803 2807 1004 2845 maxima
1032 2807 1322 2844 detrimenta
1351 2807 1704 2857 importaturos.

297 2874 362 2909 84.
392 2872 504 2913 Quae
537 2871 574 2907 si
606 2870 760 2907 omnia
787 2869 1259 2920 percenserevelim,
1285 2876 1332 2906 et
1362 2868 1473 2906 mihi
1502 2877 1548 2907 et
1574 2871 1705 2908 audi-

243 2934 426 2972 toribus
457 2944 673 2983 magnum
703 2931 951 2970 fastidium
980 2943 1030 2968 ea
1065 2937 1310 2981 parerent;
1352 2930 1432 2969 sed
1466 2931 1541 2970 ubi
1569 2944 1706 2969 unum
