1870 3277
264 163 340 198 418
932 159 1046 195 ISAEI

267 261 490 311 adoptabat,
507 260 623 310 eique
653 273 718 311 per
737 266 1007 299 testamentum
1035 261 1206 299 donabat
1223 261 1408 312 praedium
1431 262 1607 301 Eleusine
1627 262 1704 301 duo

265 323 409 362 talenta
426 321 572 369 valens,
587 335 658 360 nec
680 335 756 360 non
777 323 978 373 sexaginta
996 336 1100 368 oves,
1117 329 1271 361 centum
1288 323 1470 375 capellas,
1490 325 1706 376 supellecti-

265 385 338 422 lem
354 384 615 429 domesticam,
632 397 772 435 equum
792 384 1036 435 splendidum
1066 385 1127 424 cui
1154 385 1321 423 insidens
1342 385 1589 436 [Theophon]
1608 387 1705 438 phy-

264 446 435 484 larchum
461 447 547 496 [seu
567 447 759 484 tribunum
779 453 912 484 turmae
939 447 1140 498 equestris]
1162 454 1306 497 egerat,
1326 453 1364 484 et
1384 459 1495 485 omne
1516 448 1705 498 reliquum

263 509 579 551 instrumentum;
610 521 771 558 quarum
792 508 959 546 omnium
975 522 1099 547 rerum
1114 509 1177 547 ille
1198 509 1445 560 [Stratocles]
1473 509 1616 560 potitus
1637 522 1707 560 per

265 569 496 608 novennium
524 569 677 620 reliquit
703 570 954 608 substantiam
980 572 1147 622 quinque
1166 571 1309 609 talenta
1329 577 1369 608 et
1386 571 1498 608 semis
1517 570 1708 609 valentem

266 638 541 670 connumerato
562 631 799 681 patrimonio,
813 632 881 670 sed
895 632 1050 670 exclusa
1063 632 1272 671 hereditate
1292 632 1357 670 illa
1370 645 1485 683 quam
1500 631 1710 681 Theophon

265 694 381 744 ipsius
402 694 489 731 filiae
506 693 733 731 donaverat:
763 693 916 744 reliquit
941 693 1039 732 enim
1061 694 1271 732 Stratocles
1291 693 1476 744 praedium
1495 691 1711 729 Thriasium

266 755 343 792 duo
363 755 505 793 talenta
523 767 611 793 cum
642 754 800 793 dimidio
827 755 971 801 valens,
991 756 1145 794 domum
1175 757 1230 806 [in
1259 756 1358 804 vico]
1389 755 1525 793 Melite
1556 754 1712 805 triginta

266 816 378 853 minis
399 822 579 867 emptam,
600 815 712 854 aliam
735 817 916 855 Eleusine
938 818 1106 868 quinque
1131 818 1242 856 minis
1262 825 1442 868 emptam.
1501 817 1610 855 Bona
1628 816 1712 853 haec

266 885 355 915 sunt
386 877 592 915 immobilia
618 890 641 915 a
675 877 863 916 Stratocle
896 879 1042 923 relicta,
1061 891 1222 929 quorum
1251 892 1379 916 annua
1396 878 1598 929 vectigalia
1625 877 1711 915 haec

267 947 374 977 sunt:
404 939 540 990 praedii
560 940 673 976 minae
693 939 804 977 denae
827 940 941 986 binae,
971 940 1154 978 domuum
1184 947 1312 978 autem
1340 947 1473 985 ternae,
1492 941 1531 977 in
1563 950 1714 976 summa

265 1001 377 1039 denae
397 1001 526 1051 quinae
545 1001 583 1039 in
604 1014 747 1039 annum
768 1001 905 1046 minae;
934 1002 1110 1053 pecuniae
1129 1002 1263 1040 foenori
1279 999 1715 1054 elocatae‘quadraginta

264 1063 412 1101 circiter
430 1064 559 1109 minae,
580 1077 739 1114 quarum
759 1070 934 1114 quaestus
965 1077 1114 1102 annuus
1144 1064 1400 1114 septingentae
1421 1069 1511 1100 sunt
1531 1070 1645 1112 atque
1665 1061 1717 1098 vi-

266 1123 361 1174 ginti
380 1125 572 1163 drachmae
589 1126 709 1176 [mina
728 1139 881 1177 quaque
902 1126 940 1163 in
954 1139 1123 1164 mensem
1141 1124 1498 1176 sesquidrachmam
1513 1121 1716 1170 merente].

267 1187 373 1230 Quas
408 1190 498 1224 720.
530 1188 733 1226 drachmas
763 1189 794 1225 si
827 1188 935 1225 addis
963 1188 1037 1226 illis
1067 1188 1324 1236 superioribus
1360 1187 1420 1223 15.
1449 1185 1575 1228 minis,
1597 1184 1715 1222 habes

268 1247 389 1286 minas
408 1255 581 1298 quaestus
598 1248 715 1284 annui
729 1250 795 1281 22.
813 1255 852 1283 et
871 1258 998 1296 super.
1048 1248 1241 1282 Praeterea
1255 1246 1407 1295 reliquit
1425 1245 1717 1296 supellectilem,

267 1322 374 1354 oves,
401 1321 531 1360 grana,
557 1308 701 1354 vinum,
725 1307 874 1345 fructus
903 1307 1158 1354 autumnales,
1177 1307 1315 1357 quibus
1335 1307 1501 1345 venditis
1520 1307 1717 1345 redactum

267 1378 328 1410 est
347 1370 396 1408 ad
413 1368 670 1421 quadraginta
691 1375 806 1419 atque
826 1381 964 1406 novem
983 1368 1122 1406 minas.
1178 1368 1332 1406 Paratae
1358 1368 1532 1419 pecuniae
1551 1368 1717 1418 denique

266 1431 307 1469 in
335 1444 425 1469 arca
452 1430 640 1482 depositae
668 1442 806 1468 novem
833 1429 973 1468 minas.
1028 1429 1142 1468 Adde
1171 1442 1221 1467 ex
1250 1430 1373 1467 etanis
1396 1430 1554 1467 redacta
1572 1430 1717 1476 debita,

268 1493 385 1544 paulo
404 1492 529 1530 minus
550 1505 662 1543 quam
685 1492 818 1530 decem
838 1492 976 1537 minas,
995 1504 1090 1541 quas
1110 1498 1230 1529 mater
1245 1492 1381 1542 pupilli
1404 1504 1532 1530 coram
1557 1491 1718 1529 testibus

269 1555 451 1594 confessa
479 1554 518 1591 in
550 1553 704 1591 tabulas
732 1553 879 1592 curavit
910 1554 1051 1590 inferri.
1115 1553 1353 1591 Mentionem
1391 1553 1538 1591 faciens
1575 1553 1719 1590 nullam

271 1629 417 1663 eorum,
437 1629 523 1667 quae
553 1615 762 1654 Stratocles
796 1615 949 1665 reliquit
979 1614 1149 1665 quidem,
1168 1614 1207 1652 hi
1235 1628 1323 1653 vero
1351 1614 1502 1666 [pupilli
1529 1622 1661 1660 mater,
1681 1619 1720 1652 et

271 1676 510 1716 adversarius
530 1689 639 1714 meus
659 1689 866 1727 eorumque
888 1676 1107 1728 consortes]
1131 1676 1274 1725 celant,
1289 1682 1438 1714 tantum
1459 1675 1497 1713 in
1515 1674 1719 1727 propatulo

270 1740 396 1791 posita
413 1751 669 1778 commemoro
688 1745 726 1777 et
745 1751 790 1777 ea
807 1751 892 1789 quae
908 1738 945 1775 hi
965 1738 1036 1789 ipsi
1055 1739 1297 1777 confitentur.
1329 1739 1417 1776 Cita
1434 1743 1477 1775 tu
1496 1737 1585 1775 mihi
1600 1743 1718 1775 testes

273 1814 295 1840 a
314 1815 373 1840 me
388 1802 589 1840 dictorum.

890 1879 1108 1919 TESTES.

274 1975 367 2013 Erat
385 1975 515 2026 itaque
537 1974 716 2013 Stratocli
737 1973 950 2012 substantia
968 1974 1051 2012 haec
1069 1985 1183 2024 quam
1205 1972 1297 2018 dixi,
1316 1978 1355 2010 et
1373 1972 1433 2010 vel
1453 1970 1612 2022 amplior
1626 1982 1721 2021 quo-

275 2050 350 2088 que
376 2044 493 2089 atque
522 2038 697 2089 spissior:
727 2036 866 2074 deinde
891 2049 980 2074 vero
1010 2035 1195 2073 nonnulla
1215 2035 1316 2072 furto
1344 2034 1526 2084 decerpta
1551 2039 1653 2077 sunt,
1673 2031 1721 2068 de

275 2098 413 2148 quibus
445 2098 560 2150 paulo
589 2105 678 2149 post
704 2097 937 2134 mentionem
970 2097 1122 2134 faciam.
1188 2095 1280 2132 Mea
1311 2107 1401 2132 vero
1433 2107 1494 2131 res
1525 2092 1719 2130 familiaris

275 2160 464 2211 quantula
484 2163 561 2198 est!
608 2159 770 2210 Agellus
791 2159 828 2196 in
852 2159 981 2196 OEnea
999 2157 1280 2208 quinquaginta
1299 2155 1524 2207 agellusque
1545 2153 1722 2204 Prospal-

275 2221 353 2259 tius
373 2220 529 2271 triginta
544 2227 583 2257 ct
601 2220 737 2257 domus
753 2221 791 2257 in
812 2221 902 2257 urbe
917 2219 1051 2270 viginti
1068 2219 1186 2256 minas
1203 2218 1348 2263 valens,
1361 2225 1442 2254 tum
1462 2215 1653 2253 hereditas
1670 2215 1718 2252 ab

277 2282 434 2333 Hagnia
446 2282 535 2319 mihi
555 2281 685 2318 relicta
701 2281 817 2318 duum
839 2281 1045 2318 admodum
1066 2281 1315 2323 talentorum3
1339 2292 1462 2329 neque
1481 2277 1581 2315 enim
1600 2277 1733 2315 norim,

277 2344 381 2382 unde
400 2343 580 2394 majorem
607 2342 858 2379 substantiam
879 2343 1085 2380 extuderit.
1143 2342 1301 2379 Summa
1325 2347 1385 2378 est
1409 2340 1481 2377 tria
1509 2338 1655 2376 talenta
1683 2344 1722 2376 et

277 2406 534 2458 quadraginta
553 2405 679 2450 minae,
699 2404 834 2442 decem
860 2404 956 2442 adeo
975 2412 1014 2442 et
1039 2411 1196 2443 centurn
1222 2404 1333 2441 minis
1359 2403 1480 2440 minor
1506 2415 1621 2453 quam
1649 2413 1720 2452 pu-

279 2467 360 2519 pilli
378 2480 437 2504 res
464 2465 658 2504 familiaris
684 2472 756 2504 est.
824 2465 872 2503 Et
894 2464 932 2502 in
958 2465 1016 2503 his
1037 2466 1129 2515 ipsis
1150 2466 1383 2516 complector
1402 2464 1500 2502 adeo
1521 2462 1721 2500 facultates

279 2529 344 2568 filii
364 2528 610 2580 emancipati;
638 2527 774 2578 pupilli
795 2533 922 2565 autem
945 2527 983 2564 in
1012 2528 1121 2565 bonis
1151 2527 1255 2565 haud
1284 2538 1442 2564 numero
1469 2523 1720 2562 substantiam

279 2590 556 2642 Theophonfis,
572 2589 650 2628 duo
677 2589 822 2627 talenta
851 2602 938 2627 cum
971 2589 1127 2627 dimidio
1146 2589 1351 2633 valentem,
1370 2598 1483 2637 quam
1508 2584 1722 2635 Theophon

280 2652 414 2704 pupilli
445 2652 576 2698 sorori,
597 2664 678 2690 suae
697 2665 744 2690 ex
762 2664 890 2690 sorore
915 2651 1035 2702 nepti,
1055 2664 1078 2689 a
1098 2664 1138 2688 se
1156 2663 1225 2702 pro
1244 2650 1322 2687 filia
1340 2648 1533 2699 adoptatae
1553 2646 1720 2697 legavit:

279 2727 382 2761 nam,
396 2714 427 2752 si
445 2716 547 2753 bona
564 2714 823 2765 Theophontis
844 2713 894 2752 ad
913 2714 979 2752 illa
997 2712 1200 2751 Stratoclis
1215 2711 1368 2763 propria
1388 2709 1595 2756 addantur,
1611 2708 1723 2747 facile

283 2776 497 2814 substantia
516 2768 814 2815 corrotundetur
829 2782 920 2815 octo
939 2775 1182 2821 talentorum,
1199 2787 1286 2825 quae
1315 2775 1474 2811 istorum
1495 2779 1574 2815 est;
1602 2784 1725 2822 quan-

282 2850 398 2888 quam
409 2838 601 2876 nonnullae
614 2838 810 2890 particulae
824 2837 915 2876 inde
928 2837 1120 2889 decerptae
1135 2841 1235 2874 sunt.
1266 2834 1458 2873 Praeterea
1473 2846 1555 2873 sors
1571 2831 1726 2884 quidem

283 2901 332 2938 ab
351 2900 507 2951 Hagnia
526 2901 618 2939 mihi
637 2901 769 2941 relicta
786 2907 892 2940 certa
911 2907 950 2940 et
967 2912 1100 2940 secura
1113 2912 1190 2939 non
1205 2905 1284 2944 est;
1305 2898 1475 2937 actiones
1490 2896 1589 2937 enim
1607 2895 1726 2934 salso-
