1870 3277
191 189 266 224 514
809 181 1042 220 GORGIAE

188 289 285 327 satio
305 287 413 332 fidei;
443 285 586 324 etenim
609 297 712 324 nunc
734 285 891 336 quidem
906 291 1042 323 neuter
1059 290 1229 322 nostrum
1252 289 1390 321 testem
1412 284 1534 321 ullum
1550 283 1657 322 citat.

189 350 269 388 Sed
290 349 454 387 fortasse
475 347 583 386 dices
605 359 729 386 rerum
757 348 817 395 (ut
836 347 891 383 vis
921 350 976 394 tu)
1006 352 1204 397 gestarum
1225 351 1344 383 testes
1376 357 1455 383 non
1483 358 1568 383 esse
1592 344 1658 382 tibi

188 411 455 457 adducendos,
468 410 558 448 mihi
578 423 655 448 non
672 415 869 460 gestarum
887 421 986 447 esse.
1019 408 1062 446 Id
1083 421 1173 446 vero
1192 408 1342 458 aequale
1359 421 1436 445 non
1452 414 1521 445 est.
1561 406 1659 450 Quae

187 473 289 510 enim
322 486 402 511 non
433 472 695 523 contigerunt,
716 471 801 522 quis
830 484 877 508 ea
896 470 1027 509 testari
1047 471 1169 521 possit
1189 483 1266 508 non
1286 469 1499 508 accidisse?
1528 475 1568 507 at
1596 482 1658 507 res

187 541 320 586 gestas
335 535 451 573 etiam
473 534 586 572 facile
608 540 669 571 est
694 532 917 570 testimonio
939 533 1205 583 comprobare,
1227 531 1370 569 nedum
1387 530 1464 569 hoc
1488 530 1568 568 fieri
1590 543 1656 567 ne-

186 602 326 648 queat:
357 608 477 646 quare
499 602 539 632 tu
559 607 637 632 non
658 601 777 632 testes
790 593 921 639 modo,
935 606 1066 631 verum
1084 593 1199 631 etiam
1218 592 1338 630 salsos
1356 598 1477 630 testes
1492 591 1658 642 reperire

186 657 327 709 possis,
348 670 423 707 ego
451 664 607 694 neutros
630 655 788 708 possim.
849 655 983 693 Doceo
1004 655 1132 706 igitur,
1154 667 1230 692 non
1251 653 1395 691 habere
1426 660 1464 691 te
1485 665 1573 704 quae
1587 653 1658 690 ob-

178 719 268 770 jicis
283 724 481 769 comperta
498 730 508 755 :
534 717 724 768 reliquum
741 723 802 755 est
821 723 864 755 ut
883 716 1002 754 utaris
1023 716 1264 768 conjectura,
1285 721 1494 766 postquam
1515 713 1655 752 verita-

184 788 263 819 tem
289 781 344 819 rei
369 779 541 830 ignoras.
628 779 731 830 Ergo
759 786 813 825 tu,
841 779 1013 816 omnium
1044 778 1245 816 hominum
1274 776 1547 821 audacissime,
1576 775 1661 813 sola

184 845 306 883 fretus
327 844 522 894 opinione,
541 855 582 880 re
601 841 871 886 incertissima,
894 854 966 879 nec
981 840 1180 878 veritatem
1201 852 1461 889 cognoscens,
1482 852 1570 877 eum
1592 852 1658 878 ca-

183 907 274 957 pitis
295 906 416 944 audes
434 916 614 942 accusare
635 916 750 953 quem
770 903 863 940 nihil
883 903 984 940 scias
998 901 1075 940 tale
1094 913 1267 951 unquam
1287 906 1546 951 perpetrasse.
1605 901 1658 938 At

183 967 364 1005 omnibus
389 971 451 1003 est
471 976 679 1003 commune
702 964 750 1000 de
771 977 810 1002 re
830 963 1006 1013 qualibet
1031 962 1192 1014 opinari,
1212 974 1285 999 nec
1304 961 1343 998 in
1365 974 1411 999 eo
1439 969 1479 999 tu
1500 961 1658 1012 reliquis

183 1041 225 1066 es
247 1027 417 1079 peritior.
477 1026 675 1062 Caeterum
705 1037 777 1062 nec
813 1023 1065 1074 opinantibus
1092 1036 1223 1061 verum
1254 1022 1465 1060 scientibus
1491 1030 1552 1061 est
1576 1035 1658 1061 cre-

182 1089 370 1134 dendum,
388 1099 460 1125 nec
481 1084 612 1137 opinio
631 1086 791 1124 veritate
812 1084 937 1136 potior
955 1083 1150 1131 habenda,
1166 1097 1298 1123 verum
1317 1090 1453 1122 contra
1474 1084 1656 1135 opinione

182 1152 336 1190 veritas.

236 1215 276 1250 5.
306 1212 398 1250 Jam
417 1212 456 1249 in
471 1211 720 1250 accusatione
740 1217 807 1249 tua
823 1211 901 1249 duo
921 1210 1028 1255 mihi,
1043 1222 1131 1261 quae
1147 1215 1240 1247 sunt
1259 1208 1426 1247 maxime
1447 1209 1651 1253 contraria,

179 1275 331 1321 tribuis,
352 1273 581 1325 sapientiam
595 1273 775 1312 videlicet
794 1280 834 1311 et
852 1273 1041 1311 insaniam
1057 1285 1066 1309 :
1096 1285 1182 1322 quae
1205 1284 1283 1310 non
1303 1278 1468 1322 possunt
1487 1270 1655 1308 eundem

179 1337 218 1374 in
239 1335 434 1375 hominem
456 1334 609 1373 cadere.
670 1335 770 1372 Cum
797 1334 898 1371 enim
921 1333 1104 1372 callidum
1128 1340 1168 1370 et
1190 1332 1424 1371 industrium
1445 1344 1505 1369 me
1525 1343 1657 1376 vocas,

182 1397 412 1449 sapientiam
433 1396 589 1436 tribuis:
619 1409 707 1435 cum
731 1395 923 1433 Graeciam
958 1394 1177 1446 prodidisse
1199 1394 1311 1440 dicis,
1339 1392 1538 1430 insaniam.
1598 1392 1657 1430 Si-

181 1460 339 1512 quidem
371 1459 523 1497 insania
546 1458 597 1496 sit
630 1472 695 1496 eas
715 1471 776 1496 res
796 1458 972 1509 aggredi,
994 1470 1083 1507 quae
1104 1456 1180 1494 sint
1201 1457 1306 1495 factu
1329 1455 1579 1501 difficillimae,
1600 1455 1658 1492 in-

181 1521 312 1566 utiles,
334 1526 480 1570 turpes,
502 1525 541 1557 et
562 1521 702 1570 quibus
722 1519 809 1569 quis
831 1526 913 1556 turn
937 1519 1071 1556 amicis
1097 1525 1254 1562 noceat,
1278 1527 1358 1555 tum
1378 1518 1554 1554 hostibus
1574 1529 1660 1568 pro-

181 1583 244 1627 sit,
278 1589 359 1619 tum
380 1581 498 1618 vitam
528 1594 636 1618 suam
660 1580 809 1631 probris
840 1586 878 1617 et
905 1579 1086 1630 periculis
1113 1585 1295 1630 exponat.
1354 1577 1454 1620 Quis
1477 1590 1569 1615 vero
1591 1578 1661 1615 tali

180 1643 316 1682 credat
335 1642 492 1687 oratori,
520 1642 585 1692 qui
615 1642 654 1679 in
683 1640 820 1678 eodem
848 1652 1025 1678 sermone
1052 1640 1101 1677 de
1131 1640 1269 1677 iisdem
1298 1639 1520 1677 hominibus
1551 1639 1656 1689 apud

180 1703 357 1749 eosdem,
376 1716 463 1753 quae
485 1710 576 1740 sunt
594 1701 787 1739 contraria
806 1700 1028 1752 plurimum,
1062 1700 1192 1738 dicat?
1235 1701 1363 1750 Atque
1393 1700 1467 1737 hoc
1492 1700 1657 1738 interro·

181 1779 273 1818 gare
294 1771 332 1804 te
351 1764 481 1809 velim,
501 1762 717 1814 prudentes
742 1776 792 1800 an
814 1762 955 1799 stultos
977 1760 1098 1799 ducas
1119 1773 1185 1798 eos
1207 1761 1273 1811 qui
1292 1760 1489 1811 sapientes
1511 1761 1659 1798 haben-

179 1836 255 1868 tur.
314 1828 356 1865 Si
375 1826 473 1865 enim
499 1825 655 1871 stultos,
685 1836 787 1862 vana
809 1831 848 1861 et
879 1823 977 1861 falsa
1005 1829 1065 1860 est
1097 1821 1239 1860 oratio:
1272 1821 1303 1859 si
1328 1822 1556 1873 prudentes,
1579 1836 1658 1860 non

179 1892 292 1930 decet
312 1902 379 1928 eos
395 1886 619 1939 gravissime
638 1898 802 1937 peccare
818 1898 891 1923 nec
908 1883 1011 1922 mala
1023 1884 1135 1922 bonis
1155 1883 1349 1934 praeferre.
1408 1884 1659 1935 Quapropter

179 1954 259 1993 sive
278 1951 431 2003 sapiens
451 1962 551 1995 sum,
573 1961 649 1987 non
666 1947 849 1999 peccavi:
873 1946 955 1984 sive
975 1945 1149 1997 peccavi,
1170 1958 1249 1984 non
1267 1957 1352 1983 sum
1369 1945 1540 1996 sapiens.
1599 1945 1658 1983 Ex

179 2027 259 2066 quo
275 2013 332 2058 fit,
353 2017 397 2050 ut
414 2017 580 2061 utroque
600 2008 718 2047 modo
739 2007 933 2046 mendacii
953 2007 1209 2046 convincaris.

235 2077 272 2113 6.
304 2075 354 2112 Et
373 2085 598 2125 quanquam
619 2071 742 2110 multa
760 2070 905 2122 possim
921 2083 1055 2108 rursus
1077 2069 1114 2107 in
1129 2076 1168 2107 te
1186 2081 1406 2121 magnaque
1426 2076 1507 2108 tum
1527 2074 1659 2108 vetera

180 2145 262 2176 tum
284 2149 386 2174 nova
416 2135 586 2186 culpare,
617 2146 696 2171 non
729 2140 860 2170 tamen
888 2132 1053 2174 faciam;
1086 2131 1276 2182 siquidem
1297 2144 1376 2169 non
1398 2138 1476 2169 tam
1497 2144 1565 2182 per
1590 2138 1658 2169 tua

179 2200 280 2238 vicia
299 2210 415 2249 quam
434 2210 502 2248 per
518 2208 625 2234 meas
643 2195 806 2234 virtutes
832 2194 909 2232 hoc
924 2193 1011 2232 volo
1031 2194 1177 2232 crimen
1197 2192 1357 2231 diluere.
1417 2195 1552 2243 Atque
1571 2193 1658 2231 haec

181 2261 338 2313 quidem
360 2259 412 2298 ad
431 2265 468 2296 te
489 2258 594 2296 dicta
614 2257 702 2295 sint.

235 2323 274 2358 7.
305 2319 368 2359 Ad
388 2332 456 2357 vos
472 2324 615 2362 autem,
628 2317 796 2369 judiceS,
817 2317 866 2355 de
885 2331 945 2355 me
959 2316 1133 2363 nonnihil
1155 2316 1242 2354 volo
1259 2316 1401 2361 dicere,
1423 2315 1557 2354 odiose
1575 2315 1660 2366 qui-

181 2384 284 2430 dem,
300 2381 370 2420 sed
391 2393 493 2427 vere,
515 2379 699 2431 quodque
719 2385 761 2416 ut
782 2378 822 2415 in
843 2384 1029 2416 accusato
1050 2378 1206 2416 tolerari
1225 2378 1362 2429 possit,
1380 2378 1434 2416 ita
1449 2390 1527 2415 non
1543 2390 1659 2416 accu-

181 2451 311 2484 satum
342 2455 420 2481 non
453 2441 605 2480 deceat.
662 2439 857 2483 Quoniam
884 2439 985 2476 enim
1015 2452 1119 2477 nunc
1150 2439 1361 2490 praeteritae
1380 2439 1468 2477 vitae
1490 2433 1659 2477 rationes

179 2506 287 2558 apud
307 2517 375 2544 vos
396 2503 534 2550 refer0‚
555 2515 603 2540 ne
629 2502 714 2553 quis
731 2506 900 2539 vestrum
921 2500 1158 2550 indignetur,
1179 2500 1210 2539 si
1238 2500 1333 2551 quid
1354 2513 1377 2538 a
1395 2513 1457 2538 me
1478 2499 1657 2551 praeclare

183 2578 338 2622 gestum
358 2579 606 2612 recensuero,
626 2571 734 2617 peto,
755 2577 889 2603 verum
909 2571 1137 2602 accusatum
1165 2563 1227 2602 vel
1253 2564 1353 2602 falsa
1381 2564 1430 2601 de
1459 2576 1499 2600 se
1519 2562 1660 2613 praedi-

181 2646 270 2671 care
290 2644 408 2683 posse
429 2629 637 2675 existimet,
657 2640 731 2678 ego
758 2634 887 2665 autem
918 2625 1024 2676 quod
1042 2638 1176 2663 verum
1196 2626 1245 2663 sit
1266 2626 1369 2677 apud
1388 2637 1457 2662 vos
1477 2624 1657 2662 conscios

180 2691 435 2732 libentissime
454 2703 672 2730 narravero.
707 2688 880 2727 Primum
895 2688 1013 2739 igitur
1035 2700 1081 2726 ac
1097 2687 1314 2726 secundum
1331 2686 1515 2737 quodque
1529 2685 1657 2723 habeo

181 2754 406 2800 maximum,
427 2760 485 2791 est
505 2753 584 2791 vita
602 2752 705 2802 prior
724 2751 772 2788 ab
793 2749 900 2788 initio
921 2749 970 2788 ad
996 2749 1112 2787 finem
1141 2761 1267 2798 usque
1286 2748 1366 2786 sine
1388 2747 1469 2785 ullo
1498 2747 1658 2785 crimine

184 2822 364 2869 peracta:
393 2827 466 2852 nec
487 2814 589 2852 enim
603 2812 807 2864 quisquam
826 2812 960 2850 vitium
980 2810 1101 2848 ullum
1121 2809 1246 2861 possit
1259 2823 1347 2848 vere
1364 2809 1456 2848 mihi
1477 2809 1657 2846 tribuere.

184 2880 286 2917 Nam
306 2890 380 2916 nec
400 2882 605 2915 accusator
632 2876 715 2926 ipse
745 2874 952 2925 quicquam
981 2885 1111 2910 eorum
1142 2885 1229 2922 quae
1251 2871 1349 2910 dixit
1369 2870 1656 2922 comprobavit:

183 2942 282 2982 adeo
302 2938 520 2981 convicium
540 2938 732 2977 duntaxat
749 2936 832 2976 sine
852 2936 1079 2988 probatione
1096 2947 1222 2974 sermo
1239 2934 1322 2986 ejus
1338 2933 1565 2985 complexus
1585 2938 1656 2969 est.
