1870 3277
519 179 590 216 DE
619 178 842 217 ClRONIS
876 176 1235 215 HEREDITATE.
1525 181 1597 217 387

156 273 181 317 e*
196 281 283 328 jure
309 278 406 316 civili
426 285 464 317 et
483 279 700 331 diligentius
721 279 846 317 adhuc
866 277 1027 315 docebo.
1085 277 1185 314 Nam
1206 280 1235 316 si
1255 292 1338 318 mea
1358 286 1491 325 mater,
1510 294 1598 330 quae

157 339 307 379 Cironis
327 346 384 378 est
410 341 499 385 filia,
521 341 558 378 in
584 341 677 378 vivis
709 340 833 377 adhuc
864 344 1095 388 superesset,
1115 344 1154 375 et
1181 339 1297 377 Ciron
1324 340 1516 379 decedens
1547 342 1596 382 de

158 401 368 438 hereditate
397 414 465 438 sua
491 401 584 438 nihil
609 400 883 443 constituisset,
905 405 943 435 et
967 398 1027 435 hic
1053 399 1311 449 [competitor]
1338 401 1367 437 is
1386 414 1462 438 non
1482 409 1597 448 esset,

157 463 222 512 qui
243 469 313 506 est,
331 462 477 499 Cironis
493 475 512 499 e
529 474 658 499 sorore
678 473 810 511 nepos,
827 459 892 496 sed
914 466 1029 503 esset,
1047 459 1109 509 qui
1125 472 1199 496 non
1216 467 1287 503 est,
1305 461 1454 499 Cironis
1471 463 1597 509 frater,

157 523 253 560 foret
271 523 423 572 quidem
442 535 558 573 penes
579 535 663 558 eum
686 521 718 558 si
738 519 850 557 vellet
869 519 1061 556 mulierem
1082 519 1214 569 [filiam
1232 520 1402 570 Cironis]
1422 522 1455 558 in
1474 524 1599 561 matri-

156 583 284 621 monio
302 584 464 626 habere;
497 590 535 620 at
553 595 629 619 non
648 581 734 618 ideo
753 587 878 617 tamen
899 580 1086 616 bonorum
1108 579 1259 617 Cironis
1280 581 1376 618 foret
1400 581 1465 619 ille
1492 595 1596 628 com-

156 658 241 696 pos,
263 645 329 682 sed
352 645 458 682 liberi
479 657 523 682 ex
544 644 627 694 ipso
655 650 693 680 et
718 641 796 678 filia
817 641 965 679 Cironis
993 641 1086 686 nati,
1105 649 1357 692 posteaquam
1384 644 1596 681 secundum

155 720 178 744 a
197 709 395 758 pubertate
415 720 554 744 annum
576 704 853 743 excessissent:
884 704 938 740 sic
964 703 1062 740 enim
1090 704 1197 754 leges
1225 705 1392 743 edicunt.
1448 707 1596 750 Quodsi

155 782 246 818 ergo
265 769 325 805 hic
345 769 478 818 [frater
494 766 774 805 commentitius
791 765 942 802 Cironis
960 765 987 801 si
1004 765 1121 813 esset]
1142 765 1297 804 muliere
1317 766 1443 804 adhuc
1463 781 1596 818 super·

155 830 241 866 stite
266 829 409 879 potitus
431 827 582 866 Cironis
606 827 714 865 bonis
737 840 811 863 non
833 826 980 871 fuisset,
1001 826 1151 863 tametsi
1172 827 1287 864 filiam
1308 828 1389 878 ejus
1411 828 1447 865 in
1468 830 1595 867 matri-

152 891 321 927 monium
350 890 537 936 duxisset‚
566 889 634 927 sed
667 889 772 926 liberi
798 889 882 939 ejus
916 901 963 925 ex
993 887 1058 925 illa
1082 888 1238 927 muliere
1270 890 1363 935 nati,
1391 898 1500 942 paret
1530 891 1597 930 illa

153 951 311 989 muliere
331 952 424 989 vivis
453 957 629 1002 exempta
653 963 728 988 non
756 950 806 987 illi
832 949 1086 1000 [competitori
1105 949 1208 999 meo]
1237 951 1395 1002 ejusque
1415 952 1594 992 fratribus

153 1020 369 1064 competere
392 1013 454 1064 jus
484 1012 704 1051 hereditatis
730 1011 905 1049 Cironeoe
935 1009 1140 1057 adeundae,
1166 1012 1232 1050 sed
1268 1014 1379 1051 nobis
1405 1027 1502 1064 quos
1530 1015 1596 1053 illa

152 1073 291 1112 liberos
312 1074 479 1125 reliquit.

209 1137 270 1173 11.
300 1137 441 1174 Verum
462 1150 537 1175 non
557 1150 603 1174 ex
620 1137 692 1175 hac
714 1137 796 1175 sola
813 1137 897 1188 lege
918 1137 955 1176 id
976 1137 1172 1184 elucescit,
1193 1136 1259 1175 sed
1281 1151 1326 1176 ex
1347 1136 1420 1176 alia
1442 1152 1593 1191 quoque

151 1196 252 1235 idem
288 1198 494 1249 colligitur,
524 1198 602 1244 illa,
632 1199 804 1249 inquam,
833 1213 920 1250 quae
952 1193 1088 1251 poenas‘
1118 1200 1241 1237 sancit
1272 1200 1311 1237 in
1348 1201 1499 1247 liberos,
1529 1203 1593 1253 qui

149 1266 323 1309 parentes
345 1260 456 1306 male,
475 1260 630 1305 duriter,
651 1261 939 1308 contumeliose,
961 1269 999 1300 et
1021 1262 1227 1300 crudeliter
1252 1268 1431 1300 tractant.
1487 1264 1593 1303 Avus

149 1321 250 1358 enim
283 1322 315 1358 si
348 1321 475 1359 adhuc
506 1328 739 1372 superesset,
773 1323 810 1359 in
846 1323 956 1361 rebus
991 1323 1172 1368 adversis,
1202 1323 1475 1361 necessitatum
1504 1325 1592 1363 vitae

148 1395 280 1433 egens,
301 1397 378 1422 non
403 1385 462 1422 hic
487 1384 561 1421 hoc
586 1396 606 1421 e
632 1383 741 1420 titulo
769 1391 967 1434 parentum
997 1384 1166 1434 indignis
1196 1384 1318 1422 modis
1348 1394 1592 1437 acceptorum

148 1445 248 1482 foret
272 1445 509 1490 incusabilis‚
534 1444 601 1482 sed
628 1457 698 1482 nos
727 1457 915 1483 essemus.
985 1446 1116 1483 Sancit
1144 1445 1245 1482 enim
1274 1445 1336 1482 lex
1365 1454 1545 1496 parentes
1572 1462 1594 1487 a

148 1504 275 1543 liberis
302 1505 462 1543 alendos
488 1518 595 1548 esse;
629 1511 718 1543 sunt
744 1515 871 1543 autem
898 1513 1076 1556 parentes
1104 1513 1211 1556 pater
1233 1513 1272 1543 et
1296 1514 1418 1545 mater
1439 1515 1477 1546 et
1497 1522 1591 1548 avus

146 1581 234 1605 cum
254 1568 338 1606 avia
355 1575 394 1605 et
411 1567 546 1605 horum
565 1567 654 1604 item
676 1573 784 1617 pater
804 1574 919 1617 atque
939 1574 1074 1614 mater,
1089 1568 1120 1605 si
1141 1567 1362 1605 adhucdum
1379 1571 1591 1621 supersint:

145 1628 183 1665 hi
197 1629 297 1666 enim
311 1636 401 1667 sunt
414 1628 641 1680 principium
655 1628 797 1678 stirpis,
809 1635 847 1665 et
861 1641 990 1666 eorum
1007 1628 1108 1666 bona
1119 1629 1247 1667 liberis
1262 1637 1376 1680 atque
1390 1633 1591 1682 nepotibus

146 1702 169 1727 a
194 1690 341 1740 legibus
368 1690 684 1732 contribuuntur;
715 1689 786 1726 hac
815 1689 862 1727 de
888 1702 1006 1727 causa
1032 1691 1249 1728 necessario
1268 1704 1423 1741 quoque
1444 1693 1516 1731 illis
1535 1694 1591 1731 in-

147 1751 290 1789 cumbit
313 1764 405 1789 cura
431 1764 497 1789 eos
525 1750 666 1796 alendi,
686 1750 834 1788 etiamsi
861 1750 899 1787 in
924 1751 1169 1789 facultatibus
1188 1764 1344 1802 prorsus
1364 1753 1457 1790 nihil
1477 1754 1591 1793 relin-

148 1819 279 1864 quant.
312 1834 315 1835 ν
336 1813 411 1857 Qui
434 1813 548 1863 igitur
566 1825 718 1863 aequum
739 1812 799 1857 sit,
820 1824 885 1849 eos
906 1820 1082 1862 parentes
1103 1813 1132 1849 si
1153 1813 1428 1863 neglexerimus
1449 1815 1550 1855 alere
1569 1830 1592 1855 a

147 1875 285 1925 quibus
310 1875 537 1913 facultatum
562 1873 655 1911 nihil
675 1873 725 1910 ad
745 1886 812 1911 nos
831 1874 1061 1924 pervenerit,
1082 1873 1168 1912 ideo
1187 1886 1257 1912 nos
1277 1875 1488 1925 culpabiles
1509 1878 1590 1915 ani-

146 1938 273 1987 mique
293 1950 383 1988 erga
400 1945 577 1988 parentes
597 1935 734 1986 ingrati
755 1942 867 1986 atque
886 1936 1118 1974 immemoris
1137 1949 1221 1974 reos
1245 1936 1347 1980 fieri;
1379 1937 1437 1974 sin
1463 1946 1590 1978 autem

145 1999 248 2036 bona
266 1998 503 2049 reliquerint,
524 1998 673 2035 illorum
693 1998 878 2035 bonorum
899 1997 1077 2035 heredem
1097 1998 1199 2036 hunc
1219 2010 1302 2035 esse
1321 1998 1376 2048 [in
1395 2012 1470 2049 quo
1491 2002 1590 2040 actio

147 2060 184 2097 in
212 2059 351 2098 liberos
382 2061 551 2110 ingratos
579 2059 692 2110 plane
719 2058 865 2096 nullum
893 2059 1021 2097 locum
1050 2059 1197 2109 habet]‚
1224 2072 1294 2098 nos
1323 2060 1475 2100 excludi
1508 2064 1590 2114 [qui

145 2121 242 2172 legis
262 2120 373 2168 hujus
393 2121 516 2172 poenis
535 2121 688 2158 obnoxii
709 2120 870 2169 simus]?
927 2121 1197 2172 Nequaquam.

205 2183 267 2220 12.
297 2182 607 2231 Juvat‚judices‚
628 2182 674 2220 ad
697 2182 857 2232 gradum
879 2182 1222 2233 consanguinitatis
1243 2196 1374 2229 unum,
1394 2185 1462 2223 sed
1482 2184 1591 2224 illum

145 2244 368 2295 principem,
389 2251 514 2282 mente
535 2250 573 2282 et
590 2243 761 2282 oratione
781 2244 962 2282 accedere
983 2257 1070 2282 cum
1090 2257 1212 2296 eoque
1234 2245 1436 2283 articulum
1456 2260 1590 2297 quern-

146 2318 219 2355 que
247 2305 373 2356 stirpis
399 2305 557 2343 seorsim
583 2305 771 2350 conferre,
792 2313 830 2342 et
851 2305 1058 2344 identidem
1079 2318 1145 2343 vos
1173 2305 1419 2357 interrogare,
1439 2314 1523 2345 uter
1541 2309 1591 2347 sit

145 2379 169 2403 a
200 2366 383 2404 defuncto
415 2366 567 2417 propior
586 2372 630 2404 et
655 2366 875 2404 hereditatis
898 2367 985 2418 jure
1012 2367 1148 2418 potior,
1175 2381 1220 2405 an
1249 2368 1466 2418 quicunque
1492 2369 1592 2407 intra

148 2440 268 2478 genus
296 2433 334 2464 et
357 2427 503 2477 prolem
531 2427 703 2465 defuncti
732 2435 804 2473 est,
826 2429 976 2466 tametsi
1006 2429 1125 2480 gradu
1152 2429 1322 2480 quamvis
1354 2437 1514 2476 remoto,
1540 2443 1589 2469 au

145 2489 207 2527 ille
238 2489 301 2540 qui
329 2488 367 2526 in
396 2501 554 2526 numero
584 2490 956 2540 consanguineorum
985 2490 1109 2528 locum
1135 2491 1194 2527 vel
1224 2491 1432 2541 principem
1460 2499 1588 2531 tenet:

145 2550 198 2587 sic
227 2551 325 2587 enim
354 2550 533 2588 facillimo
563 2551 716 2601 negotio
751 2551 981 2602 intelligetis.
1038 2553 1071 2588 A
1099 2552 1238 2588 Cirone
1267 2551 1394 2601 quoad
1427 2552 1589 2602 gradum

146 2611 491 2662 consanguinitatis
520 2618 604 2649 uter
628 2613 781 2663 propius
809 2613 931 2658 abest,
951 2613 1026 2649 filia
1051 2625 1097 2649 an
1118 2611 1260 2649 frater?
1319 2612 1413 2650 Filia
1433 2613 1588 2665 utique:

145 2685 232 2709 nam
260 2686 302 2709 ex
328 2673 411 2723 ipso
437 2682 528 2710 nata
555 2679 614 2711 est
633 2674 785 2719 Cirone,
803 2673 920 2711 frater
945 2681 1071 2711 autem
1092 2673 1332 2711 solummodo
1350 2687 1428 2710 cum
1449 2674 1589 2714 Cir-one

146 2740 258 2771 natus
287 2739 358 2771 est.
414 2734 465 2771 At
493 2734 580 2771 filiae
607 2734 715 2773 liberi
741 2735 954 2786 propriores
981 2747 1028 2771 ne
1057 2741 1160 2779 sunt,
1190 2747 1237 2772 an
1264 2734 1408 2772 frater?
1464 2736 1588 2775 Liberi

144 2797 231 2835 filiae
244 2796 395 2846 utique:
415 2804 505 2834 sunt
517 2797 616 2835 enim
630 2811 758 2848 genus,
770 2798 827 2835 vel
844 2797 986 2848 proles,
1002 2810 1078 2835 non
1095 2797 1274 2847 cognatio.
1332 2797 1479 2841 Quodsi
1496 2812 1588 2850 ergo

144 2859 259 2895 fratre
289 2869 420 2894 sumus
450 2858 630 2907 potiores,
650 2866 794 2909 quanto
820 2859 925 2896 hunc
953 2859 1075 2909 magis
1104 2859 1392 2905 antecedamus,
1417 2860 1481 2910 qui
1510 2873 1586 2898 non

147 2920 260 2957 frater
281 2918 348 2955 sed
371 2918 511 2956 sororis
537 2918 636 2956 filius
662 2920 749 2957 est?
804 2920 949 2957 Verum·
965 2932 1108 2965 vereor,
1129 2933 1176 2957 ne
1195 2920 1305 2958 nimis
1326 2920 1483 2971 protrita
1503 2934 1589 2971 pro-
