1870 3277
270 168 345 219 39¹4
942 163 1056 200 isffit

272 276 348 308 set:
381 265 451 303 hoc
480 266 577 302 enim
605 266 705 303 facto
737 268 918 310 futurum,
941 267 1018 304 sive
1045 267 1130 316 quis
1160 278 1206 302 ex
1233 264 1343 302 titulo
1372 264 1716 312 consanguinitatis

272 327 350 364 sive
372 339 418 363 ex
439 326 550 364 titulo
571 327 687 376 legati
707 327 956 364 hereditatem
975 328 1057 378 ejus
1078 334 1238 378 peteret,
1254 333 1294 363 ut
1313 326 1357 368 is,
1374 325 1405 362 si
1419 327 1482 374 jus
1496 326 1716 362 ementitum

274 386 538 438 praetenderet,
553 388 634 425 salsi
657 401 769 438 quam
792 389 968 426 facillime
989 389 1292 425 convinceretur.
1324 387 1438 436 Atqui
1455 393 1607 423 constat
1625 387 1719 422 inter

271 465 404 489 omnes
422 452 662 503 Astypliilum
682 453 814 489 borum
831 453 998 489 omnium
1014 453 1106 489 nibil
1126 453 1263 502 egisse,
1277 464 1398 501 neque
1414 451 1618 488 amicorum
1638 450 1720 486 illo-

274 527 370 557 rum,
384 527 479 563 quos
497 514 609 550 modo
626 515 797 551 dicebam
817 515 1000 551 similibus
1021 515 1055 551 in
1073 515 1235 561 negotiis
1258 513 1303 550 ad
1326 512 1496 549 dandum
1517 512 1718 564 consilium

274 582 389 625 atque
411 575 459 611 ad
481 575 701 614 testandum
722 576 913 619 advocari,
933 575 1048 612 ullum
1080 575 1313 615 adhibuisse,
1335 587 1419 610 cum
1449 580 1719 610 testamentum

273 635 367 672 illud
389 636 493 685 quod
524 635 560 671 hi
585 636 736 686 jactant
758 637 952 679 scriberet,
974 636 1043 672 nisi
1064 636 1146 685 quis
1167 636 1322 671 forsitan
1345 635 1390 671 ab
1410 633 1467 670 his
1488 634 1719 670 subornatus

274 704 313 735 et
332 697 505 734 mercede
527 697 730 735 obstrictus
751 699 826 735 aiat
845 712 886 735 se
906 699 1073 736 affuisse.
1133 699 1215 747 Ego
1232 711 1319 734 vero
1341 705 1488 738 contra,
1504 708 1601 746 quos
1623 699 1723 743 ejus-

275 759 375 796 modi
402 760 515 795 rebus
537 766 651 809 atque
673 760 905 809 temporibus
927 760 1065 797 adesse
1085 760 1163 796 dixi
1183 759 1302 796 solere
1321 766 1437 808 atque
1459 757 1613 800 debere,
1638 756 1721 793 illos

274 832 410 857 omnes
431 820 639 870 producam
659 821 708 858 ad
728 834 809 866 vos,
824 821 990 871 judices,
1008 820 1223 858 testimonio
1243 832 1312 856 suo
1328 818 1618 856 confirmaturos
1634 829 1721 867 quae

275 880 352 919 dixi
373 894 460 918 vera
479 894 563 919 esse
577 881 722 919 omnia.

895 976 1111 1013 TESTES.

330 1067 368 1103 4.
399 1064 572 1102 Forsitan
605 1064 718 1114 igitur
749 1064 869 1101 Cleon
899 1065 1056 1115 negabit
1086 1077 1239 1115 aequum
1267 1077 1366 1106 esse,
1389 1069 1432 1100 ut
1452 1061 1584 1100 sinatis
1604 1073 1724 1111 penes

276 1138 344 1163 vos
363 1126 486 1163 ullum
506 1126 631 1163 locum
654 1132 720 1162 aut
741 1125 905 1162 valorem
927 1138 1012 1174 esse
1029 1125 1261 1176 argumentis
1282 1138 1304 1161 a
1324 1124 1473 1162 silentio
1493 1122 1637 1160 ductis:
1661 1122 1725 1160 de-

276 1189 426 1240 rogabit
445 1188 711 1227 auctoritatem
740 1201 891 1226 omnem
920 1189 1081 1226 testibus
1114 1188 1341 1238 negantibus
1371 1187 1439 1224 sibi
1471 1193 1646 1224 constare
1677 1186 1724 1222 ab

278 1251 489 1302 Astypbilo
510 1250 691 1301 scriptum
712 1263 879 1300 unquam
900 1250 1016 1288 fuisse
1033 1258 1318 1288 testamentum.
1377 1249 1462 1299 Ego
1482 1261 1572 1285 vero
1592 1254 1727 1284 contra

275 1325 416 1350 censeo
443 1313 481 1349 in
513 1311 700 1363 ejusmodi
732 1324 865 1355 causa,
894 1313 958 1349 ubi
991 1320 1185 1362 quaeratur
1214 1310 1459 1361 scripseritne
1495 1308 1724 1359 Astyphilus

277 1381 550 1411 testamentum
578 1385 712 1416 necne,
734 1379 772 1409 et
801 1372 969 1409 filiumne
999 1373 1068 1409 sibi
1091 1372 1284 1422 adoptarit
1311 1383 1446 1416 necne,
1465 1369 1725 1407 testimonium

277 1441 494 1471 nostrorum
526 1434 694 1477 testium,
714 1432 777 1483 qui
801 1440 888 1470 sunt
907 1433 1102 1484 Astypbili
1129 1433 1333 1471 necessarii
1359 1440 1475 1482 atque
1508 1430 1728 1473 familiares,

276 1496 497 1545 negantium
521 1508 560 1532 se
583 1501 722 1544 praesto
743 1494 861 1532 fuisse
882 1494 1088 1545 Astyphilo
1109 1507 1187 1530 rem
1215 1495 1351 1531 summi
1374 1492 1556 1530 momenti
1585 1491 1729 1541 agenti,

277 1557 399 1594 multo
418 1556 583 1593 validius
604 1569 688 1592 esse
709 1555 849 1593 debere
879 1568 996 1605 quam
1026 1555 1289 1592 testimonium
1322 1553 1518 1590 hominum
1540 1552 1645 1589 nulla
1664 1565 1730 1589 ne-

279 1618 513 1656 cessitudine
540 1630 629 1655 cum
660 1616 864 1667 Astyphilo
895 1616 1203 1666 conjunctorum,
1234 1615 1387 1652 tametsi
1418 1615 1523 1651 aiant
1549 1627 1588 1650 se
1617 1612 1731 1649 inter-

280 1679 408 1716 fuisse.
443 1678 494 1715 Et
514 1678 638 1727 ipsum
652 1677 750 1714 adeo
767 1690 919 1727 quoque
936 1677 1119 1715 Cleonem
1134 1677 1310 1720 decebat,
1324 1688 1346 1711 o
1359 1673 1730 1726 judices‚hominem

280 1740 452 1778 stultitiae
475 1739 573 1776 fama
590 1738 761 1789 profecto
781 1752 855 1775 non
873 1739 1125 1783 laborantem,
1138 1751 1223 1774 cum
1241 1738 1356 1774 filium
1373 1737 1491 1787 ipsius
1510 1735 1731 1786 Astyphilus

281 1801 508 1851 adoptatum
529 1801 688 1851 ejusque
711 1801 763 1837 rei
783 1813 898 1837 causa
925 1807 1195 1837 testamentum
1228 1800 1409 1849 scriptum
1440 1798 1524 1839 iret,
1542 1804 1733 1847 quotquot

282 1870 417 1900 nosset
436 1861 629 1913 Astypbili
663 1862 971 1911 consanguineos
1007 1862 1042 1898 in
1077 1861 1170 1898 urbe
1199 1868 1277 1897 tum
1312 1866 1539 1910 praesentes,
1567 1865 1606 1896 et
1638 1858 1731 1895 alios

283 1937 529 1974 quoscunque
561 1922 638 1959 ullo
666 1922 778 1960 modo
799 1923 858 1959 vel
889 1922 1021 1960 leviter
1052 1929 1197 1959 tantum
1227 1920 1435 1972 Astyphilo
1466 1928 1579 1958 notos
1611 1930 1733 1969 eoque

281 1998 388 2028 usos,
409 1998 475 2022 eos
495 1997 627 2021 omnes
643 1983 842 2029 advocare,
864 1996 940 2033 quo
961 1983 1062 2019 actui
1084 1982 1134 2019 illi
1154 1982 1395 2020 interessent.
1438 1981 1537 2018 Nam
1559 1980 1732 2031 profecto

283 2060 397 2084 nemo
419 2046 607 2096 potuisset
626 2044 873 2095 Astyphilum
892 2044 1073 2095 impedire
1094 2056 1218 2094 neque
1235 2043 1393 2080 retinere
1409 2042 1611 2092 quominus
1633 2041 1735 2079 face-

282 2109 393 2153 ret,si
409 2108 469 2145 cui
485 2108 668 2145 voluisset
683 2109 783 2144 bona
797 2120 867 2144 sua
888 2107 990 2144 dono
1006 2107 1116 2150 dare;
1137 2114 1174 2143 et
1196 2105 1329 2143 Cleoni
1350 2105 1510 2142 multum
1528 2104 1734 2155 profuisset

283 2167 355 2206 hoc
376 2176 659 2218 argumentum,
681 2169 728 2205 ab
749 2167 952 2219 Astyphilo
973 2175 1245 2205 testamentum
1273 2166 1367 2203 illud
1395 2165 1493 2203 clam
1515 2179 1590 2204 non
1612 2164 1732 2201 fuisse

284 2230 480 2280 scriptum.
534 2229 728 2267 Praeterea
748 2242 916 2280 quoque,
930 2228 1094 2280 judices,
1111 2229 1141 2266 si
1156 2228 1382 2279 Astyphilus
1400 2227 1600 2266 consilium
1623 2239 1734 2263 suum

284 2291 332 2329 de
353 2292 509 2329 Cleonis
529 2291 605 2328 filio
627 2291 696 2328 sibi
728 2291 948 2342 adoptando
980 2298 1018 2328 et
1046 2291 1094 2328 de
1126 2297 1358 2328 testamento
1386 2288 1588 2326 scribendo
1608 2287 1736 2325 celare

285 2365 417 2391 omnes
437 2352 592 2391 omnino
613 2351 812 2394 voluisset,
827 2359 1128 2390 consentaneum
1149 2358 1230 2389 erat
1249 2351 1322 2387 illis
1348 2351 1386 2387 in
1413 2350 1553 2388 tabulis
1580 2361 1734 2400 prorsus

285 2415 475 2452 neminem
499 2420 634 2451 testem
663 2413 795 2451 scribi:
828 2413 930 2464 quod
952 2414 981 2450 si
1011 2421 1139 2450 autem
1165 2419 1286 2450 testes
1316 2412 1590 2462 subscripsere,
1613 2422 1735 2460 eoque

285 2483 441 2515 constat
462 2482 735 2514 testamentum
755 2487 880 2513 coram
901 2475 1064 2512 testibus
1084 2475 1264 2525 scriptum
1286 2487 1386 2518 esse,
1409 2473 1476 2511 sed
1497 2473 1556 2518 iis,
1574 2485 1651 2509 non
1672 2471 1736 2521 qui

291 2538 497 2590 Astypbilo
526 2537 760 2578 familiariter
790 2537 847 2574 usi
875 2542 979 2581 sunt,
999 2535 1068 2573 sed
1099 2537 1218 2574 obviis
1245 2536 1461 2585 quibusque
1488 2541 1527 2571 et
1553 2534 1602 2570 de
1628 2532 1738 2569 trivio

286 2599 484 2650 correptis,
498 2599 562 2649 qui
576 2611 730 2648 aequum
752 2598 800 2634 sit
819 2597 1033 2635 existimare
1053 2602 1322 2634 testamentum
1342 2594 1436 2631 illud
1448 2607 1535 2632 vere
1555 2594 1737 2643 scriptum

291 2661 337 2697 ab
358 2659 561 2710 Astyphilo
591 2658 733 2696 fuisse?
791 2658 892 2695 Nam
921 2669 993 2707 ego
1020 2655 1195 2706 equidem
1221 2668 1300 2693 non
1328 2661 1486 2692 autumo
1504 2666 1738 2704 quemquam

288 2733 386 2765 esse,
408 2721 472 2771 qui
491 2720 625 2758 volens
646 2719 766 2757 filium
797 2718 868 2757 sibi
896 2717 1112 2755 adsciscere
1139 2716 1194 2754 ita
1219 2714 1441 2753 inconsulto
1461 2721 1562 2764 agat,
1581 2721 1624 2751 ut
1643 2713 1738 2751 alios

287 2781 341 2818 illi
360 2782 461 2819 actui
480 2788 601 2819 testes
621 2788 660 2819 et
679 2786 857 2818 auctores
877 2779 1052 2823 advocet,
1072 2790 1186 2828 quam
1205 2776 1294 2814 illos
1314 2776 1432 2826 ipsos,
1450 2787 1546 2825 quos
1571 2787 1670 2825 pone
1697 2787 1738 2811 se

287 2843 487 2881 relicturus
506 2845 554 2881 sit
572 2854 844 2892 sacrorumque
863 2838 1260 2890 civiliumquejurium
1282 2837 1420 2887 quibus
1437 2837 1520 2887 ipse
1537 2836 1626 2873 olim
1646 2847 1739 2872 usus

288 2904 338 2941 sit
358 2903 415 2941 sui
436 2903 522 2941 loco
544 2903 766 2954 participes.>
819 2901 958 2952 Neque
982 2899 1118 2952 pudori
1142 2898 1258 2936 debet
1278 2898 1479 2948 quisquam
1497 2896 1567 2934 sibi
1588 2895 1740 2939 ducere,
