1870 3277
482 176 553 214 DE
582 176 905 214 NICOSTRATI
937 174 1295 212 HEREDITATE.
1530 172 1600 209 341

174 280 382 318 Chariades'
406 280 539 318 horum
570 278 736 318 omnium
765 278 857 317 nihil
884 277 990 323 fecit,
1011 277 1217 315 facultates
1248 277 1455 314 Nicostrati
1481 283 1608 314 tamen

173 341 474 379 administravit?
503 342 620 392 Atqui
639 341 698 378 vel
718 341 753 377 in
774 340 858 377 haec
877 340 994 376 testes
1015 338 1204 383 dedimus,
1219 344 1257 375 et
1275 338 1407 375 horum
1428 338 1609 388 pleraque

174 417 223 442 ne
240 403 322 454 ipse
342 404 494 453 quidem
516 403 715 441 infitiatur:
745 402 814 439 sed
833 407 1041 452 praetextus
1062 400 1191 437 nescio
1211 412 1321 449 quos,
1337 399 1366 435 si
1389 400 1447 436 dis
1469 401 1609 451 placet,

174 465 407 503 necessarios
421 466 505 516 ipse
517 465 586 502 sibi
600 470 836 501 commentus
851 462 1007 513 profert,
1022 462 1125 499 facto
1137 461 1273 511 cuique
1290 473 1358 498 suo
1371 461 1609 503 excusando;

174 526 307 577 ecquid
341 527 437 564 enim
470 527 653 576 reliquum
684 524 788 574 quod
817 523 1044 574 obloquatur
1073 523 1105 560 ei
1135 529 1206 568 est,
1226 521 1290 573 qui
1318 520 1465 558 disertis
1487 523 1610 559 verbis

174 589 317 625 crimen
337 587 525 626 fateatur?

229 650 265 686 6.
297 649 453 686 Tenetis
467 648 547 699 jam
569 660 660 692 rem,
677 646 842 698 judices,
862 647 1029 696 certique
1050 644 1155 690 estis,
1177 645 1270 682 istos
1291 643 1499 681 Nicostrati
1512 643 1613 680 bona

176 723 250 748 non
271 710 415 748 fiducia
430 710 539 746 bonae
559 722 686 747 causae
706 721 830 759 neque
855 709 941 759 jure
961 715 1066 746 certo
1095 707 1213 744 fretos
1240 712 1432 757 appetere,
1453 704 1520 742 sed
1539 704 1613 742 hoc

175 784 289 822 agere
309 779 352 808 ut
370 784 453 807 cum
475 783 543 807 vos
562 770 768 821 decipiant,
786 776 866 807 tum
886 769 956 807 hos
977 771 1154 820 [quorum
1175 781 1247 818 ego
1267 780 1421 805 causam
1441 766 1531 817 ago]
1549 766 1614 816 qui

178 831 384 869 Nicostrati
405 831 556 881 cognati
577 837 679 875 sunt,
698 838 735 868 et
756 831 895 881 quibus
914 830 1019 881 leges
1040 831 1142 867 bona
1160 829 1242 879 ejus
1263 828 1521 873 contribuunt,
1541 827 1614 865 illis

177 900 359 931 evertant.
381 892 521 930 Verum
536 905 611 929 non
628 892 837 930 Chariades
853 891 958 929 solus
973 891 1010 928 id
1024 892 1115 942 agit,
1128 890 1194 928 sed
1206 890 1267 928 alii
1279 902 1431 940 quoque
1446 889 1618 940 compluu

177 967 236 991 res
250 967 381 991 eorum
393 953 457 1004 qui
469 960 577 991 extra
589 953 770 991 ditionem
781 954 948 991 Atticam
964 953 1134 991 defuncti
1155 959 1256 998 sunt,
1271 952 1333 1002 qui
1350 951 1433 988 illos
1446 964 1493 988 ne
1506 957 1616 988 natos

178 1014 330 1065 quidem
350 1021 518 1058 nossent,
538 1027 666 1052 eorum
688 1014 840 1065 inquam
861 1013 1089 1051 hereditates
1109 1013 1147 1050 in
1169 1013 1256 1064 jure
1276 1012 1481 1063 petierunt:
1510 1013 1617 1062 cogi-

175 1083 260 1113 tant
277 1075 376 1114 enim
397 1088 528 1113 secum
548 1075 599 1113 illi
621 1075 688 1120 sic,
709 1076 788 1112 sive
808 1074 945 1125 cupitis
965 1088 1010 1113 ex
1032 1075 1144 1112 animi
1166 1074 1224 1112 sui
1253 1074 1443 1112 sententia
1466 1074 1617 1125 potian-

178 1144 251 1182 tur,
268 1150 309 1175 se
328 1137 429 1175 bona
448 1136 571 1174 aliena
590 1137 713 1187 [nullo
740 1150 809 1174 suo
839 1137 977 1174 sudore
1002 1136 1127 1186 parta]
1157 1149 1240 1173 esse
1270 1136 1477 1181 habituros,
1499 1136 1576 1173 sive
1598 1148 1620 1172 a

179 1203 246 1248 sp'e
274 1204 389 1248 atque
408 1198 661 1236 destinatione
681 1211 750 1236 sua
771 1200 959 1244 aberrent,
980 1198 1063 1236 leve
1090 1206 1212 1236 tamen
1235 1206 1273 1237 et
1290 1199 1468 1250 exiguum
1489 1199 1620 1237 discri-

182 1272 268 1297 men
289 1260 433 1297 adisse:
465 1272 550 1297 esse
577 1273 730 1310 quoque
755 1261 818 1310 qui
839 1261 1006 1311 linguam
1027 1260 1200 1297 venalem
1221 1261 1270 1298 ad
1290 1261 1387 1298 falsa
1407 1261 1625 1298 testimonia

178 1321 384 1358 dicendum
405 1329 577 1372 paratam
596 1321 775 1364 offerant;
806 1322 979 1359 examina
1001 1322 1237 1359 instituenda
1258 1322 1295 1358 in
1317 1324 1431 1360 rebus
1448 1323 1621 1360 obscuris

181 1395 360 1432 aegreque
376 1381 672 1430 explorabilibus
693 1383 845 1420 versari.
892 1382 1024 1419 Brevis
1045 1389 1087 1420 ut
1107 1384 1189 1427 sim,
1207 1384 1435 1433 permultum
1452 1384 1623 1429 interest,

179 1443 255 1481 sive
275 1457 320 1481 ex
341 1442 580 1493 cognationis
610 1443 895 1481 necessitudine
921 1444 1000 1481 sive
1027 1457 1073 1481 ex
1099 1444 1395 1481 testamentariae
1422 1444 1623 1495 legationis

182 1505 435 1556 praetensione
465 1503 694 1542 hereditates
725 1513 918 1556 petantur.
984 1505 1065 1542 Vos
1099 1512 1241 1551 autem,
1266 1506 1432 1557 judices,
1463 1506 1622 1556 primum

184 1566 257 1604 hoc
287 1571 439 1616 oportet
467 1578 649 1615 quaerere,
672 1567 769 1603 sitne
799 1566 994 1617 probabile
1024 1566 1131 1603 vobis
1159 1574 1429 1605 testamentum
1460 1580 1482 1604 a
1511 1566 1628 1605 Nico-

185 1634 304 1665 strato
334 1627 517 1678 scriptum
547 1640 651 1665 esse:
681 1640 834 1678 aequum
864 1628 963 1664 enim
995 1627 1101 1678 leges
1130 1627 1167 1665 id
1196 1636 1355 1667 censent
1385 1641 1483 1673 esse,
1503 1634 1542 1666 et
1570 1634 1628 1665 est

186 1701 306 1725 rerum
346 1687 513 1725 omnium
546 1688 820 1738 aequissimum.
896 1689 938 1725 In
974 1689 1163 1740 ejusmodi
1195 1696 1321 1728 autern
1356 1702 1485 1736 causa,
1518 1691 1628 1741 cujus

183 1762 306 1798 neque
326 1762 393 1785 vos
413 1749 607 1786 veritatem
631 1750 829 1800 perspicue
850 1751 1031 1796 cernatis,
1052 1764 1175 1801 neque
1191 1758 1308 1790 testes
1330 1752 1553 1789 Nicostrato
1570 1752 1628 1789 usi

184 1811 260 1848 sint
290 1810 535 1855 familiariter,
563 1811 631 1848 sed
662 1811 852 1849 Chariade
882 1818 1052 1858 utantur,
1081 1812 1235 1850 homine
1267 1813 1408 1864 cupido
1440 1813 1627 1863 bonisque

185 1872 315 1909 alienis
336 1871 554 1916 insidiante,
573 1872 708 1922 ecquid
729 1872 832 1910 aliud
853 1886 963 1923 aequo
978 1873 1055 1923 juri
1076 1873 1126 1910 sit
1144 1873 1431 1912 convenientius
1453 1886 1567 1924 quam
1586 1880 1630 1911 ut

186 1935 359 1984 cognatis
379 1934 647 1984 superstitibus
667 1935 769 1971 bona
787 1936 941 1985 cognati
961 1936 1134 1974 defuncti
1154 1950 1177 1974 a
1195 1938 1301 1974 vobis
1330 1936 1628 1987 adjudicantur?

188 1995 288 2032 Nam
308 2001 347 2032 et
365 1994 422 2032 his
455 1995 486 2032 si
514 1995 640 2032 fatalis
667 1995 762 2033 hora
790 1995 929 2034 fuisset
957 1998 1149 2043 obeunda,
1166 2005 1206 2035 et
1234 1999 1478 2037 Nicostratus
1506 1999 1535 2036 si
1563 2011 1629 2036 eos

185 2057 350 2094 vivendo
366 2064 598 2107 superasset,
621 2058 719 2094 bona
739 2070 869 2094 eorum
890 2058 938 2095 ad
957 2059 1060 2097 hunc
1079 2060 1243 2098 fuissent
1262 2067 1510 2111 perventura:
1541 2073 1630 2097 nam

189 2131 237 2155 ex
258 2130 334 2168 quo
355 2118 466 2155 titulo
485 2118 824 2168 consanguinitatis
853 2119 891 2155 hi
922 2132 1024 2158 nunc
1054 2121 1157 2160 bona
1182 2121 1390 2160 Nicostrati
1418 2129 1565 2173 petunt,
1585 2135 1633 2159 ex

190 2179 323 2217 eodem
344 2179 407 2217 ille
426 2188 532 2225 tunc,
555 2182 583 2218 si
605 2181 680 2218 fors
701 2181 852 2220 vivendi
871 2182 974 2220 vices
1000 2191 1264 2234 permutasset,
1285 2185 1418 2224 horum
1443 2187 1545 2224 bona
1564 2199 1632 2236 pe-

190 2240 313 2287 tisset,
342 2241 480 2293 quippe
508 2242 573 2293 qui
602 2243 855 2280 consobrinus
885 2243 959 2282 illis
989 2252 1111 2289 esset;
1151 2255 1262 2297 pater
1290 2248 1389 2285 enim
1424 2247 1632 2286 Nicostrati

189 2302 321 2340 horum
341 2303 439 2352 patri
459 2304 576 2341 frater
591 2303 678 2340 fuit.

245 2364 282 2399 7.
312 2364 442 2413 Atqui,
463 2365 613 2402 medius
634 2365 761 2411 fidius,
782 2365 952 2417 Hagnon
971 2374 1089 2418 atque
1111 2368 1368 2420 Hagnotheus
1389 2369 1542 2420 cognati
1563 2369 1632 2406 Ni-

192 2423 348 2462 costrati
369 2437 444 2461 non
464 2434 567 2471 suut,
588 2432 632 2463 ut
649 2426 852 2464 adversarii
874 2428 980 2466 aiunt
1001 2429 1068 2467 sed
1090 2429 1165 2468 alii.
1225 2430 1304 2468 Cur
1323 2443 1413 2481 ergo
1433 2438 1508 2467 tam
1526 2429 1633 2467 stulti

193 2486 364 2536 coecique
385 2492 474 2523 sunt
495 2487 655 2537 [testes]
676 2495 719 2524 ut
739 2487 919 2527 Chariadi
938 2490 1092 2540 quidem
1119 2504 1166 2528 ex
1195 2491 1306 2529 titulo
1338 2491 1633 2529 testamentariae

193 2547 408 2584 donationis
429 2547 675 2586 hereditatem
696 2550 837 2598 petenti
853 2564 1006 2601 operam
1024 2558 1207 2601 praestent
1228 2552 1443 2589 testimonio
1458 2552 1635 2599 dicendo,

193 2607 261 2657 ipsi
282 2621 370 2645 vero
389 2622 462 2646 non
477 2609 646 2646 audeant
659 2623 704 2646 ex
721 2610 832 2648 titulo
848 2612 1192 2662 consanguinitatis
1208 2612 1456 2650 hereditatem
1474 2613 1637 2651 eandem

194 2681 262 2718 pro
284 2682 324 2706 se
344 2678 469 2719 petere
486 2670 535 2720 [si
552 2671 643 2708 certi
665 2679 764 2715 sunt,
785 2685 911 2710 veram
932 2673 1030 2709 hanc
1050 2685 1134 2710 esse
1155 2672 1470 2719 criminationem,
1491 2676 1635 2726 propri—

197 2740 357 2779 oresque
382 2744 421 2768 se
443 2731 663 2770 Nicostrato
682 2734 884 2771 confidunt
905 2746 1006 2778 esse,
1028 2747 1141 2783 quarn
1164 2734 1201 2770 hi
1222 2742 1312 2772 sunt
1327 2736 1637 2786 adolescentes]‘?

201 2790 289 2826 Non
310 2790 409 2828 enim
428 2793 601 2842 profecto
615 2807 661 2832 eo
674 2794 844 2831 stultitiae
859 2802 1126 2844 processerunt
1141 2802 1196 2839 ut,
1210 2808 1254 2832 ex
1274 2804 1378 2834 certa
1391 2798 1636 2848 persuasione

201 2863 329 2888 verum
351 2864 432 2889 esse
457 2853 537 2890 llud
557 2867 580 2891 a
606 2867 648 2892 se
672 2855 859 2905 prolatum
881 2855 1151 2900 testimonium,
1174 2864 1248 2894 tam
1275 2857 1386 2896 facile
1415 2866 1530 2910 atque
1557 2867 1634 2896 tam

204 2912 339 2962 supine
375 2912 552 2951 Chariadi
567 2913 616 2952 de
648 2916 758 2953 bonis
791 2916 998 2953 Nicostrati
1032 2917 1207 2954 omnibus
1237 2917 1441 2957 decedant.
1509 2918 1638 2962 Quid?
