1870 3277
658 193 1141 232 PANATHENAICUS.
1558 194 1631 231 »181

172 302 350 347 quanto
379 308 475 333 eam
501 295 840 334 dilucidiorem
876 295 1070 333 fecerim
1102 303 1146 333 et
1172 296 1451 346 legentibus
1486 296 1637 335 notio-

171 371 291 400 rem3
336 371 473 407 quum
512 358 633 395 enim
674 357 1017 408 ignorantibus
1053 357 1305 394 scientiam
1336 359 1533 405 tradam,
1567 372 1637 397 me

170 420 369 458 efficere
398 428 447 458 ut
472 420 628 458 oratio
657 420 850 457 deserta
877 420 937 457 sit
965 425 1010 456 et
1029 431 1127 456 eam
1149 418 1326 456 honore
1350 420 1537 468 privare
1558 420 1635 470 qui

170 481 211 518 ei
243 482 538 520 accessisset
564 483 618 520 ob
646 481 757 519 illos
792 480 869 530 qui
905 480 1125 517 laborant
1154 486 1198 517 et
1229 479 1319 518 sibi
1350 480 1466 531 ipsis
1497 494 1636 532 nego·

170 543 281 580 tium
312 544 574 581 facessunt.

225 605 291 641 98.
323 604 419 655 Ego
456 616 565 641 vero
605 615 672 639 me
719 602 973 653 prudentia
1019 614 1155 652 quam
1203 601 1484 653 longissime
1529 602 1635 640 fieri

169 666 322 715 possit
347 673 390 703 te
417 678 523 703 esse
550 664 827 702 inferiorem
855 664 1023 708 fateor,
1051 663 1133 701 sed
1159 671 1317 701 tamen
1341 670 1389 701 ut
1411 662 1495 701 hoc
1525 665 1637 710 scio,

171 727 239 764 sic
273 726 396 764 illud
437 726 577 764 etiam
617 739 710 763 non
749 726 934 777 ignoro,
975 725 1088 763 urbe
1128 732 1292 763 nostra
1329 725 1542 763 maximis
1582 725 1637 763 de

170 788 309 826 rebus
338 788 640 825 deliberante
667 787 1058 839 sapientissimos
1085 787 1321 825 interdum
1351 800 1374 824 a
1404 788 1636 824 communi

169 849 385 888 utilitate
425 852 658 896 aberrare,
699 857 744 888 et
790 850 895 888 fieri
939 862 1277 900 nonnunquam
1313 855 1360 886 ut
1394 850 1512 887 forte
1551 850 1641 888 for-

168 917 285 950 tuna
332 912 574 963 quispiam
614 925 635 950 e
683 912 850 949 vilium
900 902 1397 963 contempto-rumque
1447 924 1637 949 numero

168 979 215 1011 et
246 981 381 1012 recte
417 973 639 1012 sensisse
675 980 721 1011 et
754 974 937 1024 optime
976 973 1167 1011 dixisse
1198 973 1448 1010 videatur:
1489 985 1638 1024 quare

168 1036 437 1074 mirandum
466 1049 558 1074 non
582 1036 689 1081 erit,
719 1036 757 1073 si
786 1036 831 1072 in
859 1035 949 1073 hoc
977 1048 1169 1086 quoque
1197 1035 1399 1086 negotio
1427 1034 1527 1072 tale
1556 1034 1638 1072 ali-

169 1096 282 1147 quid
324 1109 447 1134 nunc
489 1097 727 1143 evenerit,
764 1097 845 1134 ubi
892 1103 942 1134 tu
989 1096 1248 1134 existimas
1296 1103 1340 1134 te
1387 1096 1639 1134 maximam

168 1158 358 1197 laudem
388 1165 786 1204 consecuturum,
821 1159 860 1197 si
887 1171 1027 1209 quam
1052 1159 1333 1197 diutissime
1362 1158 1638 1209 disputaris

169 1233 262 1271 quo
292 1220 448 1258 animo
480 1221 749 1259 orationem
787 1219 1157 1269 composueris;
1201 1233 1291 1269 ego
1329 1233 1443 1258 vero
1479 1226 1638 1258 tecum

169 1281 350 1332 optime
372 1288 529 1319 actum
565 1281 624 1318 iri
646 1287 776 1331 puto,
799 1281 830 1318 si
858 1280 1170 1326 sententiam,
1201 1293 1293 1331 qua
1323 1280 1366 1318 in
1400 1294 1451 1319 ea
1484 1281 1639 1319 confi-

167 1342 342 1380 cienda
386 1355 503 1379 usus
544 1356 609 1388 es,
650 1355 788 1392 quam
829 1341 1138 1390 paucissimis
1177 1342 1489 1393 perspicuam
1537 1343 1638 1381 red-

170 1405 283 1442 dere
323 1404 483 1455 possis
520 1412 615 1442 tum
656 1403 769 1441 aliis
816 1403 1060 1440 universis
1100 1410 1196 1440 turn
1238 1404 1639 1450 Lacedaemoniis,

169 1466 225 1504 de
251 1466 428 1516 quibus
453 1465 607 1504 multa
626 1466 773 1504 verba
798 1464 984 1510 fecisti,
1005 1477 1205 1515 quorum
1231 1465 1477 1503 nonnulla
1497 1466 1640 1516 justa

170 1534 285 1566 sunt
322 1535 369 1565 et
396 1527 580 1578 gravia,
617 1526 838 1577 quaedam
868 1526 1154 1577 petulantia
1187 1533 1234 1564 et
1266 1527 1410 1565 nimis
1442 1528 1637 1571 odiosa;

168 1603 270 1640 quae
302 1590 342 1627 si
371 1589 479 1640 quis
511 1589 579 1627 eis
611 1588 939 1634 ostendisset,
969 1595 1233 1639 antequam
1264 1601 1355 1639 ego
1386 1602 1536 1628 meum
1564 1590 1638 1641 ju-

170 1651 348 1689 dicium
397 1651 822 1701 interposuissem‚
860 1650 972 1688 fieri
1010 1663 1103 1688 non
1144 1650 1392 1701 potuisset
1438 1651 1555 1701 quin
1593 1659 1640 1690 et

170 1713 353 1751 offensi
387 1720 433 1751 et
465 1713 582 1752 irati
613 1712 704 1750 tibi
734 1720 905 1750 essent
938 1719 988 1749 ut
1021 1712 1101 1763 qui
1134 1712 1507 1750 accusationem
1534 1726 1641 1752 con-

169 1783 243 1813 tra
280 1776 413 1826 ipsos
447 1775 758 1826 scripsisses.
818 1774 955 1812 Nunc
987 1774 1341 1824 Spartanorum
1369 1773 1637 1825 plerosque

169 1837 292 1874 nihil
328 1837 384 1875 de
418 1843 585 1875 vetere
635 1849 722 1874 sua
768 1835 1132 1874 consuetudine
1179 1842 1297 1886 puto
1344 1842 1637 1883 mutaturos,

172 1912 328 1949 neque
370 1898 621 1937 orationes
660 1897 738 1936 hic
776 1897 990 1948 scriptas
1029 1896 1183 1947 magis
1222 1903 1486 1935 curaturos
1528 1911 1638 1937 esse

170 1974 306 2011 quam
355 1973 408 1998 ea
456 1973 560 2010 quae
609 1966 749 1998 extra
795 1959 1052 1997 columnas
1100 1959 1334 1997 Herculis
1378 1959 1637 2006 dicuntum

172 2035 331 2060 eorum
367 2029 526 2059 autem
566 2020 1003 2072 prudentissimos,
1034 2019 1112 2071 qui
1145 2021 1416 2059 orationum
1446 2028 1637 2061 tuarum

172 2083 366 2134 aliquas
398 2083 584 2120 habent
614 2095 668 2120 ac
699 2082 949 2127 mirantur,
982 2081 1021 2119 si
1051 2095 1188 2132 quem
1225 2082 1360 2120 nacti
1398 2082 1637 2122 lectorem

171 2145 358 2183 fuerint
386 2152 430 2182 et
451 2151 641 2195 tempus
672 2151 722 2181 ut
750 2156 912 2181 secum
941 2143 1035 2195 ipsi
1064 2142 1340 2195 diligenter
1359 2144 1516 2183 omnia
1535 2159 1638 2196 per—

170 2207 405 2259 pendant,
432 2206 555 2243 nihil
593 2206 911 2256 ignoraturos
943 2218 1104 2244 eorum
1137 2218 1241 2256 quae
1270 2205 1519 2252 dicuntur,
1553 2208 1638 2246 sed

168 2275 216 2307 et
251 2268 422 2306 laudes
457 2267 892 2305 animadversuros
927 2280 1031 2317 quae
1070 2268 1114 2304 in
1152 2267 1317 2305 urbem
1356 2280 1489 2305 suam
1527 2282 1637 2306 enu-

170 2330 368 2368 meratis
390 2331 534 2368 rebus
556 2329 712 2380 gestis
735 2329 1079 2376 conferuntur,
1105 2337 1153 2367 et
1180 2329 1399 2367 convitia
1423 2337 1635 2368 contem-

169 2399 338 2443 pturos
385 2405 488 2442 quae
526 2391 631 2428 sine
671 2404 716 2429 re
762 2391 996 2429 dicuntur
1042 2391 1403 2441 verborumque
1450 2397 1635 2429 tantum

170 2453 489 2506 asperitatem
519 2452 719 2498 habent,
750 2459 796 2490 et
825 2453 1200 2491 existimaturos
1231 2453 1503 2491 maledicta
1534 2467 1636 2504 quae

168 2516 214 2553 in
252 2515 378 2554 libro
412 2514 568 2552 insint
598 2515 654 2552 ab
686 2515 875 2553 invidia
904 2528 1015 2553 esse
1048 2515 1289 2566 profecta,
1320 2527 1396 2551 res
1422 2528 1535 2552 vero
1567 2530 1639 2567 ge—

170 2585 273 2617 stas
310 2584 357 2615 et
393 2577 576 2628 praelia,
611 2583 812 2628 propter
849 2591 951 2627 quoe
984 2586 1031 2615 et
1059 2577 1154 2629 ipsi
1190 2576 1391 2613 multum
1425 2576 1517 2614 sibi
1557 2579 1637 2616 tri·

171 2640 326 2677 buunt
362 2645 409 2676 et
441 2639 494 2676 ab
527 2638 642 2676 aliis
681 2639 831 2676 tribui
870 2639 1052 2684 vident,
1094 2646 1137 2677 te
1179 2638 1447 2689 scripsisse
1490 2648 1536 2678 et
1582 2642 1636 2679 ab

169 2700 418 2738 oblivione
441 2700 740 2746 vindicasse,
761 2701 994 2739 collectis
1020 2701 1224 2739 seorsim
1245 2701 1470 2739 omnibus
1492 2710 1537 2740 et
1557 2716 1638 2753 per

168 2761 489 2800 collationem
527 2762 815 2813 explicatis;
867 2762 991 2801 illud
1027 2775 1220 2812 quoquc
1256 2762 1342 2800 tibi
1381 2772 1635 2815 acceptum

170 2823 403 2869 referent,
425 2823 463 2860 si
484 2836 537 2861 ea
556 2824 695 2861 multi
726 2832 773 2862 et
795 2825 956 2874 legere
977 2830 1023 2860 ct
1043 2835 1339 2873 percensere
1360 2824 1520 2869 velint,
1543 2839 1635 2863 non

170 2883 297 2933 quod
332 2883 527 2921 illorum
560 2897 637 2922 res
672 2892 839 2935 gestas
871 2884 1040 2921 audire
1069 2884 1372 2926 desiderent.
1395 2887 1478 2923 sed
1509 2887 1634 2936 quod

171 2957 474 2995 cognoscere
505 2946 742 2984 studeant
771 2945 1011 2996 quomodo
1044 2952 1089 2982 tu
1122 2945 1178 2983 de
1212 2947 1278 2984 eis
1302 2947 1616 2986 disserueris.
