1870 3277
247 165 322 202 314
917 157 1034 196 lSAEl

300 269 338 303 2.
371 263 521 303 Etenim
557 263 785 315 Eponymus
817 260 1094 306 Acharnensis‚
1129 268 1240 314 pater
1271 267 1416 307 noster,
1455 260 1537 308 viri,
1571 261 1717 300 amicus

251 326 443 366 Meneclis
474 332 512 364 et
542 324 739 364 familiaris
760 323 845 370 fuit,
865 337 989 375 eoque
1016 324 1239 363 necessario
1259 337 1353 362 usus
1380 331 1461 363 est:
1492 337 1562 362 nos
1591 330 1722 362 autem

249 390 358 428 liberi
378 389 461 440 ejus
481 395 646 440 quatuor
665 398 824 424 numero
845 385 1002 433 fuimus,
1023 386 1088 424 filii
1109 386 1201 432 duo,
1217 387 1307 424 duae
1322 386 1423 425 filiae.
1461 386 1576 424 Patre
1593 392 1722 424 autern

250 452 330 490 vita
348 451 547 495 defuncto,
569 462 738 487 sororem
769 461 840 485 nos
867 455 1038 485 nostram
1070 456 1163 486 natu
1191 449 1391 500 majorem,
1422 448 1501 487 viro
1530 447 1728 499 tempesti-

250 525 355 560 vam,
370 511 619 563 Leucolopho
640 511 678 548 in
696 507 980 547 matrimonium
996 509 1249 555 collocamus,
1265 510 1402 561 viginti
1414 510 1527 548 minis
1543 510 1577 547 in
1593 510 1725 547 dotem

252 573 413 613 additis.
472 574 522 611 Et
551 578 689 624 quarto
709 583 811 609 anno
830 577 933 622 post,
955 577 1035 609 tum
1057 584 1165 610 soror
1190 578 1323 610 nostra
1341 579 1435 610 natu
1455 571 1613 609 minima
1632 583 1725 609 con-

248 637 360 689 jugio
380 637 499 675 ferme
516 627 598 674 era‘t
619 647 700 686 par,
720 641 802 672 tum
820 646 929 680 uxor,
945 646 1060 684 quam
1081 635 1188 686 prius
1209 635 1376 674 duxerat
1393 634 1611 678 Menecles,
1629 645 1728 670 mor-

254 707 320 739 tua
335 705 407 737 est.
454 697 668 748 Postquam
680 708 772 735 vero
784 695 837 733 illi
852 695 962 746 justa
977 695 1122 734 fecerat
1136 696 1354 744 Menecles,
1370 708 1538 735 sororem
1554 700 1725 732 nostram

254 775 278 800 a
306 760 418 799 nobis
452 760 675 812 expetebat,
698 758 903 797 amicitiam
934 770 1044 796 suam
1072 759 1110 796 in
1136 758 1360 797 memoriam
1393 769 1608 809 suggerens
1635 768 1725 794 cum

254 830 365 875 patre
381 822 471 860 olim
486 822 636 868 initam,
656 827 695 859 et
713 833 790 872 quo
810 820 938 858 animo
959 820 996 858 in
1018 827 1171 858 nosmet
1192 821 1298 872 ipsos
1320 828 1440 859 esset:
1472 826 1512 857 et
1531 831 1600 856 nos
1621 824 1728 856 certo

254 885 438 931 scientes,
459 884 520 922 vel
547 890 696 935 patrem
717 882 861 920 nemini
885 895 972 920 eum
994 895 1178 933 generum
1198 881 1509 933 posthabiturum
1540 880 1673 926 fuisse,
1695 879 1730 917 ei

255 959 429 986 sororem
455 945 493 982 in
523 944 806 982 matrimonium
829 943 981 988 damus,
1003 955 1080 979 non
1101 942 1332 987 indotatam,
1354 949 1398 979 ut
1421 943 1491 980 iste
1511 941 1726 980 identidem

255 1008 363 1055 dicit,
384 1006 452 1045 sed
473 1012 676 1044 numerata
697 1017 785 1056 quae
806 1004 885 1042 doti
909 1004 1171 1055 aequivalebat
1191 1017 1307 1055 quam
1330 1011 1369 1042 et
1389 1003 1510 1042 sorori
1532 1009 1625 1040 natu
1645 1015 1728 1040 ma-

249 1069 327 1122 jori
357 1068 655 1110 addideramus:
687 1079 764 1117 qua
792 1065 939 1104 ratione
959 1066 1027 1116 qui
1046 1066 1152 1117 prius
1175 1066 1286 1104 amici
1314 1066 1396 1117 ejus
1424 1065 1582 1110 fuimus,
1605 1063 1730 1102 evasi-

257 1145 345 1170 mus
368 1130 592 1170 necessarii.
653 1129 789 1180 thue
824 1128 1026 1166 Menecles
1055 1127 1214 1179 triginta
1239 1129 1364 1166 minas
1394 1141 1473 1167 una
1492 1139 1581 1166 cum
1600 1138 1731 1165 sorore

255 1193 419 1245 recepit,
437 1193 513 1231 hoc
533 1191 796 1230 testimonium
812 1189 999 1241 imprimis
1020 1190 1192 1241 proferre
1213 1190 1312 1228 volo.

311 1258 350 1293 3.
366 1254 570 1293 Sororibus
585 1254 700 1305 igitur
716 1253 821 1291 sicin
837 1251 1125 1290 matrimonium
1141 1251 1357 1297 collocatis,
1372 1263 1442 1289 nos
1459 1256 1576 1290 aetate
1590 1251 1730 1290 floren-

257 1324 315 1356 tes
343 1316 520 1355 militiam
548 1315 843 1368 capessivimus,
872 1314 991 1365 inque
1010 1313 1216 1352 Thraciam
1234 1314 1335 1352 duce
1357 1313 1549 1365 Iphicrate
1570 1325 1730 1364 peregre

255 1378 421 1430 profecti
443 1391 598 1422 sumus;
627 1384 746 1427 atque
766 1388 885 1427 quum
908 1376 960 1414 ibi
981 1376 1083 1414 bene
1107 1376 1399 1421 meruissemus,
1418 1375 1531 1414 ditati
1552 1376 1730 1413 Athenas

258 1440 494 1491 appulimus,
515 1447 554 1478 et
573 1452 744 1478 sororem
761 1438 916 1490 quidem
933 1445 1028 1475 natu
1043 1439 1226 1489 majorem
1239 1438 1350 1476 binos
1363 1437 1501 1476 liberos
1521 1437 1732 1476 habentem

256 1501 488 1549 invenimus,
521 1502 719 1540 minimam
750 1513 856 1547 vero,
894 1512 1011 1551 quarn
1051 1499 1217 1538 duxerat
1254 1500 1472 1546 Menecles,
1513 1500 1730 1551 improlem.

259 1563 388 1614 Atque
416 1562 482 1601 ille
507 1576 556 1601 ex
582 1563 709 1601 reditu
738 1575 871 1600 mense
899 1560 1075 1599 secundo
1096 1561 1157 1599 vel
1190 1562 1315 1607 tertio,
1335 1561 1448 1599 bonis
1475 1561 1655 1599 omnibus
1683 1560 1732 1599 de

257 1637 388 1662 sorore
409 1624 647 1675 praedicatis,
662 1624 863 1662 nobiscum
879 1623 996 1660 verba
1009 1623 1254 1670 conserebat,
1271 1623 1445 1674 dixitque
1458 1629 1612 1662 aetatem
1623 1635 1734 1661 suam

259 1691 485 1737 provectam
505 1692 544 1724 et
571 1687 780 1724 liberorum
808 1685 1012 1724 orbitatem
1043 1698 1083 1722 se
1116 1684 1342 1736 deplorare:
1372 1699 1617 1737 nequaquam
1638 1685 1736 1724 dixit

260 1759 346 1784 eam
362 1753 541 1799 oportere
561 1747 678 1786 talem
709 1761 791 1786 suae
815 1747 967 1786 virtutis
988 1747 1206 1785 mercedem
1228 1760 1380 1799 capere,
1400 1762 1541 1800 nempe
1558 1755 1601 1786 ut
1620 1748 1734 1787 simul

260 1819 349 1846 cum
376 1807 462 1860 ipso
490 1822 701 1848 senescens
721 1808 906 1848 evaderet
925 1808 1120 1859 improlis:
1153 1809 1247 1847 satis
1269 1809 1372 1848 enim
1393 1822 1481 1848 esse
1505 1810 1634 1862 ipsum
1657 1811 1734 1849 for-

263 1875 359 1908 tuna
388 1870 568 1923 maloque
600 1878 802 1922 expertum
836 1883 937 1909 esse·
991 1869 1076 1907 Tali
1107 1883 1285 1909 sermone
1317 1884 1427 1919 usus,
1447 1871 1563 1922 plane
1588 1871 1736 1911 indicat

264 1933 440 1972 amiciter
471 1935 592 1973 sorori
620 1942 764 1973 nostrae
794 1932 979 1971 nuncium
1000 1933 1216 1972 remisisse:
1248 1947 1363 1972 nemo
1393 1934 1494 1972 enim
1516 1947 1632 1986 quem
1653 1935 1747 1980 odit,

263 1995 429 2046 supplex
446 2003 545 2035 orat.
602 1997 690 2035 Hoc
711 1996 827 2047 igitur
841 2009 863 2034 a
878 1995 991 2033 nobis
1012 1995 1188 2033 beneficii
1203 1995 1290 2034 loco
1309 1997 1480 2047 petebat,
1501 2004 1545 2035 ut
1564 2010 1735 2036 sororem

263 2056 425 2104 scilicet,
447 2070 611 2097 assensu
631 2058 750 2111 ipsius
770 2059 990 2110 impetrato,
1010 2056 1048 2094 in
1078 2056 1364 2095 matrimonium
1390 2057 1503 2096 alteri
1523 2058 1736 2098 collocare—

262 2129 364 2155 mus.
424 2119 475 2157 Et
493 2132 562 2158 nos
582 2133 669 2158 eum
690 2120 942 2159 hortabamur
961 2131 1121 2157 uxorem
1140 2118 1248 2157 hisce
1269 2118 1317 2158 de
1338 2120 1454 2158 rebus
1475 2121 1734 2171 persuadere:

263 2189 353 2228 quae
374 2178 406 2216 si
438 2181 660 2228 assenserit,
691 2181 726 2219 ei
757 2180 947 2220 decisioni
977 2193 1048 2218 nos
1075 2179 1341 2218 satisfacturos
1359 2181 1620 2232 promisimus.
1676 2183 1735 2222 Ac

261 2241 428 2293 primum
455 2243 614 2295 quidem
644 2244 831 2283 sermonis
851 2247 934 2293 ejus
955 2243 1112 2282 minime
1132 2244 1300 2294 patiens,
1318 2243 1383 2280 vix
1401 2256 1584 2295 aegreque
1605 2251 1741 2298 tamen-

263 2303 423 2342 tandem
444 2318 606 2345 assensa
625 2313 696 2345 est.
755 2307 882 2358 Atque
903 2306 957 2344 ita
973 2319 1059 2345 eam
1076 2307 1113 2344 in
1135 2306 1420 2344 matrimonium
1442 2306 1537 2344 Eleo
1560 2307 1739 2358 Sphettio

265 2365 532 2412 collocamus;
562 2367 773 2419 dotemque
802 2368 837 2406 ei
865 2367 973 2406 addit
992 2368 1210 2414 Menecles,
1227 2368 1371 2420 quippe
1392 2368 1458 2419 qui
1479 2367 1618 2406 domus
1639 2382 1738 2408 mer-

268 2428 375 2467 cedis
389 2429 595 2468 liberorum
609 2430 734 2469 Niciae
753 2431 947 2482 particeps
970 2436 1089 2476 esset,
1107 2437 1145 2468 et
1166 2430 1355 2468 mundum
1377 2429 1604 2469 muliebrem
1623 2444 1739 2482 quem

269 2503 403 2529 secum
425 2493 572 2539 attulit,
593 2493 789 2544 tricasque
812 2505 963 2539 aureas,
980 2505 1078 2544 quas
1094 2492 1244 2539 habuit,
1264 2492 1405 2531 reddit.

323 2555 362 2590 4.
393 2553 577 2593 Posthaec
615 2555 770 2594 evoluto
808 2561 981 2606 tempore
1016 2554 1276 2606 prospiciebat
1310 2553 1512 2592 Menecles
1546 2553 1739 2604 quomodo

270 2615 473 2655 orbitatem
494 2617 699 2665 devitaret,
720 2625 837 2670 atque
857 2617 1018 2656 haberet
1038 2616 1104 2668 qui
1125 2630 1181 2664 se,
1211 2617 1301 2655 dum
1323 2617 1480 2661 viveret,
1503 2615 1583 2667 jam
1606 2629 1741 2655 senem

271 2688 435 2727 curaret,
465 2689 503 2721 et
536 2690 687 2722 mortuo
716 2683 920 2734 exsequias
951 2682 1144 2726 redderet,
1164 2681 1284 2732 inque
1314 2686 1510 2731 posterum
1528 2680 1636 2731 justa
1654 2694 1742 2732 per-

274 2741 453 2782 solveret.
509 2745 627 2783 Hunc
653 2745 769 2796 igitur
791 2743 1086 2797 [adversarium]
1102 2743 1260 2782 videbat
1278 2742 1399 2780 filium
1416 2742 1573 2780 unicum
1594 2742 1742 2780 haben-

274 2810 368 2849 tem,
391 2817 507 2855 quem
530 2807 560 2843 si
579 2807 816 2858 postulasset
843 2807 915 2846 sibi
944 2807 982 2845 in
1003 2805 1294 2857 adoptationem
1315 2803 1414 2854 dari,
1433 2816 1479 2842 eo
1505 2804 1611 2855 quod
1635 2804 1743 2855 prole

273 2865 489 2904 masculina
509 2867 614 2906 hunc
636 2869 825 2916 orbasset,
847 2868 918 2908 sibi
941 2870 1021 2907 sore
1043 2868 1224 2906 dedecori
1254 2867 1431 2919 putabat.
1490 2867 1654 2914 Idcirco,
1683 2880 1743 2905 re-

274 2927 345 2966 bus
360 2927 414 2968 ita
435 2942 475 2968 se
495 2929 738 2981 habentibus,
760 2932 869 2971 nobis
892 2932 963 2970 sibi
980 2931 1102 2983 magis
1122 2929 1349 2970 familiarem
1369 2930 1562 2970 neminem
1583 2928 1741 2968 invenit.
