1870 3277
655 196 1140 236 PANATHENAICUS.
1562 201 1637 239 169

216 301 279 338 68.
313 299 415 343 Quid
442 300 557 350 igitur
582 300 671 338 boni
696 299 796 338 bella
820 298 885 336 illa
906 304 944 335 et
965 298 1242 349 occupationes
1265 300 1441 338 mittendi
1462 301 1634 342 colonias

159 368 336 400 secutum
357 359 444 398 est?
476 360 550 399 hoc
570 361 668 400 enim
689 361 864 399 existimo
885 354 1092 410 plerosque
1109 360 1350 409 potissimum
1371 362 1503 401 audire
1521 364 1631 403 velle.

160 425 213 462 Ut
228 424 358 461 Graeci
376 423 531 461 ditiores
550 430 588 462 et
603 423 837 474 copiosiores
858 422 996 460 fierent
1017 422 1216 472 magisque
1237 424 1503 462 consentirent
1525 432 1634 465 tanta

158 495 195 525 et
215 486 281 524 tali
300 486 543 524 multitudine
563 486 761 523 hominum
782 484 947 528 liberati,
965 491 1008 522 ut
1027 483 1178 522 barbari
1197 491 1371 522 extorres
1388 492 1427 522 et
1442 487 1634 538 profligati

157 549 468 587 submissioribus
490 548 626 586 animis
647 553 778 586 essent
795 560 911 597 quam
932 546 1049 597 prius,
1071 555 1113 583 ut
1132 545 1269 583 harum
1297 559 1424 584 rerum
1451 557 1632 588 auctores

155 602 344 662 insignem
361 620 545 661 caperent
559 610 720 661 gloriam
734 609 933 661 duploque
950 608 1131 659 majorem
1147 607 1287 646 fecisse
1299 607 1495 647 Graeciam
1513 623 1630 660 quam

159 673 267 710 initio
287 673 411 709 fuerat
430 678 671 722 apparerent.

208 734 272 770 69.
302 733 359 769 Ac
379 732 503 783 majus
517 731 670 782 quidem
688 730 919 769 beneficium
937 742 1050 780 quam
1069 729 1144 767 hoc
1161 735 1201 766 et
1216 729 1462 768 communius
1479 729 1631 770 Graecis

154 808 177 833 a
196 795 335 832 nostris
363 794 573 845 majoribus
603 794 737 831 datum
764 792 928 843 reperire
959 804 1036 829 non
1064 804 1246 842 possum:
1279 792 1386 842 quod
1416 800 1545 831 autem
1581 793 1632 832 sit

153 869 240 893 cum
268 856 402 906 peritia
428 856 481 893 rei
510 855 683 893 militaris
710 854 973 905 conjunctius,
993 866 1065 891 nec
1092 853 1239 890 minore
1266 853 1544 903 praedicatione
1574 854 1631 892 di-

153 930 271 968 gnum
303 924 341 955 et
371 917 549 955 omnibus
584 916 704 967 magis
737 915 989 953 manifestum
1025 914 1191 952 habituri
1224 914 1324 953 forte
1357 928 1492 954 sumus
1521 916 1625 967 quod

152 977 342 1016 dicamus.

207 1042 270 1078 70.
302 1041 399 1085 Quis
433 1041 534 1078 enim
570 1041 737 1090 ignorat,
765 1046 831 1078 aut
863 1038 1174 1078 Bacchanalibus
1201 1052 1222 1077 e
1247 1039 1404 1090 tragicis
1431 1040 1627 1079 actoribus

152 1114 230 1139 non
249 1102 409 1147 audivit,
425 1116 523 1153 quas
547 1103 743 1140 Adrastus
764 1101 895 1140 clades
913 1101 961 1139 ad
981 1101 1135 1140 Thebas
1157 1101 1378 1152 acceperit?
1407 1102 1472 1152 qui
1492 1103 1626 1154 OEdipi

151 1164 284 1209 filium,
303 1177 413 1201 suum
436 1176 636 1213 generum,
654 1163 691 1200 in
713 1176 874 1213 regnum
893 1163 1097 1202 restituere
1112 1170 1292 1208 conatus,
1310 1163 1497 1202 maximas
1514 1164 1627 1215 Argi-

151 1237 283 1263 vorum
310 1225 440 1275 copias
469 1225 608 1270 amisit,
628 1232 667 1262 et
692 1237 826 1262 ornnes
853 1224 1098 1262 centuriones
1128 1223 1223 1261 vidit
1248 1224 1521 1275 interemptos,
1542 1224 1626 1275 ipse

150 1300 217 1336 per
241 1286 412 1324 dedecus
437 1294 635 1329 servatus;
667 1292 706 1324 et
725 1286 816 1336 quia
837 1299 908 1324 nec
929 1286 1057 1323 foedus
1077 1286 1279 1335 impetrare
1301 1297 1371 1323 nec
1395 1299 1519 1324 caesos
1540 1287 1627 1324 affi-

148 1360 234 1385 cere
262 1347 460 1398 sepultura
489 1353 653 1397 poterat,
678 1346 840 1397 supplex
869 1347 952 1384 urbi
979 1354 1122 1384 nostrae
1151 1345 1294 1391 factus,
1316 1345 1469 1384 Theseo
1496 1346 1625 1385 adhuc

147 1421 232 1446 eam
264 1409 518 1459 gubernante,
544 1407 666 1445 oravit
691 1420 740 1444 ne
769 1407 866 1445 tales
898 1407 998 1445 viros
1027 1406 1242 1457 insepultos
1265 1406 1396 1457 jacere
1423 1414 1491 1445 aut
1515 1415 1627 1446 vetus

147 1470 367 1508 institutum
388 1477 427 1508 et
446 1469 608 1521 patriam
630 1469 756 1520 legem
778 1469 882 1520 apud
902 1469 1103 1507 universos
1126 1468 1302 1507 homines
1333 1477 1528 1521 receptam
1557 1472 1625 1509 ab·-

148 1531 274 1583 rogari
295 1532 451 1576 sineret,
468 1545 554 1582 quae
576 1544 653 1569 non
671 1531 821 1568 mortali
839 1530 991 1581 prodita
1009 1530 1166 1581 ingenio
1183 1530 1253 1568 sed
1270 1543 1293 1568 a
1308 1530 1437 1568 divina
1450 1533 1626 1582 potentia

147 1594 334 1645 imperata
349 1593 551 1631 videretur.
600 1592 754 1636 Quibus
772 1592 940 1643 populus
956 1591 1113 1638 auditis,
1129 1591 1237 1630 nulla
1254 1604 1362 1629 mora
1382 1592 1623 1644 interposita,

146 1655 296 1706 legatos
317 1654 471 1692 Thebas
493 1654 606 1699 misit,
628 1654 693 1704 qui
713 1653 925 1692 suaderent
944 1660 985 1690 ut
1004 1660 1043 1691 et
1061 1653 1109 1692 de
1129 1653 1342 1691 reddendis
1367 1654 1622 1694 cadaveribus

146 1717 319 1755 sanctius
335 1717 541 1755 consilium
557 1715 697 1754 inirent
713 1722 752 1753 et
763 1716 914 1766 aequius
931 1728 1158 1766 responsum
1173 1727 1290 1765 quam
1307 1714 1455 1753 dudum
1471 1715 1622 1761 darent,

146 1788 262 1830 atque
288 1779 384 1817 illud
413 1778 720 1824 subindicarent‚
742 1785 914 1816 nostram
940 1777 1076 1815 urbem
1104 1777 1160 1815 eis
1185 1789 1262 1815 non
1287 1777 1555 1827 permissuram
1580 1785 1624 1816 ut

145 1853 389 1879 communem
408 1840 576 1879 omnium
593 1840 822 1877 Graecorum
837 1839 963 1890 legem
979 1838 1184 1876 violarent,
1235 1838 1334 1881 Quae
1350 1851 1471 1888 quum
1491 1839 1623 1877 audis-

145 1909 232 1941 sent
251 1903 315 1953 qui
335 1909 416 1939 tum
437 1901 577 1938 Thebis
597 1900 851 1951 imperabant,
872 1899 980 1940 aliter
1008 1906 1226 1938 statuerunt
1248 1911 1365 1949 quam
1386 1907 1425 1936 et
1446 1898 1622 1949 plerique

147 1965 195 2003 de
211 1964 264 2002 eis
280 1965 464 2009 sentiunt,
479 1970 516 2000 et
528 1962 600 2013 ipsi
613 1963 717 2013 prius
731 1962 995 2007 decreverant,
1008 1961 1076 2000 sed
1091 1968 1130 1999 et
1146 1961 1322 2000 modeste
1335 1974 1446 2000 suam
1460 1974 1619 2000 causam

145 2032 310 2076 egerunt
330 2031 367 2062 et
388 2024 580 2062 accusatis
597 2024 641 2061 iis
658 2037 680 2061 a
695 2023 836 2073 quibus
853 2022 1066 2074 oppugnati
1083 2027 1217 2060 essent
1234 2028 1377 2060 nostrae
1400 2022 1483 2061 urbi
1503 2023 1621 2061 cada-

144 2100 233 2126 vera
251 2086 423 2124 tollenda
440 2085 694 2123 tradiderunt.

200 2152 265 2188 71.
299 2151 360 2188 Ac
392 2161 505 2187 nemo
537 2155 645 2199 putet
675 2160 735 2184 me
761 2147 807 2185 iis
835 2160 922 2198 quae
950 2147 988 2184 in
1017 2145 1189 2184 oratione
1217 2145 1458 2196 Panegyrica
1484 2144 1533 2183 de
1560 2145 1619 2184 his

146 2213 238 2264 ipsis
254 2211 456 2262 scripsisse
473 2210 604 2247 videar
619 2223 666 2246 ex
681 2209 833 2247 inscitia
849 2209 975 2247 dicere
991 2206 1205 2247 contraria:
1231 2220 1305 2257 ego
1321 2206 1421 2244 enim
1440 2206 1619 2245 existimo

143 2276 337 2314 neminem
357 2287 487 2312 eorum
506 2273 570 2324 qui
594 2272 679 2310 haec
702 2272 918 2323 perspicere
933 2276 1153 2322 potuerunt
1180 2277 1287 2308 tanta
1316 2282 1405 2308 esse
1423 2269 1619 2308 vaecordia

144 2345 183 2375 et
203 2336 346 2374 invidia
365 2336 559 2379 refertum,
580 2334 644 2385 qui
664 2346 724 2371 me
742 2346 819 2370 non
842 2333 972 2370 laudet
999 2345 1043 2370 ac
1069 2331 1280 2383 prudenter
1304 2331 1430 2369 facere
1460 2338 1618 2369 censeat

144 2399 248 2450 quod
281 2405 371 2436 tunc
397 2397 463 2435 illo
491 2410 593 2434 nunc
620 2395 696 2433 hoc
720 2395 838 2433 modo
866 2394 914 2432 de
941 2395 995 2435 eis
1020 2393 1282 2432 disseruerim.
1341 2393 1401 2431 De
1421 2392 1480 2431 his
1501 2392 1618 2443 igitur

145 2461 224 2499 scio
243 2474 304 2498 me
326 2466 429 2498 recte
451 2458 648 2510 scripsisse
670 2465 787 2509 atque
807 2457 974 2495 utiliter:
1004 2464 1191 2507 quantum
1214 2462 1343 2494 autem
1367 2463 1498 2493 nostra
1525 2456 1616 2494 urbs

143 2522 208 2560 illo
237 2529 409 2572 ternpore
439 2520 577 2558 bellica
602 2520 829 2558 fortitudine
855 2519 1080 2570 praestiterit
1099 2541 1151 2546 -——
1170 2531 1259 2556 nam
1288 2524 1332 2555 ut
1357 2517 1430 2555 hoc
1458 2517 1616 2555 demon-

145 2591 319 2630 strarem,
339 2597 383 2622 ea
403 2583 576 2621 recensui
596 2596 683 2634 quae
705 2582 848 2620 Thebis
869 2582 972 2619 facta
993 2587 1163 2624 sunt—‚
1183 2580 1221 2618 id
1244 2578 1421 2617 existimo
1440 2578 1515 2617 ista
1533 2579 1617 2631 ipsa

145 2658 184 2683 re
203 2646 380 2684 omnibus
400 2644 665 2696 planissimum
686 2644 779 2690 fieri,
797 2657 886 2694 quae
908 2650 946 2681 et
966 2655 1097 2693 regern
1114 2641 1344 2691 Argivorum
1366 2639 1449 2678 urbi
1470 2647 1615 2679 nostrae

145 2707 355 2758 supplicem
386 2706 466 2744 fieri
499 2706 681 2756 coegerit,
705 2713 743 2743 et
770 2705 1042 2743 Thebanorum
1071 2702 1250 2741 dominos
1278 2714 1323 2740 eo
1350 2701 1543 2753 redegerit
1573 2709 1616 2740 ut

145 2767 349 2805 maluerint
375 2775 518 2806 nostrae
547 2768 652 2805 urbis
682 2767 922 2805 sermonibus
951 2777 1069 2815 quam
1103 2763 1253 2814 legibus
1284 2775 1307 2801 a
1336 2764 1493 2801 numine
1523 2763 1613 2802 latis

146 2830 435 2879 obtemperare:
466 2842 628 2880 quorum
658 2829 749 2867 urbs
781 2834 912 2866 nostra
944 2826 1035 2864 nihil
1070 2832 1173 2863 certe
1201 2825 1384 2876 perficere
1410 2825 1614 2876 potuisset,

147 2890 219 2927 nisi
239 2896 277 2927 et
297 2891 524 2928 auctoritate
543 2899 583 2929 et
600 2891 775 2942 potentia
795 2889 945 2928 caeteris
966 2888 1084 2938 longe
1103 2886 1363 2938 praestitisset.

200 2953 262 2987 72.
293 2950 423 2994 Quum
451 2959 579 2989 autem
606 2953 728 3007 multa
753 2959 793 2990 et
821 2950 1007 3002 praeclara
1034 2949 1222 3000 majorum
1254 2948 1424 2987 facinora
1446 2948 1612 2987 dicenda

862 3027 882 3048 Z
