<?xml version="1.0" encoding="UTF-8"?>
<!DOCTYPE html PUBLIC "-//W3C//DTD XHTML 1.0 Transitional//EN"
    "http://www.w3.org/TR/xhtml1/DTD/xhtml1-transitional.dtd">
<html xmlns="http://www.w3.org/1999/xhtml" xml:lang="en" lang="en">
 <head>
  <title>
</title>
<meta http-equiv="Content-Type" content="text/html;charset=utf-8" />
  <meta name='ocr-system' content='tesseract 3.04.00' />
  <meta name='ocr-capabilities' content='ocr_page ocr_carea ocr_par ocr_line ocrx_word'/>
</head>
<body>
  <div class='ocr_page' id='page_1' title='image "./oratoresatticie14dobs_0423.png"; bbox 0 0 1870 3277; ppageno 0'>
   <div class='ocr_carea' id='block_1_1' title="bbox 554 139 1638 183">
    <p class='ocr_par' dir='ltr' id='par_1_1' title="bbox 554 139 1638 183">
     <span class='ocr_line' id='line_1_1' title="bbox 554 139 1638 183; baseline 0.006 -7"><span class='ocrx_word' id='word_1_1' title='bbox 554 139 628 177; x_wconf 88' lang='lat' dir='ltr'>DE</span> <span class='ocrx_word' id='word_1_2' title='bbox 659 140 888 179; x_wconf 87' lang='lat' dir='ltr'>HAGNIAE</span> <span class='ocrx_word' id='word_1_3' title='bbox 918 141 1277 181; x_wconf 82' lang='lat' dir='ltr'><strong>HEREDITATE.</strong></span> <span class='ocrx_word' id='word_1_4' title='bbox 1565 147 1638 183; x_wconf 86' lang='lat'>411</span> 
     </span>
    </p>
   </div>
   <div class='ocr_carea' id='block_1_2' title="bbox 196 238 1638 602">
    <p class='ocr_par' dir='ltr' id='par_1_2' title="bbox 196 238 1638 602">
     <span class='ocr_line' id='line_1_2' title="bbox 199 238 1638 291; baseline 0.006 -15"><span class='ocrx_word' id='word_1_5' title='bbox 199 238 284 276; x_wconf 83' lang='lat' dir='ltr'>filiis</span> <span class='ocrx_word' id='word_1_6' title='bbox 298 238 448 276; x_wconf 89' lang='lat' dir='ltr'>illorum</span> <span class='ocrx_word' id='word_1_7' title='bbox 460 252 557 289; x_wconf 93' lang='lat' dir='ltr'>quos</span> <span class='ocrx_word' id='word_1_8' title='bbox 571 253 687 291; x_wconf 86' lang='lat' dir='ltr'>supra</span> <span class='ocrx_word' id='word_1_9' title='bbox 702 241 892 285; x_wconf 85' lang='lat' dir='ltr'>dicebam,</span> <span class='ocrx_word' id='word_1_10' title='bbox 905 248 1121 291; x_wconf 85' lang='lat' dir='ltr'>competere</span> <span class='ocrx_word' id='word_1_11' title='bbox 1135 255 1283 280; x_wconf 90' lang='lat' dir='ltr'>mecum</span> <span class='ocrx_word' id='word_1_12' title='bbox 1301 244 1470 290; x_wconf 88' lang='lat' dir='ltr'>decreto,</span> <span class='ocrx_word' id='word_1_13' title='bbox 1485 258 1507 282; x_wconf 92' lang='lat' dir='ltr'>a</span> <span class='ocrx_word' id='word_1_14' title='bbox 1518 255 1638 285; x_wconf 88' lang='lat' dir='ltr'>morte</span> 
     </span>
     <span class='ocr_line' id='line_1_3' title="bbox 198 301 1636 355; baseline 0.006 -19"><span class='ocrx_word' id='word_1_15' title='bbox 198 307 414 350; x_wconf 83' lang='lat' dir='ltr'>praeventos</span> <span class='ocrx_word' id='word_1_16' title='bbox 435 313 532 346; x_wconf 90' lang='lat' dir='ltr'>esse,</span> <span class='ocrx_word' id='word_1_17' title='bbox 558 302 697 351; x_wconf 89' lang='lat' dir='ltr'>quibus</span> <span class='ocrx_word' id='word_1_18' title='bbox 723 302 760 338; x_wconf 90' lang='lat' dir='ltr'>in</span> <span class='ocrx_word' id='word_1_19' title='bbox 784 301 870 339; x_wconf 89' lang='lat' dir='ltr'>filiis</span> <span class='ocrx_word' id='word_1_20' title='bbox 895 301 957 338; x_wconf 88' lang='lat' dir='ltr'>hic</span> <span class='ocrx_word' id='word_1_21' title='bbox 975 314 1128 351; x_wconf 90' lang='lat' dir='ltr'>quoque</span> <span class='ocrx_word' id='word_1_22' title='bbox 1148 315 1242 352; x_wconf 85' lang='lat' dir='ltr'>puer</span> <span class='ocrx_word' id='word_1_23' title='bbox 1266 311 1334 348; x_wconf 84' lang='lat' dir='ltr'>est,</span> <span class='ocrx_word' id='word_1_24' title='bbox 1355 306 1440 355; x_wconf 88' lang='lat' dir='ltr'>quis</span> <span class='ocrx_word' id='word_1_25' title='bbox 1460 306 1636 345; x_wconf 75' lang='lat' dir='ltr'>docebit?</span> 
     </span>
     <span class='ocr_line' id='line_1_4' title="bbox 197 360 1636 413; baseline 0.006 -16"><span class='ocrx_word' id='word_1_26' title='bbox 197 361 287 410; x_wconf 89' lang='lat' dir='ltr'>Ipsa</span> <span class='ocrx_word' id='word_1_27' title='bbox 305 360 366 397; x_wconf 88' lang='lat' dir='ltr'>lex</span> <span class='ocrx_word' id='word_1_28' title='bbox 385 374 535 411; x_wconf 86' lang='lat' dir='ltr'>nempe.</span> <span class='ocrx_word' id='word_1_29' title='bbox 590 361 705 412; x_wconf 89' lang='lat' dir='ltr'>Apud</span> <span class='ocrx_word' id='word_1_30' title='bbox 725 375 857 400; x_wconf 90' lang='lat' dir='ltr'>omnes</span> <span class='ocrx_word' id='word_1_31' title='bbox 876 361 975 398; x_wconf 89' lang='lat' dir='ltr'>enim</span> <span class='ocrx_word' id='word_1_32' title='bbox 995 362 1032 398; x_wconf 91' lang='lat' dir='ltr'>in</span> <span class='ocrx_word' id='word_1_33' title='bbox 1053 363 1229 400; x_wconf 89' lang='lat' dir='ltr'>confesso</span> <span class='ocrx_word' id='word_1_34' title='bbox 1249 365 1399 413; x_wconf 89' lang='lat' dir='ltr'>quidem</span> <span class='ocrx_word' id='word_1_35' title='bbox 1420 376 1480 404; x_wconf 88' lang='lat' dir='ltr'>est</span> <span class='ocrx_word' id='word_1_36' title='bbox 1498 373 1636 406; x_wconf 83' lang='lat' dir='ltr'>conso-</span> 
     </span>
     <span class='ocr_line' id='line_1_5' title="bbox 196 422 1634 478; baseline 0.006 -20"><span class='ocrx_word' id='word_1_37' title='bbox 196 422 315 459; x_wconf 85' lang='lat' dir='ltr'>brinis</span> <span class='ocrx_word' id='word_1_38' title='bbox 343 430 381 459; x_wconf 89' lang='lat' dir='ltr'>et</span> <span class='ocrx_word' id='word_1_39' title='bbox 406 422 538 460; x_wconf 92' lang='lat' dir='ltr'>horum</span> <span class='ocrx_word' id='word_1_40' title='bbox 565 422 666 467; x_wconf 87' lang='lat' dir='ltr'>filiis,</span> <span class='ocrx_word' id='word_1_41' title='bbox 691 436 768 473; x_wconf 86' lang='lat' dir='ltr'>qua</span> <span class='ocrx_word' id='word_1_42' title='bbox 793 423 831 460; x_wconf 91' lang='lat' dir='ltr'>in</span> <span class='ocrx_word' id='word_1_43' title='bbox 857 422 980 460; x_wconf 85' lang='lat' dir='ltr'>classe</span> <span class='ocrx_word' id='word_1_44' title='bbox 1008 436 1079 474; x_wconf 84' lang='lat' dir='ltr'>ego</span> <span class='ocrx_word' id='word_1_45' title='bbox 1107 437 1204 468; x_wconf 83' lang='lat' dir='ltr'>sum,</span> <span class='ocrx_word' id='word_1_46' title='bbox 1231 424 1381 463; x_wconf 87' lang='lat' dir='ltr'>titulum</span> <span class='ocrx_word' id='word_1_47' title='bbox 1409 431 1634 478; x_wconf 72' lang='grc' dir='ltr'>ἀγχιστείας</span> 
     </span>
     <span class='ocr_line' id='line_1_6' title="bbox 196 483 1632 534; baseline 0.005 -14"><span class='ocrx_word' id='word_1_48' title='bbox 196 483 431 534; x_wconf 83' lang='lat' dir='ltr'>competere3</span> <span class='ocrx_word' id='word_1_49' title='bbox 461 496 552 520; x_wconf 88' lang='lat' dir='ltr'>num</span> <span class='ocrx_word' id='word_1_50' title='bbox 573 490 701 521; x_wconf 86' lang='lat' dir='ltr'>autem</span> <span class='ocrx_word' id='word_1_51' title='bbox 720 484 820 520; x_wconf 90' lang='lat' dir='ltr'>hunc</span> <span class='ocrx_word' id='word_1_52' title='bbox 839 483 1003 521; x_wconf 88' lang='lat' dir='ltr'>eundem</span> <span class='ocrx_word' id='word_1_53' title='bbox 1031 483 1182 521; x_wconf 87' lang='lat' dir='ltr'>titulum</span> <span class='ocrx_word' id='word_1_54' title='bbox 1205 484 1270 534; x_wconf 91' lang='lat' dir='ltr'>jus</span> <span class='ocrx_word' id='word_1_55' title='bbox 1297 485 1405 523; x_wconf 83' lang='lat' dir='ltr'>civile</span> <span class='ocrx_word' id='word_1_56' title='bbox 1425 489 1632 526; x_wconf 90' lang='lat' dir='ltr'>secundum</span> 
     </span>
     <span class='ocr_line' id='line_1_7' title="bbox 196 543 1631 602; baseline 0.006 -23"><span class='ocrx_word' id='word_1_57' title='bbox 196 556 268 580; x_wconf 91' lang='lat' dir='ltr'>nos</span> <span class='ocrx_word' id='word_1_58' title='bbox 289 544 428 582; x_wconf 84' lang='lat' dir='ltr'>nostris</span> <span class='ocrx_word' id='word_1_59' title='bbox 447 557 598 595; x_wconf 90' lang='lat' dir='ltr'>quoque</span> <span class='ocrx_word' id='word_1_60' title='bbox 617 544 744 582; x_wconf 87' lang='lat' dir='ltr'>liberis</span> <span class='ocrx_word' id='word_1_61' title='bbox 763 543 915 589; x_wconf 86' lang='lat' dir='ltr'>tribuat,</span> <span class='ocrx_word' id='word_1_62' title='bbox 936 544 1009 582; x_wconf 90' lang='lat' dir='ltr'>hoc</span> <span class='ocrx_word' id='word_1_63' title='bbox 1025 545 1103 596; x_wconf 88' lang='lat' dir='ltr'>jam</span> <span class='ocrx_word' id='word_1_64' title='bbox 1127 552 1187 583; x_wconf 90' lang='lat' dir='ltr'>est</span> <span class='ocrx_word' id='word_1_65' title='bbox 1206 547 1470 596; x_wconf 79' lang='lat' dir='ltr'>quaerendum.</span> <span class='ocrx_word' id='word_1_66' title='bbox 1526 551 1631 602; x_wconf 86' lang='lat' dir='ltr'>Cape</span> 
     </span>
    </p>
   </div>
   <div class='ocr_carea' id='block_1_3' title="bbox 194 604 812 655">
    <p class='ocr_par' dir='ltr' id='par_1_3' title="bbox 194 604 812 655">
     <span class='ocr_line' id='line_1_8' title="bbox 194 604 812 655; baseline 0 -14"><span class='ocrx_word' id='word_1_67' title='bbox 194 611 235 641; x_wconf 91' lang='lat' dir='ltr'>tu</span> <span class='ocrx_word' id='word_1_68' title='bbox 255 604 378 655; x_wconf 83' lang='lat' dir='ltr'>legem</span> <span class='ocrx_word' id='word_1_69' title='bbox 397 604 497 642; x_wconf 87' lang='lat' dir='ltr'>hanc</span> <span class='ocrx_word' id='word_1_70' title='bbox 519 612 557 642; x_wconf 88' lang='lat' dir='ltr'>et</span> <span class='ocrx_word' id='word_1_71' title='bbox 575 605 692 642; x_wconf 89' lang='lat' dir='ltr'>recita</span> <span class='ocrx_word' id='word_1_72' title='bbox 709 605 812 655; x_wconf 86' lang='lat' dir='ltr'>ipsis.</span> 
     </span>
    </p>
   </div>
   <div class='ocr_carea' id='block_1_4' title="bbox 854 725 970 762">
    <p class='ocr_par' dir='ltr' id='par_1_4' title="bbox 854 725 970 762">
     <span class='ocr_line' id='line_1_9' title="bbox 854 725 970 762; baseline 0.009 -1"><span class='ocrx_word' id='word_1_73' title='bbox 854 725 970 762; x_wconf 85' lang='lat' dir='ltr'><strong>LEX.</strong></span> 
     </span>
    </p>
   </div>
   <div class='ocr_carea' id='block_1_5' title="bbox 189 818 1627 909">
    <p class='ocr_par' dir='ltr' id='par_1_5' title="bbox 189 818 1627 909">
     <span class='ocr_line' id='line_1_10' title="bbox 245 818 1627 859; baseline 0.006 -12"><span class='ocrx_word' id='word_1_74' title='bbox 245 819 299 848; x_wconf 90' lang='lat' dir='ltr'>Sin</span> <span class='ocrx_word' id='word_1_75' title='bbox 317 823 417 847; x_wconf 85' lang='lat' dir='ltr'>autem</span> <span class='ocrx_word' id='word_1_76' title='bbox 434 827 452 847; x_wconf 86' lang='lat' dir='ltr'>a</span> <span class='ocrx_word' id='word_1_77' title='bbox 465 823 549 858; x_wconf 88' lang='lat' dir='ltr'>parte</span> <span class='ocrx_word' id='word_1_78' title='bbox 567 819 661 858; x_wconf 85' lang='lat' dir='ltr'>patris</span> <span class='ocrx_word' id='word_1_79' title='bbox 675 828 764 848; x_wconf 89' lang='lat' dir='ltr'>nemo</span> <span class='ocrx_word' id='word_1_80' title='bbox 780 818 819 848; x_wconf 80' lang='lat' dir='ltr'>sit</span> <span class='ocrx_word' id='word_1_81' title='bbox 833 828 930 859; x_wconf 85' lang='lat' dir='ltr'>usque</span> <span class='ocrx_word' id='word_1_82' title='bbox 945 819 983 848; x_wconf 85' lang='lat' dir='ltr'>ad</span> <span class='ocrx_word' id='word_1_83' title='bbox 1000 819 1244 849; x_wconf 84' lang='lat' dir='ltr'>consobrinorum</span> <span class='ocrx_word' id='word_1_84' title='bbox 1261 820 1349 856; x_wconf 78' lang='lat' dir='ltr'>filios,</span> <span class='ocrx_word' id='word_1_85' title='bbox 1365 822 1511 853; x_wconf 90' lang='lat' dir='ltr'>bonorum</span> <span class='ocrx_word' id='word_1_86' title='bbox 1527 825 1627 855; x_wconf 85' lang='lat' dir='ltr'>arbitri</span> 
     </span>
     <span class='ocr_line' id='line_1_11' title="bbox 189 868 968 909; baseline 0 -11"><span class='ocrx_word' id='word_1_87' title='bbox 189 875 279 899; x_wconf 83' lang='lat' dir='ltr'>sunto</span> <span class='ocrx_word' id='word_1_88' title='bbox 295 868 460 909; x_wconf 89' lang='lat' dir='ltr'>propinqui</span> <span class='ocrx_word' id='word_1_89' title='bbox 474 879 492 897; x_wconf 89' lang='lat' dir='ltr'>a</span> <span class='ocrx_word' id='word_1_90' title='bbox 508 873 593 909; x_wconf 86' lang='lat' dir='ltr'>parte</span> <span class='ocrx_word' id='word_1_91' title='bbox 610 868 713 898; x_wconf 85' lang='lat' dir='ltr'>matris</span> <span class='ocrx_word' id='word_1_92' title='bbox 725 869 834 898; x_wconf 89' lang='lat' dir='ltr'>eodem</span> <span class='ocrx_word' id='word_1_93' title='bbox 850 868 968 898; x_wconf 82' lang='lat' dir='ltr'>ordine.</span> 
     </span>
    </p>
   </div>
   <div class='ocr_carea' id='block_1_6' title="bbox 158 961 1625 2907">
    <p class='ocr_par' dir='ltr' id='par_1_6' title="bbox 159 961 1625 2786">
     <span class='ocr_line' id='line_1_12' title="bbox 189 961 1625 1017; baseline 0.006 -18"><span class='ocrx_word' id='word_1_94' title='bbox 189 961 356 1007; x_wconf 86' lang='lat' dir='ltr'>Auditis,</span> <span class='ocrx_word' id='word_1_95' title='bbox 370 961 451 1008; x_wconf 91' lang='lat' dir='ltr'>viri,</span> <span class='ocrx_word' id='word_1_96' title='bbox 467 962 588 1012; x_wconf 89' lang='lat' dir='ltr'>legem</span> <span class='ocrx_word' id='word_1_97' title='bbox 611 963 666 1001; x_wconf 91' lang='lat' dir='ltr'>sic</span> <span class='ocrx_word' id='word_1_98' title='bbox 686 964 1014 1014; x_wconf 83' lang='lat' dir='ltr'>pronuntiantem,</span> <span class='ocrx_word' id='word_1_99' title='bbox 1032 963 1063 1001; x_wconf 91' lang='lat' dir='ltr'>si</span> <span class='ocrx_word' id='word_1_100' title='bbox 1082 963 1275 1002; x_wconf 84' lang='lat' dir='ltr'>hereditas</span> <span class='ocrx_word' id='word_1_101' title='bbox 1291 965 1453 1017; x_wconf 90' lang='lat' dir='ltr'>alicujus</span> <span class='ocrx_word' id='word_1_102' title='bbox 1469 968 1516 1005; x_wconf 89' lang='lat' dir='ltr'>ad</span> <span class='ocrx_word' id='word_1_103' title='bbox 1533 981 1625 1007; x_wconf 91' lang='lat' dir='ltr'>con-</span> 
     </span>
     <span class='ocr_line' id='line_1_13' title="bbox 186 1022 1622 1074; baseline 0.006 -14"><span class='ocrx_word' id='word_1_104' title='bbox 186 1022 359 1060; x_wconf 90' lang='lat' dir='ltr'>sobrinos</span> <span class='ocrx_word' id='word_1_105' title='bbox 379 1022 462 1073; x_wconf 91' lang='lat' dir='ltr'>ejus</span> <span class='ocrx_word' id='word_1_106' title='bbox 483 1035 690 1073; x_wconf 89' lang='lat' dir='ltr'>eorumque</span> <span class='ocrx_word' id='word_1_107' title='bbox 710 1023 807 1060; x_wconf 88' lang='lat' dir='ltr'>filios</span> <span class='ocrx_word' id='word_1_108' title='bbox 826 1023 1067 1074; x_wconf 88' lang='lat' dir='ltr'>processerit,</span> <span class='ocrx_word' id='word_1_109' title='bbox 1091 1031 1168 1061; x_wconf 92' lang='lat' dir='ltr'>tum</span> <span class='ocrx_word' id='word_1_110' title='bbox 1193 1036 1277 1062; x_wconf 85' lang='lat' dir='ltr'>eam</span> <span class='ocrx_word' id='word_1_111' title='bbox 1297 1038 1374 1063; x_wconf 91' lang='lat' dir='ltr'>non</span> <span class='ocrx_word' id='word_1_112' title='bbox 1392 1026 1552 1066; x_wconf 89' lang='lat' dir='ltr'>ulterius</span> <span class='ocrx_word' id='word_1_113' title='bbox 1573 1031 1622 1068; x_wconf 90' lang='lat' dir='ltr'>ad</span> 
     </span>
     <span class='ocr_line' id='line_1_14' title="bbox 184 1083 1622 1133; baseline 0.005 -13"><span class='ocrx_word' id='word_1_114' title='bbox 184 1083 319 1121; x_wconf 86' lang='lat' dir='ltr'>horum</span> <span class='ocrx_word' id='word_1_115' title='bbox 340 1095 493 1133; x_wconf 91' lang='lat' dir='ltr'>quoque</span> <span class='ocrx_word' id='word_1_116' title='bbox 512 1083 608 1120; x_wconf 82' lang='lat' dir='ltr'>filios</span> <span class='ocrx_word' id='word_1_117' title='bbox 629 1083 851 1133; x_wconf 89' lang='lat' dir='ltr'>procedere,</span> <span class='ocrx_word' id='word_1_118' title='bbox 879 1083 947 1120; x_wconf 90' lang='lat' dir='ltr'>sed</span> <span class='ocrx_word' id='word_1_119' title='bbox 973 1083 1097 1132; x_wconf 87' lang='lat' dir='ltr'>legem</span> <span class='ocrx_word' id='word_1_120' title='bbox 1119 1090 1211 1130; x_wconf 90' lang='lat' dir='ltr'>tum,</span> <span class='ocrx_word' id='word_1_121' title='bbox 1231 1097 1317 1122; x_wconf 89' lang='lat' dir='ltr'>cum</span> <span class='ocrx_word' id='word_1_122' title='bbox 1338 1099 1406 1123; x_wconf 92' lang='lat' dir='ltr'>nos</span> <span class='ocrx_word' id='word_1_123' title='bbox 1426 1090 1622 1127; x_wconf 90' lang='lat' dir='ltr'>consobri-</span> 
     </span>
     <span class='ocr_line' id='line_1_15' title="bbox 181 1143 1618 1200; baseline 0.003 -18"><span class='ocrx_word' id='word_1_124' title='bbox 181 1157 313 1182; x_wconf 87' lang='lat' dir='ltr'>norum</span> <span class='ocrx_word' id='word_1_125' title='bbox 335 1151 579 1194; x_wconf 88' lang='lat' dir='ltr'>paternorum</span> <span class='ocrx_word' id='word_1_126' title='bbox 604 1143 669 1181; x_wconf 89' lang='lat' dir='ltr'>filii</span> <span class='ocrx_word' id='word_1_127' title='bbox 690 1143 912 1181; x_wconf 87' lang='lat' dir='ltr'>desierimus</span> <span class='ocrx_word' id='word_1_128' title='bbox 940 1156 1039 1188; x_wconf 88' lang='lat' dir='ltr'>esse,</span> <span class='ocrx_word' id='word_1_129' title='bbox 1066 1143 1317 1182; x_wconf 85' lang='lat' dir='ltr'>hereditatem</span> <span class='ocrx_word' id='word_1_130' title='bbox 1338 1146 1509 1186; x_wconf 86' lang='lat' dir='ltr'>defuncti</span> <span class='ocrx_word' id='word_1_131' title='bbox 1533 1163 1618 1200; x_wconf 84' lang='lat' dir='ltr'>pro-</span> 
     </span>
     <span class='ocr_line' id='line_1_16' title="bbox 180 1204 1618 1256; baseline 0.005 -14"><span class='ocrx_word' id='word_1_132' title='bbox 180 1204 332 1256; x_wconf 91' lang='lat' dir='ltr'>pinquis</span> <span class='ocrx_word' id='word_1_133' title='bbox 352 1217 375 1241; x_wconf 90' lang='lat' dir='ltr'>a</span> <span class='ocrx_word' id='word_1_134' title='bbox 393 1210 500 1255; x_wconf 89' lang='lat' dir='ltr'>parte</span> <span class='ocrx_word' id='word_1_135' title='bbox 525 1204 654 1241; x_wconf 88' lang='lat' dir='ltr'>matris</span> <span class='ocrx_word' id='word_1_136' title='bbox 682 1204 856 1250; x_wconf 86' lang='lat' dir='ltr'>reddere,</span> <span class='ocrx_word' id='word_1_137' title='bbox 876 1204 914 1241; x_wconf 90' lang='lat' dir='ltr'>h.</span> <span class='ocrx_word' id='word_1_138' title='bbox 928 1217 961 1242; x_wconf 89' lang='lat' dir='ltr'>e.</span> <span class='ocrx_word' id='word_1_139' title='bbox 982 1204 1160 1242; x_wconf 87' lang='lat' dir='ltr'>fratribus</span> <span class='ocrx_word' id='word_1_140' title='bbox 1181 1212 1219 1243; x_wconf 91' lang='lat' dir='ltr'>et</span> <span class='ocrx_word' id='word_1_141' title='bbox 1238 1208 1429 1245; x_wconf 85' lang='lat' dir='ltr'>sororibus</span> <span class='ocrx_word' id='word_1_142' title='bbox 1449 1209 1618 1250; x_wconf 84' lang='lat' dir='ltr'>defuncti</span> 
     </span>
     <span class='ocr_line' id='line_1_17' title="bbox 178 1265 1617 1319; baseline 0.006 -16"><span class='ocrx_word' id='word_1_143' title='bbox 178 1273 217 1304; x_wconf 89' lang='lat' dir='ltr'>et</span> <span class='ocrx_word' id='word_1_144' title='bbox 234 1266 368 1303; x_wconf 88' lang='lat' dir='ltr'>horum</span> <span class='ocrx_word' id='word_1_145' title='bbox 388 1265 514 1303; x_wconf 90' lang='lat' dir='ltr'>liberis</span> <span class='ocrx_word' id='word_1_146' title='bbox 533 1272 571 1303; x_wconf 92' lang='lat' dir='ltr'>et</span> <span class='ocrx_word' id='word_1_147' title='bbox 590 1265 758 1316; x_wconf 89' lang='lat' dir='ltr'>reliquis,</span> <span class='ocrx_word' id='word_1_148' title='bbox 784 1279 938 1317; x_wconf 89' lang='lat' dir='ltr'>prorsus</span> <span class='ocrx_word' id='word_1_149' title='bbox 958 1265 1095 1304; x_wconf 90' lang='lat' dir='ltr'>eodem</span> <span class='ocrx_word' id='word_1_150' title='bbox 1114 1266 1249 1305; x_wconf 88' lang='lat' dir='ltr'>ordine</span> <span class='ocrx_word' id='word_1_151' title='bbox 1270 1275 1383 1319; x_wconf 87' lang='lat' dir='ltr'>atque</span> <span class='ocrx_word' id='word_1_152' title='bbox 1403 1272 1518 1310; x_wconf 91' lang='lat' dir='ltr'>modo</span> <span class='ocrx_word' id='word_1_153' title='bbox 1537 1273 1617 1311; x_wconf 84' lang='lat' dir='ltr'>dixi</span> 
     </span>
     <span class='ocr_line' id='line_1_18' title="bbox 176 1326 1616 1377; baseline 0.006 -13"><span class='ocrx_word' id='word_1_154' title='bbox 176 1328 214 1364; x_wconf 89' lang='lat' dir='ltr'>in</span> <span class='ocrx_word' id='word_1_155' title='bbox 243 1326 466 1377; x_wconf 81' lang='lat' dir='ltr'>propinquis</span> <span class='ocrx_word' id='word_1_156' title='bbox 496 1339 518 1364; x_wconf 87' lang='lat' dir='ltr'>a</span> <span class='ocrx_word' id='word_1_157' title='bbox 546 1333 652 1377; x_wconf 85' lang='lat' dir='ltr'>parte</span> <span class='ocrx_word' id='word_1_158' title='bbox 680 1327 819 1377; x_wconf 86' lang='lat' dir='ltr'>patris:</span> <span class='ocrx_word' id='word_1_159' title='bbox 860 1335 1010 1364; x_wconf 90' lang='lat' dir='ltr'>nostros</span> <span class='ocrx_word' id='word_1_160' title='bbox 1041 1333 1169 1364; x_wconf 84' lang='lat' dir='ltr'>autern</span> <span class='ocrx_word' id='word_1_161' title='bbox 1198 1327 1338 1367; x_wconf 89' lang='lat' dir='ltr'>liberos</span> <span class='ocrx_word' id='word_1_162' title='bbox 1366 1330 1429 1368; x_wconf 85' lang='lat' dir='ltr'>lex</span> <span class='ocrx_word' id='word_1_163' title='bbox 1456 1346 1478 1370; x_wconf 91' lang='lat' dir='ltr'>a</span> <span class='ocrx_word' id='word_1_164' title='bbox 1505 1335 1616 1374; x_wconf 92' lang='lat' dir='ltr'>titulo</span> 
     </span>
     <span class='ocr_line' id='line_1_19' title="bbox 174 1387 1618 1441; baseline 0.006 -16"><span class='ocrx_word' id='word_1_165' title='bbox 174 1387 467 1439; x_wconf 87' lang='lat' dir='ltr'>propinquitatis</span> <span class='ocrx_word' id='word_1_166' title='bbox 487 1387 667 1425; x_wconf 88' lang='lat' dir='ltr'>excludit.</span> <span class='ocrx_word' id='word_1_167' title='bbox 716 1388 868 1430; x_wconf 84' lang='lat' dir='ltr'>Quibus</span> <span class='ocrx_word' id='word_1_168' title='bbox 887 1395 1016 1425; x_wconf 84' lang='lat' dir='ltr'>autem</span> <span class='ocrx_word' id='word_1_169' title='bbox 1038 1388 1102 1425; x_wconf 89' lang='lat' dir='ltr'>lex</span> <span class='ocrx_word' id='word_1_170' title='bbox 1121 1396 1208 1438; x_wconf 86' lang='lat' dir='ltr'>post</span> <span class='ocrx_word' id='word_1_171' title='bbox 1227 1390 1351 1441; x_wconf 90' lang='lat' dir='ltr'>ipsum</span> <span class='ocrx_word' id='word_1_172' title='bbox 1372 1392 1469 1430; x_wconf 86' lang='lat' dir='ltr'>adeo</span> <span class='ocrx_word' id='word_1_173' title='bbox 1488 1395 1618 1434; x_wconf 90' lang='lat' dir='ltr'>deces-</span> 
     </span>
     <span class='ocr_line' id='line_1_20' title="bbox 174 1450 1613 1502; baseline 0.005 -13"><span class='ocrx_word' id='word_1_174' title='bbox 174 1465 257 1489; x_wconf 91' lang='lat' dir='ltr'>sum</span> <span class='ocrx_word' id='word_1_175' title='bbox 276 1464 401 1488; x_wconf 90' lang='lat' dir='ltr'>meum</span> <span class='ocrx_word' id='word_1_176' title='bbox 429 1457 557 1488; x_wconf 89' lang='lat' dir='ltr'>tamen</span> <span class='ocrx_word' id='word_1_177' title='bbox 585 1450 805 1488; x_wconf 79' lang='lat' dir='ltr'>hereditatis</span> <span class='ocrx_word' id='word_1_178' title='bbox 828 1451 892 1500; x_wconf 87' lang='lat' dir='ltr'>jus</span> <span class='ocrx_word' id='word_1_179' title='bbox 911 1450 1090 1501; x_wconf 83' lang='lat' dir='ltr'>denegat,</span> <span class='ocrx_word' id='word_1_180' title='bbox 1118 1464 1195 1500; x_wconf 90' lang='lat' dir='ltr'>quo</span> <span class='ocrx_word' id='word_1_181' title='bbox 1222 1459 1335 1502; x_wconf 86' lang='lat' dir='ltr'>pacto</span> <span class='ocrx_word' id='word_1_182' title='bbox 1353 1453 1391 1490; x_wconf 86' lang='lat' dir='ltr'>hi</span> <span class='ocrx_word' id='word_1_183' title='bbox 1411 1467 1470 1494; x_wconf 90' lang='lat' dir='ltr'>me</span> <span class='ocrx_word' id='word_1_184' title='bbox 1489 1457 1613 1497; x_wconf 83' lang='lat' dir='ltr'>adhuc</span> 
     </span>
     <span class='ocr_line' id='line_1_21' title="bbox 174 1511 1616 1566; baseline 0.004 -15"><span class='ocrx_word' id='word_1_185' title='bbox 174 1513 378 1564; x_wconf 86' lang='lat' dir='ltr'>superstite</span> <span class='ocrx_word' id='word_1_186' title='bbox 396 1518 435 1550; x_wconf 93' lang='lat' dir='ltr'>et</span> <span class='ocrx_word' id='word_1_187' title='bbox 453 1525 499 1549; x_wconf 88' lang='lat' dir='ltr'>ex</span> <span class='ocrx_word' id='word_1_188' title='bbox 519 1512 743 1549; x_wconf 86' lang='lat' dir='ltr'>auctoritate</span> <span class='ocrx_word' id='word_1_189' title='bbox 767 1512 897 1562; x_wconf 88' lang='lat' dir='ltr'>legum</span> <span class='ocrx_word' id='word_1_190' title='bbox 915 1511 1165 1550; x_wconf 82' lang='lat' dir='ltr'>hereditatem</span> <span class='ocrx_word' id='word_1_191' title='bbox 1186 1519 1340 1552; x_wconf 88' lang='lat' dir='ltr'>tenente</span> <span class='ocrx_word' id='word_1_192' title='bbox 1358 1525 1511 1566; x_wconf 87' lang='lat' dir='ltr'>sperant</span> <span class='ocrx_word' id='word_1_193' title='bbox 1528 1519 1616 1557; x_wconf 87' lang='lat' dir='ltr'>titu-</span> 
     </span>
     <span class='ocr_line' id='line_1_22' title="bbox 172 1572 1612 1630; baseline 0.006 -19"><span class='ocrx_word' id='word_1_194' title='bbox 172 1574 250 1611; x_wconf 90' lang='lat' dir='ltr'>lum</span> <span class='ocrx_word' id='word_1_195' title='bbox 271 1572 562 1624; x_wconf 86' lang='lat' dir='ltr'>propinquitatis</span> <span class='ocrx_word' id='word_1_196' title='bbox 584 1572 655 1610; x_wconf 90' lang='lat' dir='ltr'>sibi</span> <span class='ocrx_word' id='word_1_197' title='bbox 674 1572 778 1610; x_wconf 78' lang='lat' dir='ltr'>fore?</span> <span class='ocrx_word' id='word_1_198' title='bbox 814 1572 936 1623; x_wconf 90' lang='lat' dir='ltr'>Atqui</span> <span class='ocrx_word' id='word_1_199' title='bbox 964 1573 995 1610; x_wconf 90' lang='lat' dir='ltr'>si</span> <span class='ocrx_word' id='word_1_200' title='bbox 1016 1573 1081 1623; x_wconf 87' lang='lat' dir='ltr'>jus</span> <span class='ocrx_word' id='word_1_201' title='bbox 1107 1573 1150 1610; x_wconf 89' lang='lat' dir='ltr'>iis</span> <span class='ocrx_word' id='word_1_202' title='bbox 1178 1574 1323 1613; x_wconf 88' lang='lat' dir='ltr'>nullum</span> <span class='ocrx_word' id='word_1_203' title='bbox 1351 1587 1423 1624; x_wconf 91' lang='lat' dir='ltr'>est,</span> <span class='ocrx_word' id='word_1_204' title='bbox 1450 1593 1612 1630; x_wconf 91' lang='lat' dir='ltr'>quorum</span> 
     </span>
     <span class='ocr_line' id='line_1_23' title="bbox 173 1634 1614 1689; baseline 0.008 -18"><span class='ocrx_word' id='word_1_205' title='bbox 173 1641 302 1686; x_wconf 89' lang='lat' dir='ltr'>patres</span> <span class='ocrx_word' id='word_1_206' title='bbox 323 1647 473 1672; x_wconf 89' lang='lat' dir='ltr'>mecum</span> <span class='ocrx_word' id='word_1_207' title='bbox 493 1634 580 1684; x_wconf 84' lang='lat' dir='ltr'>jure</span> <span class='ocrx_word' id='word_1_208' title='bbox 604 1646 714 1684; x_wconf 88' lang='lat' dir='ltr'>pares</span> <span class='ocrx_word' id='word_1_209' title='bbox 742 1641 861 1679; x_wconf 86' lang='lat' dir='ltr'>erant,</span> <span class='ocrx_word' id='word_1_210' title='bbox 889 1647 937 1671; x_wconf 91' lang='lat' dir='ltr'>ne</span> <span class='ocrx_word' id='word_1_211' title='bbox 962 1634 1050 1672; x_wconf 90' lang='lat' dir='ltr'>huic</span> <span class='ocrx_word' id='word_1_212' title='bbox 1069 1634 1223 1684; x_wconf 91' lang='lat' dir='ltr'>quidem</span> <span class='ocrx_word' id='word_1_213' title='bbox 1248 1649 1365 1686; x_wconf 86' lang='lat' dir='ltr'>puero</span> <span class='ocrx_word' id='word_1_214' title='bbox 1391 1641 1471 1689; x_wconf 88' lang='lat' dir='ltr'>pari</span> <span class='ocrx_word' id='word_1_215' title='bbox 1497 1644 1614 1682; x_wconf 83' lang='lat' dir='ltr'>modo</span> 
     </span>
     <span class='ocr_line' id='line_1_24' title="bbox 165 1694 1614 1749; baseline 0.007 -18"><span class='ocrx_word' id='word_1_216' title='bbox 165 1696 230 1746; x_wconf 90' lang='lat' dir='ltr'>jus</span> <span class='ocrx_word' id='word_1_217' title='bbox 260 1694 379 1732; x_wconf 88' lang='lat' dir='ltr'>ullum</span> <span class='ocrx_word' id='word_1_218' title='bbox 407 1707 491 1731; x_wconf 90' lang='lat' dir='ltr'>esse</span> <span class='ocrx_word' id='word_1_219' title='bbox 512 1700 659 1744; x_wconf 89' lang='lat' dir='ltr'>potest;</span> <span class='ocrx_word' id='word_1_220' title='bbox 688 1695 796 1744; x_wconf 90' lang='lat' dir='ltr'>cujus</span> <span class='ocrx_word' id='word_1_221' title='bbox 816 1702 938 1745; x_wconf 88' lang='lat' dir='ltr'>pater,</span> <span class='ocrx_word' id='word_1_222' title='bbox 957 1694 1047 1732; x_wconf 89' lang='lat' dir='ltr'>dum</span> <span class='ocrx_word' id='word_1_223' title='bbox 1066 1695 1221 1742; x_wconf 91' lang='lat' dir='ltr'>viveret,</span> <span class='ocrx_word' id='word_1_224' title='bbox 1248 1696 1286 1734; x_wconf 89' lang='lat' dir='ltr'>in</span> <span class='ocrx_word' id='word_1_225' title='bbox 1311 1700 1614 1749; x_wconf 89' lang='lat' dir='ltr'>gradibus-con-</span> 
     </span>
     <span class='ocr_line' id='line_1_25' title="bbox 172 1755 1612 1808; baseline 0.007 -15"><span class='ocrx_word' id='word_1_226' title='bbox 172 1755 438 1807; x_wconf 82' lang='lat' dir='ltr'>sanguinitatis</span> <span class='ocrx_word' id='word_1_227' title='bbox 458 1755 622 1793; x_wconf 88' lang='lat' dir='ltr'>eundem</span> <span class='ocrx_word' id='word_1_228' title='bbox 643 1755 769 1793; x_wconf 89' lang='lat' dir='ltr'>locum</span> <span class='ocrx_word' id='word_1_229' title='bbox 790 1757 942 1793; x_wconf 87' lang='lat' dir='ltr'>tenebat</span> <span class='ocrx_word' id='word_1_230' title='bbox 959 1770 1072 1806; x_wconf 89' lang='lat' dir='ltr'>quem</span> <span class='ocrx_word' id='word_1_231' title='bbox 1092 1770 1165 1808; x_wconf 88' lang='lat' dir='ltr'>ego</span> <span class='ocrx_word' id='word_1_232' title='bbox 1184 1771 1286 1796; x_wconf 88' lang='lat' dir='ltr'>nunc</span> <span class='ocrx_word' id='word_1_233' title='bbox 1305 1767 1430 1799; x_wconf 88' lang='lat' dir='ltr'>teneo.</span> <span class='ocrx_word' id='word_1_234' title='bbox 1474 1763 1612 1803; x_wconf 90' lang='lat' dir='ltr'>Gravis</span> 
     </span>
     <span class='ocr_line' id='line_1_26' title="bbox 170 1817 1611 1869; baseline 0.008 -16"><span class='ocrx_word' id='word_1_235' title='bbox 170 1817 302 1868; x_wconf 89' lang='lat' dir='ltr'>itaque</span> <span class='ocrx_word' id='word_1_236' title='bbox 330 1830 390 1855; x_wconf 88' lang='lat' dir='ltr'>res</span> <span class='ocrx_word' id='word_1_237' title='bbox 421 1824 479 1854; x_wconf 92' lang='lat' dir='ltr'>est</span> <span class='ocrx_word' id='word_1_238' title='bbox 508 1830 580 1854; x_wconf 83' lang='lat' dir='ltr'>nec</span> <span class='ocrx_word' id='word_1_239' title='bbox 609 1817 780 1861; x_wconf 89' lang='lat' dir='ltr'>ferenda,</span> <span class='ocrx_word' id='word_1_240' title='bbox 807 1831 1026 1868; x_wconf 85' lang='lat' dir='ltr'>quanquam</span> <span class='ocrx_word' id='word_1_241' title='bbox 1057 1818 1164 1869; x_wconf 86' lang='lat' dir='ltr'>leges</span> <span class='ocrx_word' id='word_1_242' title='bbox 1196 1821 1318 1859; x_wconf 86' lang='lat' dir='ltr'>verbis</span> <span class='ocrx_word' id='word_1_243' title='bbox 1348 1829 1425 1861; x_wconf 85' lang='lat' dir='ltr'>tam</span> <span class='ocrx_word' id='word_1_244' title='bbox 1459 1825 1611 1865; x_wconf 89' lang='lat' dir='ltr'>disertis</span> 
     </span>
     <span class='ocr_line' id='line_1_27' title="bbox 168 1878 1610 1934; baseline 0.006 -17"><span class='ocrx_word' id='word_1_245' title='bbox 168 1879 422 1917; x_wconf 88' lang='lat' dir='ltr'>hereditatem</span> <span class='ocrx_word' id='word_1_246' title='bbox 441 1878 532 1915; x_wconf 89' lang='lat' dir='ltr'>mihi</span> <span class='ocrx_word' id='word_1_247' title='bbox 557 1878 785 1923; x_wconf 86' lang='lat' dir='ltr'>addixerint,</span> <span class='ocrx_word' id='word_1_248' title='bbox 812 1880 882 1917; x_wconf 89' lang='lat' dir='ltr'>hos</span> <span class='ocrx_word' id='word_1_249' title='bbox 911 1887 1037 1918; x_wconf 88' lang='lat' dir='ltr'>autem</span> <span class='ocrx_word' id='word_1_250' title='bbox 1066 1881 1346 1932; x_wconf 89' lang='lat' dir='ltr'>propinquitate</span> <span class='ocrx_word' id='word_1_251' title='bbox 1366 1885 1610 1934; x_wconf 85' lang='lat' dir='ltr'>excluserint,</span> 
     </span>
     <span class='ocr_line' id='line_1_28' title="bbox 167 1939 1609 1993; baseline 0.007 -16"><span class='ocrx_word' id='word_1_252' title='bbox 167 1940 271 1978; x_wconf 89' lang='lat' dir='ltr'>hunc</span> <span class='ocrx_word' id='word_1_253' title='bbox 291 1947 420 1978; x_wconf 87' lang='lat' dir='ltr'>tamen</span> <span class='ocrx_word' id='word_1_254' title='bbox 439 1939 684 1977; x_wconf 88' lang='lat' dir='ltr'>nihilominus</span> <span class='ocrx_word' id='word_1_255' title='bbox 705 1940 846 1977; x_wconf 87' lang='lat' dir='ltr'>audere</span> <span class='ocrx_word' id='word_1_256' title='bbox 864 1940 1189 1979; x_wconf 83' lang='lat' dir='ltr'>criminationibus</span> <span class='ocrx_word' id='word_1_257' title='bbox 1206 1943 1343 1993; x_wconf 90' lang='lat' dir='ltr'>iniquis</span> <span class='ocrx_word' id='word_1_258' title='bbox 1364 1952 1402 1983; x_wconf 90' lang='lat' dir='ltr'>et</span> <span class='ocrx_word' id='word_1_259' title='bbox 1420 1949 1609 1988; x_wconf 87' lang='lat' dir='ltr'>ementitis</span> 
     </span>
     <span class='ocr_line' id='line_1_29' title="bbox 169 2001 1607 2054; baseline 0.008 -16"><span class='ocrx_word' id='word_1_260' title='bbox 169 2001 511 2052; x_wconf 85' lang='lat' dir='ltr'>quadruplatorum</span> <span class='ocrx_word' id='word_1_261' title='bbox 540 2014 642 2039; x_wconf 89' lang='lat' dir='ltr'>more</span> <span class='ocrx_word' id='word_1_262' title='bbox 669 2015 729 2039; x_wconf 89' lang='lat' dir='ltr'>me</span> <span class='ocrx_word' id='word_1_263' title='bbox 755 2015 907 2039; x_wconf 85' lang='lat' dir='ltr'>vexare.</span> <span class='ocrx_word' id='word_1_264' title='bbox 966 2002 1131 2040; x_wconf 89' lang='lat' dir='ltr'>Causam</span> <span class='ocrx_word' id='word_1_265' title='bbox 1161 2003 1274 2054; x_wconf 85' lang='lat' dir='ltr'>hujus</span> <span class='ocrx_word' id='word_1_266' title='bbox 1299 2005 1521 2046; x_wconf 87' lang='lat' dir='ltr'>hereditatis</span> <span class='ocrx_word' id='word_1_267' title='bbox 1548 2023 1607 2049; x_wconf 87' lang='lat' dir='ltr'>me</span> 
     </span>
     <span class='ocr_line' id='line_1_30' title="bbox 166 2062 1607 2118; baseline 0.007 -18"><span class='ocrx_word' id='word_1_268' title='bbox 166 2062 361 2107; x_wconf 89' lang='lat' dir='ltr'>sortiente,</span> <span class='ocrx_word' id='word_1_269' title='bbox 392 2075 548 2100; x_wconf 86' lang='lat' dir='ltr'>necesse</span> <span class='ocrx_word' id='word_1_270' title='bbox 568 2075 643 2099; x_wconf 90' lang='lat' dir='ltr'>non</span> <span class='ocrx_word' id='word_1_271' title='bbox 663 2062 829 2100; x_wconf 89' lang='lat' dir='ltr'>ducebat</span> <span class='ocrx_word' id='word_1_272' title='bbox 848 2062 935 2113; x_wconf 90' lang='lat' dir='ltr'>jure</span> <span class='ocrx_word' id='word_1_273' title='bbox 962 2076 1110 2101; x_wconf 88' lang='lat' dir='ltr'>mecum</span> <span class='ocrx_word' id='word_1_274' title='bbox 1139 2066 1312 2115; x_wconf 90' lang='lat' dir='ltr'>experiri,</span> <span class='ocrx_word' id='word_1_275' title='bbox 1338 2081 1462 2118; x_wconf 87' lang='lat' dir='ltr'>neque</span> <span class='ocrx_word' id='word_1_276' title='bbox 1479 2083 1607 2110; x_wconf 86' lang='lat' dir='ltr'>sacra-</span> 
     </span>
     <span class='ocr_line' id='line_1_31' title="bbox 164 2123 1606 2179; baseline 0.006 -18"><span class='ocrx_word' id='word_1_277' title='bbox 164 2131 335 2162; x_wconf 89' lang='lat' dir='ltr'>mentum</span> <span class='ocrx_word' id='word_1_278' title='bbox 353 2130 555 2174; x_wconf 89' lang='lat' dir='ltr'>propterea</span> <span class='ocrx_word' id='word_1_279' title='bbox 573 2123 776 2174; x_wconf 88' lang='lat' dir='ltr'>deponere,</span> <span class='ocrx_word' id='word_1_280' title='bbox 794 2124 856 2161; x_wconf 86' lang='lat' dir='ltr'>ubi</span> <span class='ocrx_word' id='word_1_281' title='bbox 870 2124 1036 2162; x_wconf 89' lang='lat' dir='ltr'>debebat</span> <span class='ocrx_word' id='word_1_282' title='bbox 1050 2125 1253 2176; x_wconf 87' lang='lat' dir='ltr'>disceptari</span> <span class='ocrx_word' id='word_1_283' title='bbox 1273 2128 1303 2165; x_wconf 90' lang='lat' dir='ltr'>si</span> <span class='ocrx_word' id='word_1_284' title='bbox 1319 2142 1432 2179; x_wconf 83' lang='lat' dir='ltr'>quarn</span> <span class='ocrx_word' id='word_1_285' title='bbox 1452 2130 1606 2171; x_wconf 90' lang='lat' dir='ltr'>habuis-</span> 
     </span>
     <span class='ocr_line' id='line_1_32' title="bbox 164 2184 1606 2237; baseline 0.006 -15"><span class='ocrx_word' id='word_1_286' title='bbox 164 2191 223 2223; x_wconf 91' lang='lat' dir='ltr'>set</span> <span class='ocrx_word' id='word_1_287' title='bbox 246 2197 396 2235; x_wconf 84' lang='lat' dir='ltr'>aequam</span> <span class='ocrx_word' id='word_1_288' title='bbox 423 2191 461 2222; x_wconf 91' lang='lat' dir='ltr'>et</span> <span class='ocrx_word' id='word_1_289' title='bbox 479 2198 607 2222; x_wconf 88' lang='lat' dir='ltr'>veram</span> <span class='ocrx_word' id='word_1_290' title='bbox 628 2184 921 2235; x_wconf 83' lang='lat' dir='ltr'>praetensionem</span> <span class='ocrx_word' id='word_1_291' title='bbox 940 2185 1127 2237; x_wconf 89' lang='lat' dir='ltr'>proferre;</span> <span class='ocrx_word' id='word_1_292' title='bbox 1157 2201 1259 2225; x_wconf 91' lang='lat' dir='ltr'>nunc</span> <span class='ocrx_word' id='word_1_293' title='bbox 1280 2197 1421 2236; x_wconf 84' lang='lat' dir='ltr'>autern,</span> <span class='ocrx_word' id='word_1_294' title='bbox 1451 2194 1606 2231; x_wconf 90' lang='lat' dir='ltr'>nomine</span> 
     </span>
     <span class='ocr_line' id='line_1_33' title="bbox 161 2245 1603 2301; baseline 0.007 -19"><span class='ocrx_word' id='word_1_295' title='bbox 161 2245 276 2296; x_wconf 87' lang='lat' dir='ltr'>hujus</span> <span class='ocrx_word' id='word_1_296' title='bbox 303 2246 407 2295; x_wconf 90' lang='lat' dir='ltr'>pueri</span> <span class='ocrx_word' id='word_1_297' title='bbox 434 2246 592 2290; x_wconf 89' lang='lat' dir='ltr'>abusus,</span> <span class='ocrx_word' id='word_1_298' title='bbox 618 2246 774 2296; x_wconf 74' lang='lat' dir='ltr'>negoti-a</span> <span class='ocrx_word' id='word_1_299' title='bbox 801 2245 892 2282; x_wconf 88' lang='lat' dir='ltr'>mihi</span> <span class='ocrx_word' id='word_1_300' title='bbox 919 2245 1080 2284; x_wconf 82' lang='lat' dir='ltr'>molesta</span> <span class='ocrx_word' id='word_1_301' title='bbox 1105 2247 1257 2286; x_wconf 86' lang='lat' dir='ltr'>facessit</span> <span class='ocrx_word' id='word_1_302' title='bbox 1286 2263 1484 2301; x_wconf 91' lang='lat' dir='ltr'>rerumque</span> <span class='ocrx_word' id='word_1_303' title='bbox 1513 2254 1603 2292; x_wconf 90' lang='lat' dir='ltr'>mihi</span> 
     </span>
     <span class='ocr_line' id='line_1_34' title="bbox 163 2306 1604 2357; baseline 0.006 -13"><span class='ocrx_word' id='word_1_304' title='bbox 163 2306 441 2344; x_wconf 87' lang='lat' dir='ltr'>carissimarum</span> <span class='ocrx_word' id='word_1_305' title='bbox 473 2314 589 2357; x_wconf 88' lang='lat' dir='ltr'>atque</span> <span class='ocrx_word' id='word_1_306' title='bbox 619 2319 851 2344; x_wconf 85' lang='lat' dir='ltr'>summarum</span> <span class='ocrx_word' id='word_1_307' title='bbox 882 2307 919 2344; x_wconf 90' lang='lat' dir='ltr'>in</span> <span class='ocrx_word' id='word_1_308' title='bbox 950 2307 1152 2345; x_wconf 91' lang='lat' dir='ltr'>discrimen</span> <span class='ocrx_word' id='word_1_309' title='bbox 1185 2322 1245 2347; x_wconf 90' lang='lat' dir='ltr'>me</span> <span class='ocrx_word' id='word_1_310' title='bbox 1275 2311 1451 2350; x_wconf 84' lang='lat' dir='ltr'>adducit:</span> <span class='ocrx_word' id='word_1_311' title='bbox 1491 2322 1529 2352; x_wconf 91' lang='lat' dir='ltr'>et</span> <span class='ocrx_word' id='word_1_312' title='bbox 1557 2315 1604 2353; x_wconf 91' lang='lat' dir='ltr'>de</span> 
     </span>
     <span class='ocr_line' id='line_1_35' title="bbox 163 2366 1602 2419; baseline 0.008 -16"><span class='ocrx_word' id='word_1_313' title='bbox 163 2366 275 2404; x_wconf 88' lang='lat' dir='ltr'>bonis</span> <span class='ocrx_word' id='word_1_314' title='bbox 294 2366 447 2416; x_wconf 90' lang='lat' dir='ltr'>quidem</span> <span class='ocrx_word' id='word_1_315' title='bbox 469 2367 590 2417; x_wconf 84' lang='lat' dir='ltr'>pueri,</span> <span class='ocrx_word' id='word_1_316' title='bbox 609 2381 696 2417; x_wconf 87' lang='lat' dir='ltr'>quae</span> <span class='ocrx_word' id='word_1_317' title='bbox 716 2368 799 2418; x_wconf 94' lang='lat' dir='ltr'>ejus</span> <span class='ocrx_word' id='word_1_318' title='bbox 827 2381 911 2406; x_wconf 90' lang='lat' dir='ltr'>esse</span> <span class='ocrx_word' id='word_1_319' title='bbox 939 2369 1034 2406; x_wconf 89' lang='lat' dir='ltr'>inter</span> <span class='ocrx_word' id='word_1_320' title='bbox 1059 2383 1191 2409; x_wconf 90' lang='lat' dir='ltr'>omnes</span> <span class='ocrx_word' id='word_1_321' title='bbox 1212 2381 1375 2419; x_wconf 90' lang='lat' dir='ltr'>constat,</span> <span class='ocrx_word' id='word_1_322' title='bbox 1399 2375 1450 2412; x_wconf 86' lang='lat' dir='ltr'>nil</span> <span class='ocrx_word' id='word_1_323' title='bbox 1471 2389 1529 2414; x_wconf 88' lang='lat' dir='ltr'>me</span> <span class='ocrx_word' id='word_1_324' title='bbox 1547 2378 1602 2414; x_wconf 92' lang='lat' dir='ltr'>in-</span> 
     </span>
     <span class='ocr_line' id='line_1_36' title="bbox 163 2428 1602 2486; baseline 0.008 -22"><span class='ocrx_word' id='word_1_325' title='bbox 163 2435 317 2473; x_wconf 88' lang='lat' dir='ltr'>cusant,</span> <span class='ocrx_word' id='word_1_326' title='bbox 337 2440 547 2478; x_wconf 86' lang='lat' dir='ltr'>eorumque</span> <span class='ocrx_word' id='word_1_327' title='bbox 566 2436 714 2479; x_wconf 88' lang='lat' dir='ltr'>partem</span> <span class='ocrx_word' id='word_1_328' title='bbox 742 2428 860 2466; x_wconf 86' lang='lat' dir='ltr'>ullam</span> <span class='ocrx_word' id='word_1_329' title='bbox 889 2442 948 2468; x_wconf 88' lang='lat' dir='ltr'>me</span> <span class='ocrx_word' id='word_1_330' title='bbox 974 2431 1231 2471; x_wconf 86' lang='lat' dir='ltr'>intervertisse</span> <span class='ocrx_word' id='word_1_331' title='bbox 1258 2443 1552 2486; x_wconf 76' lang='lat' dir='ltr'>negant—quae</span> <span class='ocrx_word' id='word_1_332' title='bbox 1572 2439 1602 2475; x_wconf 92' lang='lat' dir='ltr'>si</span> 
     </span>
     <span class='ocr_line' id='line_1_37' title="bbox 162 2487 1602 2545; baseline 0.008 -20"><span class='ocrx_word' id='word_1_333' title='bbox 162 2501 235 2539; x_wconf 85' lang='lat' dir='ltr'>ego</span> <span class='ocrx_word' id='word_1_334' title='bbox 259 2487 401 2538; x_wconf 87' lang='lat' dir='ltr'>cupide</span> <span class='ocrx_word' id='word_1_335' title='bbox 428 2489 666 2539; x_wconf 88' lang='lat' dir='ltr'>turpiterque</span> <span class='ocrx_word' id='word_1_336' title='bbox 691 2488 1032 2537; x_wconf 87' lang='lat' dir='ltr'>administrassem,</span> <span class='ocrx_word' id='word_1_337' title='bbox 1052 2499 1094 2529; x_wconf 94' lang='lat' dir='ltr'>ut</span> <span class='ocrx_word' id='word_1_338' title='bbox 1112 2492 1173 2530; x_wconf 90' lang='lat' dir='ltr'>hic</span> <span class='ocrx_word' id='word_1_339' title='bbox 1193 2494 1296 2538; x_wconf 89' lang='lat' dir='ltr'>fecit,</span> <span class='ocrx_word' id='word_1_340' title='bbox 1317 2498 1520 2545; x_wconf 85' lang='lat' dir='ltr'>oportebat</span> <span class='ocrx_word' id='word_1_341' title='bbox 1543 2513 1602 2537; x_wconf 87' lang='lat' dir='ltr'>me</span> 
     </span>
     <span class='ocr_line' id='line_1_38' title="bbox 161 2549 1601 2606; baseline 0.007 -19"><span class='ocrx_word' id='word_1_342' title='bbox 161 2549 247 2587; x_wconf 91' lang='lat' dir='ltr'>ideo</span> <span class='ocrx_word' id='word_1_343' title='bbox 267 2549 304 2586; x_wconf 90' lang='lat' dir='ltr'>in</span> <span class='ocrx_word' id='word_1_344' title='bbox 323 2549 388 2600; x_wconf 90' lang='lat' dir='ltr'>jus</span> <span class='ocrx_word' id='word_1_345' title='bbox 410 2550 532 2588; x_wconf 89' lang='lat' dir='ltr'>vocari</span> <span class='ocrx_word' id='word_1_346' title='bbox 542 2573 607 2596; x_wconf 91' lang='lat'>—‚</span> <span class='ocrx_word' id='word_1_347' title='bbox 626 2563 714 2600; x_wconf 89' lang='lat' dir='ltr'>quae</span> <span class='ocrx_word' id='word_1_348' title='bbox 733 2557 859 2589; x_wconf 89' lang='lat' dir='ltr'>autem</span> <span class='ocrx_word' id='word_1_349' title='bbox 879 2564 957 2597; x_wconf 86' lang='lat' dir='ltr'>vos,</span> <span class='ocrx_word' id='word_1_350' title='bbox 985 2552 1077 2589; x_wconf 90' lang='lat' dir='ltr'>data</span> <span class='ocrx_word' id='word_1_351' title='bbox 1096 2553 1236 2591; x_wconf 88' lang='lat' dir='ltr'>volenti</span> <span class='ocrx_word' id='word_1_352' title='bbox 1258 2555 1393 2606; x_wconf 92' lang='lat' dir='ltr'>cuique</span> <span class='ocrx_word' id='word_1_353' title='bbox 1420 2558 1601 2597; x_wconf 79' lang='lat' dir='ltr'>facultate</span> 
     </span>
     <span class='ocr_line' id='line_1_39' title="bbox 161 2611 1600 2666; baseline 0.006 -18"><span class='ocrx_word' id='word_1_354' title='bbox 161 2611 315 2662; x_wconf 87' lang='lat' dir='ltr'>petendi</span> <span class='ocrx_word' id='word_1_355' title='bbox 334 2617 450 2662; x_wconf 84' lang='lat' dir='ltr'>atque</span> <span class='ocrx_word' id='word_1_356' title='bbox 470 2625 585 2663; x_wconf 88' lang='lat' dir='ltr'>super</span> <span class='ocrx_word' id='word_1_357' title='bbox 612 2612 656 2650; x_wconf 90' lang='lat' dir='ltr'>iis</span> <span class='ocrx_word' id='word_1_358' title='bbox 682 2625 831 2651; x_wconf 90' lang='lat' dir='ltr'>mecum</span> <span class='ocrx_word' id='word_1_359' title='bbox 856 2613 1039 2657; x_wconf 88' lang='lat' dir='ltr'>certandi,</span> <span class='ocrx_word' id='word_1_360' title='bbox 1066 2627 1150 2651; x_wconf 89' lang='lat' dir='ltr'>mea</span> <span class='ocrx_word' id='word_1_361' title='bbox 1170 2627 1252 2653; x_wconf 88' lang='lat' dir='ltr'>esse</span> <span class='ocrx_word' id='word_1_362' title='bbox 1272 2619 1600 2666; x_wconf 87' lang='lat' dir='ltr'>pronunciavistis,</span> 
     </span>
     <span class='ocr_line' id='line_1_40' title="bbox 160 2672 1597 2730; baseline 0.008 -20"><span class='ocrx_word' id='word_1_363' title='bbox 160 2672 209 2710; x_wconf 92' lang='lat' dir='ltr'>ob</span> <span class='ocrx_word' id='word_1_364' title='bbox 240 2672 325 2710; x_wconf 89' lang='lat' dir='ltr'>haec</span> <span class='ocrx_word' id='word_1_365' title='bbox 352 2679 460 2711; x_wconf 86' lang='lat' dir='ltr'>tanta</span> <span class='ocrx_word' id='word_1_366' title='bbox 491 2673 580 2711; x_wconf 88' lang='lat' dir='ltr'>mihi</span> <span class='ocrx_word' id='word_1_367' title='bbox 612 2675 858 2712; x_wconf 90' lang='lat' dir='ltr'>consciscunt</span> <span class='ocrx_word' id='word_1_368' title='bbox 885 2675 1070 2725; x_wconf 86' lang='lat' dir='ltr'>pericula!</span> <span class='ocrx_word' id='word_1_369' title='bbox 1114 2683 1191 2713; x_wconf 87' lang='lat' dir='ltr'>tam</span> <span class='ocrx_word' id='word_1_370' title='bbox 1220 2685 1309 2715; x_wconf 92' lang='lat' dir='ltr'>sunt</span> <span class='ocrx_word' id='word_1_371' title='bbox 1337 2679 1597 2730; x_wconf 88' lang='lat' dir='ltr'>impudentes!</span> 
     </span>
     <span class='ocr_line' id='line_1_41' title="bbox 159 2731 1205 2786; baseline 0.005 -17"><span class='ocrx_word' id='word_1_372' title='bbox 159 2731 321 2770; x_wconf 87' lang='lat' dir='ltr'>hoccine</span> <span class='ocrx_word' id='word_1_373' title='bbox 341 2745 471 2783; x_wconf 88' lang='lat' dir='ltr'>parum</span> <span class='ocrx_word' id='word_1_374' title='bbox 492 2736 671 2772; x_wconf 88' lang='lat' dir='ltr'>acerbum</span> <span class='ocrx_word' id='word_1_375' title='bbox 691 2736 740 2773; x_wconf 91' lang='lat' dir='ltr'>sit</span> <span class='ocrx_word' id='word_1_376' title='bbox 759 2748 966 2785; x_wconf 88' lang='lat' dir='ltr'>parumque</span> <span class='ocrx_word' id='word_1_377' title='bbox 986 2735 1205 2786; x_wconf 84' lang='lat' dir='ltr'>indignum!</span> 
     </span>
    </p>

    <p class='ocr_par' dir='ltr' id='par_1_7' title="bbox 158 2792 1596 2907">
     <span class='ocr_line' id='line_1_42' title="bbox 211 2792 1596 2849; baseline 0.012 -22"><span class='ocrx_word' id='word_1_378' title='bbox 211 2794 248 2828; x_wconf 85' lang='lat'>4.</span> <span class='ocrx_word' id='word_1_379' title='bbox 279 2792 377 2836; x_wconf 84' lang='lat' dir='ltr'>Quae</span> <span class='ocrx_word' id='word_1_380' title='bbox 404 2793 529 2832; x_wconf 89' lang='lat' dir='ltr'>adhuc</span> <span class='ocrx_word' id='word_1_381' title='bbox 557 2795 762 2846; x_wconf 89' lang='lat' dir='ltr'>disputavi,</span> <span class='ocrx_word' id='word_1_382' title='bbox 783 2796 873 2832; x_wconf 88' lang='lat' dir='ltr'>satis</span> <span class='ocrx_word' id='word_1_383' title='bbox 894 2796 1047 2845; x_wconf 83' lang='lat' dir='ltr'>quidem</span> <span class='ocrx_word' id='word_1_384' title='bbox 1069 2798 1174 2835; x_wconf 90' lang='lat' dir='ltr'>vobis</span> <span class='ocrx_word' id='word_1_385' title='bbox 1192 2799 1272 2849; x_wconf 84' lang='lat' dir='ltr'>jam</span> <span class='ocrx_word' id='word_1_386' title='bbox 1291 2810 1463 2841; x_wconf 88' lang='lat' dir='ltr'>constare</span> <span class='ocrx_word' id='word_1_387' title='bbox 1483 2818 1531 2842; x_wconf 81' lang='lat' dir='ltr'>ex</span> <span class='ocrx_word' id='word_1_388' title='bbox 1555 2806 1596 2842; x_wconf 85' lang='lat' dir='ltr'>iis</span> 
     </span>
     <span class='ocr_line' id='line_1_43' title="bbox 158 2856 1596 2907; baseline 0.008 -16"><span class='ocrx_word' id='word_1_389' title='bbox 158 2866 296 2892; x_wconf 87' lang='lat' dir='ltr'>censeo</span> <span class='ocrx_word' id='word_1_390' title='bbox 325 2866 445 2904; x_wconf 88' lang='lat' dir='ltr'>neque</span> <span class='ocrx_word' id='word_1_391' title='bbox 473 2867 629 2905; x_wconf 90' lang='lat' dir='ltr'>puerum</span> <span class='ocrx_word' id='word_1_392' title='bbox 656 2857 736 2895; x_wconf 84' lang='lat' dir='ltr'>ulla</span> <span class='ocrx_word' id='word_1_393' title='bbox 762 2868 847 2894; x_wconf 87' lang='lat' dir='ltr'>mea</span> <span class='ocrx_word' id='word_1_394' title='bbox 872 2856 1004 2907; x_wconf 85' lang='lat' dir='ltr'>injuria</span> <span class='ocrx_word' id='word_1_395' title='bbox 1036 2857 1171 2896; x_wconf 81' lang='lat' dir='ltr'>laesum</span> <span class='ocrx_word' id='word_1_396' title='bbox 1196 2873 1281 2899; x_wconf 85' lang='lat' dir='ltr'>esse</span> <span class='ocrx_word' id='word_1_397' title='bbox 1309 2870 1348 2900; x_wconf 88' lang='lat' dir='ltr'>et</span> <span class='ocrx_word' id='word_1_398' title='bbox 1371 2876 1417 2905; x_wconf 81' lang='lat' dir='ltr'>ne</span> <span class='ocrx_word' id='word_1_399' title='bbox 1443 2866 1596 2904; x_wconf 79' lang='lat' dir='ltr'>minima</span> 
     </span>
    </p>
   </div>
  </div>
 </body>
</html>
