<?xml version="1.0" encoding="UTF-8"?>
<!DOCTYPE html PUBLIC "-//W3C//DTD XHTML 1.0 Transitional//EN"
    "http://www.w3.org/TR/xhtml1/DTD/xhtml1-transitional.dtd">
<html xmlns="http://www.w3.org/1999/xhtml" xml:lang="en" lang="en">
 <head>
  <title>
</title>
<meta http-equiv="Content-Type" content="text/html;charset=utf-8" />
  <meta name='ocr-system' content='tesseract 3.04.00' />
  <meta name='ocr-capabilities' content='ocr_page ocr_carea ocr_par ocr_line ocrx_word'/>
</head>
<body>
  <div class='ocr_page' id='page_1' title='image "./oratoresatticie14dobs_0164.png"; bbox 0 0 1870 3277; ppageno 0'>
   <div class='ocr_carea' id='block_1_1' title="bbox 243 189 1118 227">
    <p class='ocr_par' dir='ltr' id='par_1_1' title="bbox 243 189 1118 227">
     <span class='ocr_line' id='line_1_1' title="bbox 243 189 1118 227; baseline 0 -1"><span class='ocrx_word' id='word_1_1' title='bbox 243 192 312 226; x_wconf 63' lang='lat'>152</span> <span class='ocrx_word' id='word_1_2' title='bbox 828 189 1118 227; x_wconf 75' lang='lat' dir='ltr'>ISOCRATlS</span> 
     </span>
    </p>
   </div>
   <div class='ocr_carea' id='block_1_2' title="bbox 227 288 1711 3003">
    <p class='ocr_par' dir='ltr' id='par_1_2' title="bbox 229 288 1711 2199">
     <span class='ocr_line' id='line_1_2' title="bbox 231 288 1708 340; baseline -0.003 -12"><span class='ocrx_word' id='word_1_3' title='bbox 231 303 356 328; x_wconf 88' lang='lat' dir='ltr'>rerum</span> <span class='ocrx_word' id='word_1_4' title='bbox 386 289 556 340; x_wconf 86' lang='lat' dir='ltr'>potiente</span> <span class='ocrx_word' id='word_1_5' title='bbox 586 289 705 328; x_wconf 87' lang='lat' dir='ltr'>multa</span> <span class='ocrx_word' id='word_1_6' title='bbox 727 291 938 328; x_wconf 85' lang='lat' dir='ltr'>certamina</span> <span class='ocrx_word' id='word_1_7' title='bbox 962 291 1130 335; x_wconf 81' lang='lat' dir='ltr'>suerunt,</span> <span class='ocrx_word' id='word_1_8' title='bbox 1153 288 1318 327; x_wconf 81' lang='lat' dir='ltr'>Caribus</span> <span class='ocrx_word' id='word_1_9' title='bbox 1341 290 1404 339; x_wconf 88' lang='lat' dir='ltr'>qui</span> <span class='ocrx_word' id='word_1_10' title='bbox 1427 294 1623 339; x_wconf 88' lang='lat' dir='ltr'>postremo</span> <span class='ocrx_word' id='word_1_11' title='bbox 1643 298 1708 324; x_wconf 90' lang='lat' dir='ltr'>eas</span> 
     </span>
     <span class='ocr_line' id='line_1_3' title="bbox 231 347 1707 402; baseline -0.003 -14"><span class='ocrx_word' id='word_1_12' title='bbox 231 364 365 389; x_wconf 90' lang='lat' dir='ltr'>omnes</span> <span class='ocrx_word' id='word_1_13' title='bbox 394 359 634 401; x_wconf 85' lang='lat' dir='ltr'>occuparant</span> <span class='ocrx_word' id='word_1_14' title='bbox 660 352 808 402; x_wconf 84' lang='lat' dir='ltr'>ejectis,</span> <span class='ocrx_word' id='word_1_15' title='bbox 831 364 906 389; x_wconf 89' lang='lat' dir='ltr'>non</span> <span class='ocrx_word' id='word_1_16' title='bbox 934 353 970 390; x_wconf 88' lang='lat' dir='ltr'>in</span> <span class='ocrx_word' id='word_1_17' title='bbox 1000 365 1111 390; x_wconf 87' lang='lat' dir='ltr'>suum</span> <span class='ocrx_word' id='word_1_18' title='bbox 1145 350 1340 402; x_wconf 85' lang='lat' dir='ltr'>peculium</span> <span class='ocrx_word' id='word_1_19' title='bbox 1370 357 1595 388; x_wconf 90' lang='lat' dir='ltr'>convertere</span> <span class='ocrx_word' id='word_1_20' title='bbox 1621 347 1707 385; x_wconf 86' lang='lat' dir='ltr'>ausi</span> 
     </span>
     <span class='ocr_line' id='line_1_4' title="bbox 234 409 1710 463; baseline -0.002 -13"><span class='ocrx_word' id='word_1_21' title='bbox 234 414 405 458; x_wconf 85' lang='lat' dir='ltr'>fuerunt,</span> <span class='ocrx_word' id='word_1_22' title='bbox 428 412 495 450; x_wconf 87' lang='lat' dir='ltr'>sed</span> <span class='ocrx_word' id='word_1_23' title='bbox 520 412 748 450; x_wconf 86' lang='lat' dir='ltr'>Graecorum</span> <span class='ocrx_word' id='word_1_24' title='bbox 775 414 1034 463; x_wconf 78' lang='lat' dir='ltr'>egentissimis</span> <span class='ocrx_word' id='word_1_25' title='bbox 1061 413 1247 451; x_wconf 86' lang='lat' dir='ltr'>colendas</span> <span class='ocrx_word' id='word_1_26' title='bbox 1274 411 1538 449; x_wconf 87' lang='lat' dir='ltr'>tradiderunt:</span> <span class='ocrx_word' id='word_1_27' title='bbox 1569 409 1710 448; x_wconf 87' lang='lat' dir='ltr'>deinde</span> 
     </span>
     <span class='ocr_line' id='line_1_5' title="bbox 233 473 1711 525; baseline -0.001 -13"><span class='ocrx_word' id='word_1_28' title='bbox 233 475 270 512; x_wconf 89' lang='lat' dir='ltr'>in</span> <span class='ocrx_word' id='word_1_29' title='bbox 292 482 454 525; x_wconf 88' lang='lat' dir='ltr'>utraque</span> <span class='ocrx_word' id='word_1_30' title='bbox 474 474 698 512; x_wconf 84' lang='lat' dir='ltr'>continente</span> <span class='ocrx_word' id='word_1_31' title='bbox 721 474 847 512; x_wconf 83' lang='lat' dir='ltr'>multis</span> <span class='ocrx_word' id='word_1_32' title='bbox 868 482 908 512; x_wconf 87' lang='lat' dir='ltr'>et</span> <span class='ocrx_word' id='word_1_33' title='bbox 928 475 1077 525; x_wconf 83' lang='lat' dir='ltr'>magnis</span> <span class='ocrx_word' id='word_1_34' title='bbox 1100 476 1255 512; x_wconf 81' lang='lat' dir='ltr'>urbibus</span> <span class='ocrx_word' id='word_1_35' title='bbox 1272 473 1449 518; x_wconf 87' lang='lat' dir='ltr'>conditis,</span> <span class='ocrx_word' id='word_1_36' title='bbox 1469 486 1556 511; x_wconf 94' lang='lat' dir='ltr'>cum</span> <span class='ocrx_word' id='word_1_37' title='bbox 1576 473 1711 510; x_wconf 81' lang='lat' dir='ltr'>barba-</span> 
     </span>
     <span class='ocr_line' id='line_1_6' title="bbox 235 535 1710 587; baseline -0.001 -13"><span class='ocrx_word' id='word_1_38' title='bbox 235 550 296 574; x_wconf 91' lang='lat' dir='ltr'>ros</span> <span class='ocrx_word' id='word_1_39' title='bbox 314 549 335 573; x_wconf 89' lang='lat' dir='ltr'>a</span> <span class='ocrx_word' id='word_1_40' title='bbox 352 538 443 573; x_wconf 82' lang='lat' dir='ltr'>mari</span> <span class='ocrx_word' id='word_1_41' title='bbox 461 536 711 587; x_wconf 87' lang='lat' dir='ltr'>pepulerunt,</span> <span class='ocrx_word' id='word_1_42' title='bbox 727 543 806 574; x_wconf 88' lang='lat' dir='ltr'>turn</span> <span class='ocrx_word' id='word_1_43' title='bbox 826 536 988 574; x_wconf 78' lang='lat' dir='ltr'>Graecos</span> <span class='ocrx_word' id='word_1_44' title='bbox 1006 537 1226 575; x_wconf 84' lang='lat' dir='ltr'>docuerunt</span> <span class='ocrx_word' id='word_1_45' title='bbox 1246 549 1322 587; x_wconf 90' lang='lat' dir='ltr'>quo</span> <span class='ocrx_word' id='word_1_46' title='bbox 1343 543 1460 586; x_wconf 83' lang='lat' dir='ltr'>pacto</span> <span class='ocrx_word' id='word_1_47' title='bbox 1483 548 1574 572; x_wconf 81' lang='lat' dir='ltr'>suas</span> <span class='ocrx_word' id='word_1_48' title='bbox 1595 535 1710 572; x_wconf 87' lang='lat' dir='ltr'>urbes</span> 
     </span>
     <span class='ocr_line' id='line_1_7' title="bbox 236 596 1711 649; baseline -0.002 -14"><span class='ocrx_word' id='word_1_49' title='bbox 236 599 452 649; x_wconf 80' lang='lat' dir='ltr'>gubernare</span> <span class='ocrx_word' id='word_1_50' title='bbox 472 605 511 635; x_wconf 90' lang='lat' dir='ltr'>et</span> <span class='ocrx_word' id='word_1_51' title='bbox 530 605 667 635; x_wconf 84' lang='lat' dir='ltr'>contra</span> <span class='ocrx_word' id='word_1_52' title='bbox 687 611 782 648; x_wconf 83' lang='lat' dir='ltr'>quos</span> <span class='ocrx_word' id='word_1_53' title='bbox 805 598 907 635; x_wconf 85' lang='lat' dir='ltr'>bella</span> <span class='ocrx_word' id='word_1_54' title='bbox 928 612 1057 648; x_wconf 82' lang='lat' dir='ltr'>gerere</span> <span class='ocrx_word' id='word_1_55' title='bbox 1080 599 1266 636; x_wconf 82' lang='lat' dir='ltr'>deberent</span> <span class='ocrx_word' id='word_1_56' title='bbox 1293 598 1323 634; x_wconf 84' lang='lat' dir='ltr'>si</span> <span class='ocrx_word' id='word_1_57' title='bbox 1346 596 1538 635; x_wconf 74' lang='lat' dir='ltr'>Graeciam</span> <span class='ocrx_word' id='word_1_58' title='bbox 1566 596 1711 633; x_wconf 86' lang='lat' dir='ltr'>vellent</span> 
     </span>
     <span class='ocr_line' id='line_1_8' title="bbox 236 658 1709 711; baseline -0.002 -13"><span class='ocrx_word' id='word_1_59' title='bbox 236 660 522 711; x_wconf 83' lang='lat' dir='ltr'>amplificatam.</span> <span class='ocrx_word' id='word_1_60' title='bbox 582 659 867 697; x_wconf 81' lang='lat' dir='ltr'>Lacedaemonii</span> <span class='ocrx_word' id='word_1_61' title='bbox 898 673 988 697; x_wconf 89' lang='lat' dir='ltr'>vero</span> <span class='ocrx_word' id='word_1_62' title='bbox 1014 660 1116 698; x_wconf 87' lang='lat' dir='ltr'>circa</span> <span class='ocrx_word' id='word_1_63' title='bbox 1144 661 1243 698; x_wconf 76' lang='lat' dir='ltr'>idem</span> <span class='ocrx_word' id='word_1_64' title='bbox 1275 668 1426 710; x_wconf 83' lang='lat' dir='ltr'>tempus</span> <span class='ocrx_word' id='word_1_65' title='bbox 1459 665 1610 696; x_wconf 85' lang='lat' dir='ltr'>tantum</span> <span class='ocrx_word' id='word_1_66' title='bbox 1642 658 1709 695; x_wconf 87' lang='lat' dir='ltr'>ab·</span> 
     </span>
     <span class='ocr_line' id='line_1_9' title="bbox 235 721 1711 774; baseline -0.001 -16"><span class='ocrx_word' id='word_1_67' title='bbox 235 721 392 759; x_wconf 86' lang='lat' dir='ltr'>fuerunt</span> <span class='ocrx_word' id='word_1_68' title='bbox 423 728 464 758; x_wconf 86' lang='lat' dir='ltr'>ut</span> <span class='ocrx_word' id='word_1_69' title='bbox 492 721 637 771; x_wconf 83' lang='lat' dir='ltr'>aliquid</span> <span class='ocrx_word' id='word_1_70' title='bbox 666 722 853 772; x_wconf 88' lang='lat' dir='ltr'>majorum</span> <span class='ocrx_word' id='word_1_71' title='bbox 883 729 1099 759; x_wconf 88' lang='lat' dir='ltr'>nostrorum</span> <span class='ocrx_word' id='word_1_72' title='bbox 1128 723 1309 774; x_wconf 79' lang='lat' dir='ltr'>operibus</span> <span class='ocrx_word' id='word_1_73' title='bbox 1336 721 1459 759; x_wconf 88' lang='lat' dir='ltr'>simile</span> <span class='ocrx_word' id='word_1_74' title='bbox 1482 726 1711 771; x_wconf 69' lang='lat' dir='ltr'>praestarent</span> 
     </span>
     <span class='ocr_line' id='line_1_10' title="bbox 235 782 1709 833; baseline -0.001 -13"><span class='ocrx_word' id='word_1_75' title='bbox 235 784 314 821; x_wconf 91' lang='lat' dir='ltr'>sive</span> <span class='ocrx_word' id='word_1_76' title='bbox 331 783 513 820; x_wconf 86' lang='lat' dir='ltr'>barbaros</span> <span class='ocrx_word' id='word_1_77' title='bbox 530 783 796 833; x_wconf 82' lang='lat' dir='ltr'>oppugnando</span> <span class='ocrx_word' id='word_1_78' title='bbox 815 783 894 820; x_wconf 85' lang='lat' dir='ltr'>sive</span> <span class='ocrx_word' id='word_1_79' title='bbox 912 783 1059 821; x_wconf 84' lang='lat' dir='ltr'>Graecis</span> <span class='ocrx_word' id='word_1_80' title='bbox 1076 783 1368 828; x_wconf 83' lang='lat' dir='ltr'>benefaciendo,</span> <span class='ocrx_word' id='word_1_81' title='bbox 1386 789 1488 819; x_wconf 80' lang='lat' dir='ltr'>utne</span> <span class='ocrx_word' id='word_1_82' title='bbox 1505 782 1709 832; x_wconf 77' lang='lat' dir='ltr'>quiescere</span> 
     </span>
     <span class='ocr_line' id='line_1_11' title="bbox 234 842 1708 895; baseline -0.001 -13"><span class='ocrx_word' id='word_1_83' title='bbox 234 844 389 895; x_wconf 90' lang='lat' dir='ltr'>quidem</span> <span class='ocrx_word' id='word_1_84' title='bbox 412 844 619 890; x_wconf 85' lang='lat' dir='ltr'>voluerint,</span> <span class='ocrx_word' id='word_1_85' title='bbox 647 844 732 890; x_wconf 85' lang='lat' dir='ltr'>sed,</span> <span class='ocrx_word' id='word_1_86' title='bbox 756 857 875 895; x_wconf 89' lang='lat' dir='ltr'>quum</span> <span class='ocrx_word' id='word_1_87' title='bbox 903 851 941 882; x_wconf 87' lang='lat' dir='ltr'>et</span> <span class='ocrx_word' id='word_1_88' title='bbox 967 847 1098 883; x_wconf 85' lang='lat' dir='ltr'>urbem</span> <span class='ocrx_word' id='word_1_89' title='bbox 1127 846 1291 883; x_wconf 78' lang='lat' dir='ltr'>alienam</span> <span class='ocrx_word' id='word_1_90' title='bbox 1319 853 1358 883; x_wconf 89' lang='lat' dir='ltr'>et</span> <span class='ocrx_word' id='word_1_91' title='bbox 1381 844 1566 895; x_wconf 79' lang='lat' dir='ltr'>agrinon</span> <span class='ocrx_word' id='word_1_92' title='bbox 1592 842 1708 881; x_wconf 88' lang='lat' dir='ltr'>modo</span> 
     </span>
     <span class='ocr_line' id='line_1_12' title="bbox 235 905 1710 958; baseline -0.002 -14"><span class='ocrx_word' id='word_1_93' title='bbox 235 907 340 958; x_wconf 88' lang='lat' dir='ltr'>quod</span> <span class='ocrx_word' id='word_1_94' title='bbox 363 907 455 945; x_wconf 88' lang='lat' dir='ltr'>satis</span> <span class='ocrx_word' id='word_1_95' title='bbox 475 914 592 951; x_wconf 89' lang='lat' dir='ltr'>esset,</span> <span class='ocrx_word' id='word_1_96' title='bbox 610 907 677 944; x_wconf 89' lang='lat' dir='ltr'>sed</span> <span class='ocrx_word' id='word_1_97' title='bbox 698 914 890 957; x_wconf 87' lang='lat' dir='ltr'>quantum</span> <span class='ocrx_word' id='word_1_98' title='bbox 911 908 1018 944; x_wconf 83' lang='lat' dir='ltr'>nulla</span> <span class='ocrx_word' id='word_1_99' title='bbox 1036 907 1177 946; x_wconf 72' lang='lat' dir='ltr'>Graeca</span> <span class='ocrx_word' id='word_1_100' title='bbox 1198 908 1304 952; x_wconf 84' lang='lat' dir='ltr'>urbs,</span> <span class='ocrx_word' id='word_1_101' title='bbox 1321 907 1522 952; x_wconf 83' lang='lat' dir='ltr'>haberent,</span> <span class='ocrx_word' id='word_1_102' title='bbox 1540 905 1599 943; x_wconf 90' lang='lat' dir='ltr'>his</span> <span class='ocrx_word' id='word_1_103' title='bbox 1620 917 1710 942; x_wconf 90' lang='lat' dir='ltr'>con-</span> 
     </span>
     <span class='ocr_line' id='line_1_13' title="bbox 235 968 1708 1020; baseline -0.001 -14"><span class='ocrx_word' id='word_1_104' title='bbox 235 969 331 1006; x_wconf 85' lang='lat' dir='ltr'>tenti</span> <span class='ocrx_word' id='word_1_105' title='bbox 362 982 437 1006; x_wconf 91' lang='lat' dir='ltr'>non</span> <span class='ocrx_word' id='word_1_106' title='bbox 466 968 622 1013; x_wconf 87' lang='lat' dir='ltr'>fuerint,</span> <span class='ocrx_word' id='word_1_107' title='bbox 643 969 712 1006; x_wconf 85' lang='lat' dir='ltr'>sed</span> <span class='ocrx_word' id='word_1_108' title='bbox 734 969 817 1019; x_wconf 87' lang='lat' dir='ltr'>ipso</span> <span class='ocrx_word' id='word_1_109' title='bbox 838 976 978 1006; x_wconf 87' lang='lat' dir='ltr'>eventu</span> <span class='ocrx_word' id='word_1_110' title='bbox 1000 968 1141 1015; x_wconf 83' lang='lat' dir='ltr'>edocti,</span> <span class='ocrx_word' id='word_1_111' title='bbox 1164 969 1193 1006; x_wconf 88' lang='lat' dir='ltr'>si</span> <span class='ocrx_word' id='word_1_112' title='bbox 1215 969 1318 1020; x_wconf 84' lang='lat' dir='ltr'>leges</span> <span class='ocrx_word' id='word_1_113' title='bbox 1340 975 1575 1020; x_wconf 85' lang='lat' dir='ltr'>spectemus,</span> <span class='ocrx_word' id='word_1_114' title='bbox 1593 968 1708 1005; x_wconf 87' lang='lat' dir='ltr'>urbes</span> 
     </span>
     <span class='ocr_line' id='line_1_14' title="bbox 235 1027 1707 1082; baseline -0.003 -12"><span class='ocrx_word' id='word_1_115' title='bbox 235 1040 271 1070; x_wconf 92' lang='lat' dir='ltr'>et</span> <span class='ocrx_word' id='word_1_116' title='bbox 302 1032 478 1082; x_wconf 79' lang='lat' dir='ltr'>regiones</span> <span class='ocrx_word' id='word_1_117' title='bbox 506 1044 637 1068; x_wconf 86' lang='lat' dir='ltr'>eorum</span> <span class='ocrx_word' id='word_1_118' title='bbox 665 1031 785 1069; x_wconf 87' lang='lat' dir='ltr'>videri</span> <span class='ocrx_word' id='word_1_119' title='bbox 806 1030 872 1082; x_wconf 86' lang='lat' dir='ltr'>qui</span> <span class='ocrx_word' id='word_1_120' title='bbox 896 1044 960 1069; x_wconf 87' lang='lat' dir='ltr'>eas</span> <span class='ocrx_word' id='word_1_121' title='bbox 983 1032 1088 1082; x_wconf 85' lang='lat' dir='ltr'>juste</span> <span class='ocrx_word' id='word_1_122' title='bbox 1110 1032 1356 1082; x_wconf 81' lang='lat' dir='ltr'>legitimeque</span> <span class='ocrx_word' id='word_1_123' title='bbox 1377 1037 1507 1081; x_wconf 82' lang='lat' dir='ltr'>partas</span> <span class='ocrx_word' id='word_1_124' title='bbox 1528 1027 1707 1080; x_wconf 86' lang='lat' dir='ltr'>posside-</span> 
     </span>
     <span class='ocr_line' id='line_1_15' title="bbox 235 1093 1708 1144; baseline -0.002 -13"><span class='ocrx_word' id='word_1_125' title='bbox 235 1101 332 1136; x_wconf 86' lang='lat' dir='ltr'>rent,</span> <span class='ocrx_word' id='word_1_126' title='bbox 349 1106 481 1130; x_wconf 89' lang='lat' dir='ltr'>revera</span> <span class='ocrx_word' id='word_1_127' title='bbox 494 1100 622 1130; x_wconf 85' lang='lat' dir='ltr'>autem</span> <span class='ocrx_word' id='word_1_128' title='bbox 639 1105 771 1130; x_wconf 88' lang='lat' dir='ltr'>eorum</span> <span class='ocrx_word' id='word_1_129' title='bbox 787 1094 866 1131; x_wconf 86' lang='lat' dir='ltr'>fieri</span> <span class='ocrx_word' id='word_1_130' title='bbox 880 1094 944 1144; x_wconf 86' lang='lat' dir='ltr'>qui</span> <span class='ocrx_word' id='word_1_131' title='bbox 961 1093 1155 1144; x_wconf 75' lang='lat' dir='ltr'>praecipue</span> <span class='ocrx_word' id='word_1_132' title='bbox 1174 1106 1251 1130; x_wconf 89' lang='lat' dir='ltr'>rem</span> <span class='ocrx_word' id='word_1_133' title='bbox 1266 1093 1471 1130; x_wconf 87' lang='lat' dir='ltr'>militarem</span> <span class='ocrx_word' id='word_1_134' title='bbox 1484 1097 1708 1129; x_wconf 88' lang='lat' dir='ltr'>exercerent</span> 
     </span>
     <span class='ocr_line' id='line_1_16' title="bbox 234 1151 1705 1207; baseline -0.003 -14"><span class='ocrx_word' id='word_1_135' title='bbox 234 1164 272 1193; x_wconf 86' lang='lat' dir='ltr'>et</span> <span class='ocrx_word' id='word_1_136' title='bbox 292 1156 328 1192; x_wconf 91' lang='lat' dir='ltr'>in</span> <span class='ocrx_word' id='word_1_137' title='bbox 350 1155 492 1206; x_wconf 77' lang='lat' dir='ltr'>praeliis</span> <span class='ocrx_word' id='word_1_138' title='bbox 512 1155 646 1192; x_wconf 89' lang='lat' dir='ltr'>hostes</span> <span class='ocrx_word' id='word_1_139' title='bbox 669 1167 851 1206; x_wconf 82' lang='lat' dir='ltr'>superare</span> <span class='ocrx_word' id='word_1_140' title='bbox 873 1162 1044 1207; x_wconf 78' lang='lat' dir='ltr'>possent,</span> <span class='ocrx_word' id='word_1_141' title='bbox 1066 1155 1150 1193; x_wconf 83' lang='lat' dir='ltr'>haec</span> <span class='ocrx_word' id='word_1_142' title='bbox 1169 1155 1327 1205; x_wconf 84' lang='lat' dir='ltr'>inquam</span> <span class='ocrx_word' id='word_1_143' title='bbox 1349 1167 1439 1192; x_wconf 89' lang='lat' dir='ltr'>cum</span> <span class='ocrx_word' id='word_1_144' title='bbox 1463 1153 1541 1192; x_wconf 90' lang='lat' dir='ltr'>suis</span> <span class='ocrx_word' id='word_1_145' title='bbox 1568 1151 1705 1190; x_wconf 86' lang='lat' dir='ltr'>animis</span> 
     </span>
     <span class='ocr_line' id='line_1_17' title="bbox 232 1214 1706 1268; baseline -0.002 -14"><span class='ocrx_word' id='word_1_146' title='bbox 232 1217 467 1267; x_wconf 76' lang='lat' dir='ltr'>cogitantes,</span> <span class='ocrx_word' id='word_1_147' title='bbox 484 1216 725 1266; x_wconf 80' lang='lat' dir='ltr'>agricultura</span> <span class='ocrx_word' id='word_1_148' title='bbox 741 1217 921 1267; x_wconf 87' lang='lat' dir='ltr'>neglecta</span> <span class='ocrx_word' id='word_1_149' title='bbox 934 1224 972 1255; x_wconf 88' lang='lat' dir='ltr'>et</span> <span class='ocrx_word' id='word_1_150' title='bbox 987 1217 1149 1268; x_wconf 83' lang='lat' dir='ltr'>opificiis</span> <span class='ocrx_word' id='word_1_151' title='bbox 1166 1224 1204 1254; x_wconf 89' lang='lat' dir='ltr'>et</span> <span class='ocrx_word' id='word_1_152' title='bbox 1217 1217 1330 1254; x_wconf 86' lang='lat' dir='ltr'>rebus</span> <span class='ocrx_word' id='word_1_153' title='bbox 1347 1214 1496 1253; x_wconf 84' lang='lat' dir='ltr'>caeteris</span> <span class='ocrx_word' id='word_1_154' title='bbox 1512 1214 1706 1260; x_wconf 89' lang='lat' dir='ltr'>omnibus,</span> 
     </span>
     <span class='ocr_line' id='line_1_18' title="bbox 235 1278 1705 1331; baseline -0.001 -15"><span class='ocrx_word' id='word_1_155' title='bbox 235 1292 435 1330; x_wconf 89' lang='lat' dir='ltr'>nunquam</span> <span class='ocrx_word' id='word_1_156' title='bbox 457 1279 692 1317; x_wconf 87' lang='lat' dir='ltr'>destiterunt</span> <span class='ocrx_word' id='word_1_157' title='bbox 715 1280 940 1331; x_wconf 86' lang='lat' dir='ltr'>singulatim</span> <span class='ocrx_word' id='word_1_158' title='bbox 960 1293 1135 1331; x_wconf 87' lang='lat' dir='ltr'>quasque</span> <span class='ocrx_word' id='word_1_159' title='bbox 1158 1278 1418 1330; x_wconf 88' lang='lat' dir='ltr'>Peloponnesi</span> <span class='ocrx_word' id='word_1_160' title='bbox 1440 1278 1617 1316; x_wconf 86' lang='lat' dir='ltr'>civitates</span> <span class='ocrx_word' id='word_1_161' title='bbox 1639 1291 1705 1329; x_wconf 91' lang='lat' dir='ltr'>op-</span> 
     </span>
     <span class='ocr_line' id='line_1_19' title="bbox 231 1340 1705 1392; baseline -0.001 -13"><span class='ocrx_word' id='word_1_162' title='bbox 231 1354 406 1392; x_wconf 82' lang='lat' dir='ltr'>pugnare</span> <span class='ocrx_word' id='word_1_163' title='bbox 421 1347 460 1379; x_wconf 89' lang='lat' dir='ltr'>et</span> <span class='ocrx_word' id='word_1_164' title='bbox 475 1353 628 1386; x_wconf 83' lang='lat' dir='ltr'>vexare,</span> <span class='ocrx_word' id='word_1_165' title='bbox 641 1340 768 1378; x_wconf 91' lang='lat' dir='ltr'>donec</span> <span class='ocrx_word' id='word_1_166' title='bbox 785 1354 920 1378; x_wconf 90' lang='lat' dir='ltr'>omnes</span> <span class='ocrx_word' id='word_1_167' title='bbox 937 1348 1157 1379; x_wconf 87' lang='lat' dir='ltr'>everterant</span> <span class='ocrx_word' id='word_1_168' title='bbox 1174 1341 1405 1392; x_wconf 81' lang='lat' dir='ltr'>Argivorum</span> <span class='ocrx_word' id='word_1_169' title='bbox 1420 1341 1513 1378; x_wconf 89' lang='lat' dir='ltr'>urbe</span> <span class='ocrx_word' id='word_1_170' title='bbox 1529 1346 1705 1390; x_wconf 91' lang='lat' dir='ltr'>accepta.</span> 
     </span>
     <span class='ocr_line' id='line_1_20' title="bbox 236 1401 1705 1453; baseline 0 -13"><span class='ocrx_word' id='word_1_171' title='bbox 236 1403 399 1441; x_wconf 85' lang='lat' dir='ltr'>Nostras</span> <span class='ocrx_word' id='word_1_172' title='bbox 428 1403 542 1453; x_wconf 87' lang='lat' dir='ltr'>igitur</span> <span class='ocrx_word' id='word_1_173' title='bbox 572 1402 743 1440; x_wconf 79' lang='lat' dir='ltr'>actiones</span> <span class='ocrx_word' id='word_1_174' title='bbox 772 1401 868 1440; x_wconf 88' lang='lat' dir='ltr'>illud</span> <span class='ocrx_word' id='word_1_175' title='bbox 899 1409 1153 1441; x_wconf 83' lang='lat' dir='ltr'>consecutum</span> <span class='ocrx_word' id='word_1_176' title='bbox 1182 1409 1252 1448; x_wconf 88' lang='lat' dir='ltr'>est,</span> <span class='ocrx_word' id='word_1_177' title='bbox 1284 1412 1326 1440; x_wconf 87' lang='lat' dir='ltr'>ut</span> <span class='ocrx_word' id='word_1_178' title='bbox 1355 1409 1394 1440; x_wconf 89' lang='lat' dir='ltr'>et</span> <span class='ocrx_word' id='word_1_179' title='bbox 1420 1401 1583 1439; x_wconf 84' lang='lat' dir='ltr'>Graeciae</span> <span class='ocrx_word' id='word_1_180' title='bbox 1611 1414 1705 1453; x_wconf 87' lang='lat' dir='ltr'>opes</span> 
     </span>
     <span class='ocr_line' id='line_1_21' title="bbox 232 1463 1705 1516; baseline -0.001 -13"><span class='ocrx_word' id='word_1_181' title='bbox 232 1471 468 1516; x_wconf 85' lang='lat' dir='ltr'>augerentur</span> <span class='ocrx_word' id='word_1_182' title='bbox 493 1470 532 1502; x_wconf 88' lang='lat' dir='ltr'>et</span> <span class='ocrx_word' id='word_1_183' title='bbox 558 1463 678 1515; x_wconf 84' lang='lat' dir='ltr'>major</span> <span class='ocrx_word' id='word_1_184' title='bbox 706 1471 810 1502; x_wconf 91' lang='lat' dir='ltr'>esset</span> <span class='ocrx_word' id='word_1_185' title='bbox 837 1464 1005 1515; x_wconf 87' lang='lat' dir='ltr'>Europae</span> <span class='ocrx_word' id='word_1_186' title='bbox 1032 1477 1150 1515; x_wconf 87' lang='lat' dir='ltr'>quarn</span> <span class='ocrx_word' id='word_1_187' title='bbox 1172 1464 1276 1501; x_wconf 80' lang='lat' dir='ltr'>Asiae</span> <span class='ocrx_word' id='word_1_188' title='bbox 1302 1464 1487 1515; x_wconf 88' lang='lat' dir='ltr'>potentia,</span> <span class='ocrx_word' id='word_1_189' title='bbox 1507 1470 1547 1502; x_wconf 89' lang='lat' dir='ltr'>et</span> <span class='ocrx_word' id='word_1_190' title='bbox 1572 1464 1705 1515; x_wconf 85' lang='lat' dir='ltr'>inopes</span> 
     </span>
     <span class='ocr_line' id='line_1_22' title="bbox 232 1525 1706 1578; baseline 0 -14"><span class='ocrx_word' id='word_1_191' title='bbox 232 1539 345 1578; x_wconf 82' lang='lat' dir='ltr'>porro</span> <span class='ocrx_word' id='word_1_192' title='bbox 368 1525 497 1563; x_wconf 81' lang='lat' dir='ltr'>Graeei</span> <span class='ocrx_word' id='word_1_193' title='bbox 516 1525 631 1562; x_wconf 88' lang='lat' dir='ltr'>urbes</span> <span class='ocrx_word' id='word_1_194' title='bbox 652 1532 837 1576; x_wconf 85' lang='lat' dir='ltr'>caperent</span> <span class='ocrx_word' id='word_1_195' title='bbox 856 1532 974 1576; x_wconf 88' lang='lat' dir='ltr'>atque</span> <span class='ocrx_word' id='word_1_196' title='bbox 994 1539 1123 1576; x_wconf 82' lang='lat' dir='ltr'>agros,</span> <span class='ocrx_word' id='word_1_197' title='bbox 1143 1526 1295 1564; x_wconf 87' lang='lat' dir='ltr'>barbari</span> <span class='ocrx_word' id='word_1_198' title='bbox 1316 1539 1418 1572; x_wconf 89' lang='lat' dir='ltr'>vero,</span> <span class='ocrx_word' id='word_1_199' title='bbox 1433 1539 1595 1577; x_wconf 88' lang='lat' dir='ltr'>quorum</span> <span class='ocrx_word' id='word_1_200' title='bbox 1616 1531 1706 1564; x_wconf 86' lang='lat' dir='ltr'>ante</span> 
     </span>
     <span class='ocr_line' id='line_1_23' title="bbox 231 1588 1706 1641; baseline 0 -13"><span class='ocrx_word' id='word_1_201' title='bbox 231 1603 375 1640; x_wconf 82' lang='lat' dir='ltr'>magna</span> <span class='ocrx_word' id='word_1_202' title='bbox 389 1588 533 1627; x_wconf 89' lang='lat' dir='ltr'>ferocia</span> <span class='ocrx_word' id='word_1_203' title='bbox 548 1588 687 1635; x_wconf 84' lang='lat' dir='ltr'>fuerat,</span> <span class='ocrx_word' id='word_1_204' title='bbox 702 1589 826 1640; x_wconf 85' lang='lat' dir='ltr'>patria</span> <span class='ocrx_word' id='word_1_205' title='bbox 843 1589 943 1641; x_wconf 89' lang='lat' dir='ltr'>pulsi</span> <span class='ocrx_word' id='word_1_206' title='bbox 963 1589 1099 1627; x_wconf 85' lang='lat' dir='ltr'>animis</span> <span class='ocrx_word' id='word_1_207' title='bbox 1115 1589 1384 1628; x_wconf 86' lang='lat' dir='ltr'>humilioribus</span> <span class='ocrx_word' id='word_1_208' title='bbox 1400 1596 1556 1633; x_wconf 89' lang='lat' dir='ltr'>essent;</span> <span class='ocrx_word' id='word_1_209' title='bbox 1589 1590 1706 1641; x_wconf 88' lang='lat' dir='ltr'>Spar-</span> 
     </span>
     <span class='ocr_line' id='line_1_24' title="bbox 230 1646 1706 1704; baseline -0.001 -14"><span class='ocrx_word' id='word_1_210' title='bbox 230 1659 409 1690; x_wconf 86' lang='lat' dir='ltr'>tanorum</span> <span class='ocrx_word' id='word_1_211' title='bbox 436 1658 580 1696; x_wconf 88' lang='lat' dir='ltr'>autem,</span> <span class='ocrx_word' id='word_1_212' title='bbox 602 1657 644 1688; x_wconf 88' lang='lat' dir='ltr'>ut</span> <span class='ocrx_word' id='word_1_213' title='bbox 663 1651 832 1702; x_wconf 88' lang='lat' dir='ltr'>ipsorum</span> <span class='ocrx_word' id='word_1_214' title='bbox 853 1651 944 1689; x_wconf 91' lang='lat' dir='ltr'>urbs</span> <span class='ocrx_word' id='word_1_215' title='bbox 965 1660 1175 1703; x_wconf 85' lang='lat' dir='ltr'>augeretur</span> <span class='ocrx_word' id='word_1_216' title='bbox 1194 1659 1233 1690; x_wconf 88' lang='lat' dir='ltr'>et</span> <span class='ocrx_word' id='word_1_217' title='bbox 1252 1651 1425 1690; x_wconf 88' lang='lat' dir='ltr'>omniurn</span> <span class='ocrx_word' id='word_1_218' title='bbox 1446 1646 1706 1704; x_wconf 86' lang='lat' dir='ltr'>Peloponnesi</span> 
     </span>
     <span class='ocr_line' id='line_1_25' title="bbox 229 1712 1706 1766; baseline 0 -14"><span class='ocrx_word' id='word_1_219' title='bbox 229 1714 435 1752; x_wconf 83' lang='lat' dir='ltr'>civitatum</span> <span class='ocrx_word' id='word_1_220' title='bbox 462 1712 622 1764; x_wconf 91' lang='lat' dir='ltr'>imperio</span> <span class='ocrx_word' id='word_1_221' title='bbox 648 1713 751 1764; x_wconf 85' lang='lat' dir='ltr'>apud</span> <span class='ocrx_word' id='word_1_222' title='bbox 777 1713 873 1752; x_wconf 89' lang='lat' dir='ltr'>alios</span> <span class='ocrx_word' id='word_1_223' title='bbox 895 1713 1054 1753; x_wconf 90' lang='lat' dir='ltr'>illustris</span> <span class='ocrx_word' id='word_1_224' title='bbox 1078 1721 1185 1752; x_wconf 90' lang='lat' dir='ltr'>esset</span> <span class='ocrx_word' id='word_1_225' title='bbox 1209 1727 1432 1766; x_wconf 85' lang='lat' dir='ltr'>magnaque</span> <span class='ocrx_word' id='word_1_226' title='bbox 1457 1727 1545 1752; x_wconf 86' lang='lat' dir='ltr'>cum</span> <span class='ocrx_word' id='word_1_227' title='bbox 1570 1715 1706 1752; x_wconf 88' lang='lat' dir='ltr'>obser-</span> 
     </span>
     <span class='ocr_line' id='line_1_26' title="bbox 231 1775 1706 1827; baseline -0.001 -12"><span class='ocrx_word' id='word_1_228' title='bbox 231 1777 360 1816; x_wconf 77' lang='lat' dir='ltr'>vantia</span> <span class='ocrx_word' id='word_1_229' title='bbox 378 1776 585 1815; x_wconf 86' lang='lat' dir='ltr'>coleretur.</span> <span class='ocrx_word' id='word_1_230' title='bbox 642 1776 778 1826; x_wconf 89' lang='lat' dir='ltr'>Itaque</span> <span class='ocrx_word' id='word_1_231' title='bbox 800 1776 999 1814; x_wconf 85' lang='lat' dir='ltr'>laudanda</span> <span class='ocrx_word' id='word_1_232' title='bbox 1017 1783 1077 1814; x_wconf 88' lang='lat' dir='ltr'>est</span> <span class='ocrx_word' id='word_1_233' title='bbox 1098 1789 1143 1814; x_wconf 89' lang='lat' dir='ltr'>ea</span> <span class='ocrx_word' id='word_1_234' title='bbox 1163 1790 1252 1827; x_wconf 84' lang='lat' dir='ltr'>quae</span> <span class='ocrx_word' id='word_1_235' title='bbox 1272 1776 1396 1814; x_wconf 85' lang='lat' dir='ltr'>multa</span> <span class='ocrx_word' id='word_1_236' title='bbox 1414 1776 1451 1813; x_wconf 90' lang='lat' dir='ltr'>in</span> <span class='ocrx_word' id='word_1_237' title='bbox 1473 1775 1569 1814; x_wconf 88' lang='lat' dir='ltr'>alios</span> <span class='ocrx_word' id='word_1_238' title='bbox 1589 1777 1706 1814; x_wconf 88' lang='lat' dir='ltr'>bene-</span> 
     </span>
     <span class='ocr_line' id='line_1_27' title="bbox 231 1838 1707 1889; baseline -0.001 -11"><span class='ocrx_word' id='word_1_239' title='bbox 231 1840 319 1878; x_wconf 79' lang='lat' dir='ltr'>ficia</span> <span class='ocrx_word' id='word_1_240' title='bbox 338 1838 519 1885; x_wconf 87' lang='lat' dir='ltr'>contulit,</span> <span class='ocrx_word' id='word_1_241' title='bbox 539 1851 629 1889; x_wconf 88' lang='lat' dir='ltr'>quae</span> <span class='ocrx_word' id='word_1_242' title='bbox 648 1844 779 1876; x_wconf 85' lang='lat' dir='ltr'>autem</span> <span class='ocrx_word' id='word_1_243' title='bbox 800 1852 911 1876; x_wconf 87' lang='lat' dir='ltr'>suum</span> <span class='ocrx_word' id='word_1_244' title='bbox 931 1845 1082 1877; x_wconf 90' lang='lat' dir='ltr'>tantum</span> <span class='ocrx_word' id='word_1_245' title='bbox 1104 1838 1379 1889; x_wconf 89' lang='lat' dir='ltr'>compendium</span> <span class='ocrx_word' id='word_1_246' title='bbox 1401 1844 1557 1889; x_wconf 90' lang='lat' dir='ltr'>spectat</span> <span class='ocrx_word' id='word_1_247' title='bbox 1575 1838 1707 1889; x_wconf 88' lang='lat' dir='ltr'>iniqua</span> 
     </span>
     <span class='ocr_line' id='line_1_28' title="bbox 229 1899 1705 1951; baseline -0.001 -12"><span class='ocrx_word' id='word_1_248' title='bbox 229 1900 499 1945; x_wconf 84' lang='lat' dir='ltr'>existimanda,</span> <span class='ocrx_word' id='word_1_249' title='bbox 519 1913 732 1951; x_wconf 90' lang='lat' dir='ltr'>eorumque</span> <span class='ocrx_word' id='word_1_250' title='bbox 758 1899 927 1938; x_wconf 87' lang='lat' dir='ltr'>amicitia</span> <span class='ocrx_word' id='word_1_251' title='bbox 952 1900 1172 1951; x_wconf 79' lang='lat' dir='ltr'>expetenda</span> <span class='ocrx_word' id='word_1_252' title='bbox 1198 1905 1258 1937; x_wconf 89' lang='lat' dir='ltr'>est</span> <span class='ocrx_word' id='word_1_253' title='bbox 1279 1900 1344 1950; x_wconf 91' lang='lat' dir='ltr'>qui</span> <span class='ocrx_word' id='word_1_254' title='bbox 1366 1899 1461 1937; x_wconf 90' lang='lat' dir='ltr'>alios</span> <span class='ocrx_word' id='word_1_255' title='bbox 1488 1912 1600 1950; x_wconf 78' lang='lat' dir='ltr'>aeque</span> <span class='ocrx_word' id='word_1_256' title='bbox 1626 1906 1705 1938; x_wconf 89' lang='lat' dir='ltr'>tra-</span> 
     </span>
     <span class='ocr_line' id='line_1_29' title="bbox 229 1961 1704 2013; baseline -0.001 -12"><span class='ocrx_word' id='word_1_257' title='bbox 229 1970 338 2002; x_wconf 86' lang='lat' dir='ltr'>ctant</span> <span class='ocrx_word' id='word_1_258' title='bbox 363 1975 408 2001; x_wconf 86' lang='lat' dir='ltr'>ac</span> <span class='ocrx_word' id='word_1_259' title='bbox 432 1962 674 2013; x_wconf 84' lang='lat' dir='ltr'>semetipsos,</span> <span class='ocrx_word' id='word_1_260' title='bbox 697 1961 816 1999; x_wconf 90' lang='lat' dir='ltr'>metui</span> <span class='ocrx_word' id='word_1_261' title='bbox 840 1975 928 1999; x_wconf 90' lang='lat' dir='ltr'>vero</span> <span class='ocrx_word' id='word_1_262' title='bbox 950 1969 988 2000; x_wconf 92' lang='lat' dir='ltr'>et</span> <span class='ocrx_word' id='word_1_263' title='bbox 1009 1961 1205 1999; x_wconf 86' lang='lat' dir='ltr'>formidari</span> <span class='ocrx_word' id='word_1_264' title='bbox 1225 1974 1294 2012; x_wconf 88' lang='lat' dir='ltr'>par</span> <span class='ocrx_word' id='word_1_265' title='bbox 1315 1968 1375 1999; x_wconf 91' lang='lat' dir='ltr'>est</span> <span class='ocrx_word' id='word_1_266' title='bbox 1394 1974 1460 1999; x_wconf 92' lang='lat' dir='ltr'>eos</span> <span class='ocrx_word' id='word_1_267' title='bbox 1481 1962 1561 2012; x_wconf 90' lang='lat' dir='ltr'>qui,</span> <span class='ocrx_word' id='word_1_268' title='bbox 1582 1974 1704 2012; x_wconf 91' lang='lat' dir='ltr'>quum</span> 
     </span>
     <span class='ocr_line' id='line_1_30' title="bbox 230 2022 1704 2076; baseline -0.003 -12"><span class='ocrx_word' id='word_1_269' title='bbox 230 2025 456 2076; x_wconf 87' lang='lat' dir='ltr'>semetipsos</span> <span class='ocrx_word' id='word_1_270' title='bbox 491 2023 752 2063; x_wconf 86' lang='lat' dir='ltr'>amantissime</span> <span class='ocrx_word' id='word_1_271' title='bbox 787 2023 1113 2075; x_wconf 87' lang='lat' dir='ltr'>complectantur,</span> <span class='ocrx_word' id='word_1_272' title='bbox 1144 2035 1252 2060; x_wconf 90' lang='lat' dir='ltr'>suam</span> <span class='ocrx_word' id='word_1_273' title='bbox 1286 2023 1419 2061; x_wconf 88' lang='lat' dir='ltr'>urbem</span> <span class='ocrx_word' id='word_1_274' title='bbox 1453 2023 1506 2060; x_wconf 89' lang='lat' dir='ltr'>sic</span> <span class='ocrx_word' id='word_1_275' title='bbox 1540 2022 1704 2060; x_wconf 88' lang='lat' dir='ltr'>admini-</span> 
     </span>
     <span class='ocr_line' id='line_1_31' title="bbox 231 2083 1705 2132; baseline -0.001 -7"><span class='ocrx_word' id='word_1_276' title='bbox 231 2094 369 2132; x_wconf 88' lang='lat' dir='ltr'>strant,</span> <span class='ocrx_word' id='word_1_277' title='bbox 390 2093 434 2124; x_wconf 91' lang='lat' dir='ltr'>ut</span> <span class='ocrx_word' id='word_1_278' title='bbox 459 2085 574 2124; x_wconf 87' lang='lat' dir='ltr'>alieni</span> <span class='ocrx_word' id='word_1_279' title='bbox 601 2086 649 2124; x_wconf 87' lang='lat' dir='ltr'>ab</span> <span class='ocrx_word' id='word_1_280' title='bbox 676 2085 760 2123; x_wconf 89' lang='lat' dir='ltr'>aliis</span> <span class='ocrx_word' id='word_1_281' title='bbox 790 2093 829 2123; x_wconf 91' lang='lat' dir='ltr'>et</span> <span class='ocrx_word' id='word_1_282' title='bbox 854 2085 1060 2123; x_wconf 88' lang='lat' dir='ltr'>hostilibus</span> <span class='ocrx_word' id='word_1_283' title='bbox 1081 2086 1119 2123; x_wconf 89' lang='lat' dir='ltr'>in</span> <span class='ocrx_word' id='word_1_284' title='bbox 1139 2097 1206 2123; x_wconf 92' lang='lat' dir='ltr'>eos</span> <span class='ocrx_word' id='word_1_285' title='bbox 1227 2083 1361 2122; x_wconf 89' lang='lat' dir='ltr'>animis</span> <span class='ocrx_word' id='word_1_286' title='bbox 1381 2097 1468 2123; x_wconf 84' lang='lat' dir='ltr'>esse</span> <span class='ocrx_word' id='word_1_287' title='bbox 1488 2084 1705 2123; x_wconf 89' lang='lat' dir='ltr'>videantur.</span> 
     </span>
     <span class='ocr_line' id='line_1_32' title="bbox 232 2147 1349 2199; baseline -0.001 -13"><span class='ocrx_word' id='word_1_288' title='bbox 232 2148 330 2186; x_wconf 89' lang='lat' dir='ltr'>Haec</span> <span class='ocrx_word' id='word_1_289' title='bbox 350 2148 465 2199; x_wconf 84' lang='lat' dir='ltr'>igitur</span> <span class='ocrx_word' id='word_1_290' title='bbox 486 2147 739 2185; x_wconf 87' lang='lat' dir='ltr'>fundamenta</span> <span class='ocrx_word' id='word_1_291' title='bbox 759 2148 807 2185; x_wconf 91' lang='lat' dir='ltr'>ab</span> <span class='ocrx_word' id='word_1_292' title='bbox 826 2154 988 2197; x_wconf 83' lang='lat' dir='ltr'>utraque</span> <span class='ocrx_word' id='word_1_293' title='bbox 1008 2148 1102 2185; x_wconf 86' lang='lat' dir='ltr'>urbe</span> <span class='ocrx_word' id='word_1_294' title='bbox 1116 2148 1224 2199; x_wconf 89' lang='lat' dir='ltr'>jacta</span> <span class='ocrx_word' id='word_1_295' title='bbox 1244 2154 1349 2185; x_wconf 86' lang='lat' dir='ltr'>sunt.</span> 
     </span>
    </p>

    <p class='ocr_par' dir='ltr' id='par_1_3' title="bbox 227 2208 1705 2941">
     <span class='ocr_line' id='line_1_33' title="bbox 289 2208 1705 2260; baseline 0 -13"><span class='ocrx_word' id='word_1_296' title='bbox 289 2211 351 2248; x_wconf 88' lang='lat'>17.</span> <span class='ocrx_word' id='word_1_297' title='bbox 382 2210 477 2248; x_wconf 89' lang='lat' dir='ltr'>Post</span> <span class='ocrx_word' id='word_1_298' title='bbox 503 2216 639 2247; x_wconf 81' lang='lat' dir='ltr'>exorto</span> <span class='ocrx_word' id='word_1_299' title='bbox 659 2208 762 2247; x_wconf 90' lang='lat' dir='ltr'>bello</span> <span class='ocrx_word' id='word_1_300' title='bbox 790 2209 962 2254; x_wconf 89' lang='lat' dir='ltr'>Persico,</span> <span class='ocrx_word' id='word_1_301' title='bbox 984 2222 1104 2260; x_wconf 89' lang='lat' dir='ltr'>quum</span> <span class='ocrx_word' id='word_1_302' title='bbox 1132 2210 1282 2247; x_wconf 85' lang='lat' dir='ltr'>Xerxes</span> <span class='ocrx_word' id='word_1_303' title='bbox 1309 2209 1376 2259; x_wconf 90' lang='lat' dir='ltr'>qui</span> <span class='ocrx_word' id='word_1_304' title='bbox 1404 2216 1488 2246; x_wconf 90' lang='lat' dir='ltr'>tum</span> <span class='ocrx_word' id='word_1_305' title='bbox 1517 2209 1705 2260; x_wconf 76' lang='lat' dir='ltr'>regnabat</span> 
     </span>
     <span class='ocr_line' id='line_1_34' title="bbox 230 2270 1702 2322; baseline -0.001 -12"><span class='ocrx_word' id='word_1_306' title='bbox 230 2273 402 2311; x_wconf 85' lang='lat' dir='ltr'>triremes</span> <span class='ocrx_word' id='word_1_307' title='bbox 438 2271 545 2309; x_wconf 87' lang='lat' dir='ltr'>mille</span> <span class='ocrx_word' id='word_1_308' title='bbox 577 2276 615 2308; x_wconf 88' lang='lat' dir='ltr'>et</span> <span class='ocrx_word' id='word_1_309' title='bbox 645 2276 856 2316; x_wconf 84' lang='lat' dir='ltr'>trecentas,</span> <span class='ocrx_word' id='word_1_310' title='bbox 883 2270 1078 2322; x_wconf 88' lang='lat' dir='ltr'>pedestris</span> <span class='ocrx_word' id='word_1_311' title='bbox 1112 2271 1302 2309; x_wconf 79' lang='lat' dir='ltr'>exercitus</span> <span class='ocrx_word' id='word_1_312' title='bbox 1331 2271 1533 2322; x_wconf 89' lang='lat' dir='ltr'>quinquies</span> <span class='ocrx_word' id='word_1_313' title='bbox 1563 2271 1702 2310; x_wconf 88' lang='lat' dir='ltr'>millies</span> 
     </span>
     <span class='ocr_line' id='line_1_35' title="bbox 229 2332 1704 2384; baseline 0 -12"><span class='ocrx_word' id='word_1_314' title='bbox 229 2334 348 2372; x_wconf 85' lang='lat' dir='ltr'>millia</span> <span class='ocrx_word' id='word_1_315' title='bbox 372 2333 652 2377; x_wconf 85' lang='lat' dir='ltr'>universorum,</span> <span class='ocrx_word' id='word_1_316' title='bbox 679 2333 821 2384; x_wconf 83' lang='lat' dir='ltr'>septies</span> <span class='ocrx_word' id='word_1_317' title='bbox 850 2339 1016 2371; x_wconf 89' lang='lat' dir='ltr'>centena</span> <span class='ocrx_word' id='word_1_318' title='bbox 1043 2332 1157 2370; x_wconf 89' lang='lat' dir='ltr'>millia</span> <span class='ocrx_word' id='word_1_319' title='bbox 1183 2332 1471 2379; x_wconf 88' lang='lat' dir='ltr'>bellicosorum,</span> <span class='ocrx_word' id='word_1_320' title='bbox 1496 2333 1704 2384; x_wconf 84' lang='lat' dir='ltr'>coegisset,</span> 
     </span>
     <span class='ocr_line' id='line_1_36' title="bbox 228 2393 1702 2447; baseline -0.001 -12"><span class='ocrx_word' id='word_1_321' title='bbox 228 2396 426 2447; x_wconf 87' lang='lat' dir='ltr'>tantisque</span> <span class='ocrx_word' id='word_1_322' title='bbox 444 2395 585 2434; x_wconf 86' lang='lat' dir='ltr'>viribus</span> <span class='ocrx_word' id='word_1_323' title='bbox 600 2394 746 2432; x_wconf 90' lang='lat' dir='ltr'>bellum</span> <span class='ocrx_word' id='word_1_324' title='bbox 766 2394 917 2432; x_wconf 79' lang='lat' dir='ltr'>Graecis</span> <span class='ocrx_word' id='word_1_325' title='bbox 938 2394 1146 2441; x_wconf 90' lang='lat' dir='ltr'>intulisset,</span> <span class='ocrx_word' id='word_1_326' title='bbox 1161 2393 1368 2445; x_wconf 80' lang='lat' dir='ltr'>Spartiatae</span> <span class='ocrx_word' id='word_1_327' title='bbox 1389 2393 1561 2444; x_wconf 89' lang='lat' dir='ltr'>quidem,</span> <span class='ocrx_word' id='word_1_328' title='bbox 1581 2408 1702 2446; x_wconf 91' lang='lat' dir='ltr'>quum</span> 
     </span>
     <span class='ocr_line' id='line_1_37' title="bbox 229 2455 1703 2510; baseline -0.001 -13"><span class='ocrx_word' id='word_1_329' title='bbox 229 2457 598 2510; x_wconf 89' lang='lat' dir='ltr'>Peloponnensibus</span> <span class='ocrx_word' id='word_1_330' title='bbox 624 2455 872 2507; x_wconf 87' lang='lat' dir='ltr'>imperarent,</span> <span class='ocrx_word' id='word_1_331' title='bbox 894 2455 944 2493; x_wconf 89' lang='lat' dir='ltr'>ad</span> <span class='ocrx_word' id='word_1_332' title='bbox 971 2456 1109 2494; x_wconf 88' lang='lat' dir='ltr'>navale</span> <span class='ocrx_word' id='word_1_333' title='bbox 1135 2455 1328 2507; x_wconf 84' lang='lat' dir='ltr'>praelium,</span> <span class='ocrx_word' id='word_1_334' title='bbox 1349 2469 1437 2506; x_wconf 87' lang='lat' dir='ltr'>quae</span> <span class='ocrx_word' id='word_1_335' title='bbox 1463 2455 1555 2494; x_wconf 92' lang='lat' dir='ltr'>belli</span> <span class='ocrx_word' id='word_1_336' title='bbox 1581 2457 1703 2495; x_wconf 89' lang='lat' dir='ltr'>totius</span> 
     </span>
     <span class='ocr_line' id='line_1_38' title="bbox 228 2517 1702 2571; baseline -0.001 -12"><span class='ocrx_word' id='word_1_337' title='bbox 228 2521 430 2560; x_wconf 86' lang='lat' dir='ltr'>inclinatio</span> <span class='ocrx_word' id='word_1_338' title='bbox 461 2525 595 2558; x_wconf 89' lang='lat' dir='ltr'>secuta</span> <span class='ocrx_word' id='word_1_339' title='bbox 627 2525 700 2564; x_wconf 90' lang='lat' dir='ltr'>est,</span> <span class='ocrx_word' id='word_1_340' title='bbox 730 2517 867 2556; x_wconf 87' lang='lat' dir='ltr'>decem</span> <span class='ocrx_word' id='word_1_341' title='bbox 898 2524 1048 2555; x_wconf 87' lang='lat' dir='ltr'>tantum</span> <span class='ocrx_word' id='word_1_342' title='bbox 1078 2517 1250 2557; x_wconf 88' lang='lat' dir='ltr'>triremes</span> <span class='ocrx_word' id='word_1_343' title='bbox 1280 2517 1545 2565; x_wconf 86' lang='lat' dir='ltr'>contulerunt,</span> <span class='ocrx_word' id='word_1_344' title='bbox 1567 2526 1702 2571; x_wconf 84' lang='lat' dir='ltr'>patres</span> 
     </span>
     <span class='ocr_line' id='line_1_39' title="bbox 228 2579 1703 2631; baseline -0.001 -10"><span class='ocrx_word' id='word_1_345' title='bbox 228 2596 320 2621; x_wconf 86' lang='lat' dir='ltr'>vero</span> <span class='ocrx_word' id='word_1_346' title='bbox 339 2582 459 2620; x_wconf 86' lang='lat' dir='ltr'>nostri</span> <span class='ocrx_word' id='word_1_347' title='bbox 479 2587 651 2620; x_wconf 84' lang='lat' dir='ltr'>extorres</span> <span class='ocrx_word' id='word_1_348' title='bbox 670 2579 761 2618; x_wconf 86' lang='lat' dir='ltr'>facti</span> <span class='ocrx_word' id='word_1_349' title='bbox 781 2580 954 2630; x_wconf 87' lang='lat' dir='ltr'>urbeque</span> <span class='ocrx_word' id='word_1_350' title='bbox 973 2579 1118 2625; x_wconf 88' lang='lat' dir='ltr'>relicta,</span> <span class='ocrx_word' id='word_1_351' title='bbox 1141 2579 1246 2630; x_wconf 91' lang='lat' dir='ltr'>quod</span> <span class='ocrx_word' id='word_1_352' title='bbox 1265 2579 1332 2618; x_wconf 92' lang='lat' dir='ltr'>illo</span> <span class='ocrx_word' id='word_1_353' title='bbox 1357 2587 1528 2631; x_wconf 89' lang='lat' dir='ltr'>tempore</span> <span class='ocrx_word' id='word_1_354' title='bbox 1553 2581 1703 2620; x_wconf 89' lang='lat' dir='ltr'>munita</span> 
     </span>
     <span class='ocr_line' id='line_1_40' title="bbox 229 2641 1700 2695; baseline -0.001 -12"><span class='ocrx_word' id='word_1_355' title='bbox 229 2658 307 2683; x_wconf 92' lang='lat' dir='ltr'>non</span> <span class='ocrx_word' id='word_1_356' title='bbox 328 2651 445 2691; x_wconf 84' lang='lat' dir='ltr'>esset,</span> <span class='ocrx_word' id='word_1_357' title='bbox 464 2643 594 2695; x_wconf 87' lang='lat' dir='ltr'>plures</span> <span class='ocrx_word' id='word_1_358' title='bbox 619 2655 738 2681; x_wconf 87' lang='lat' dir='ltr'>naves</span> <span class='ocrx_word' id='word_1_359' title='bbox 764 2642 1011 2693; x_wconf 85' lang='lat' dir='ltr'>praebuerunt</span> <span class='ocrx_word' id='word_1_360' title='bbox 1036 2648 1076 2679; x_wconf 92' lang='lat' dir='ltr'>et</span> <span class='ocrx_word' id='word_1_361' title='bbox 1101 2641 1310 2693; x_wconf 84' lang='lat' dir='ltr'>majoribus</span> <span class='ocrx_word' id='word_1_362' title='bbox 1339 2641 1463 2693; x_wconf 88' lang='lat' dir='ltr'>copiis</span> <span class='ocrx_word' id='word_1_363' title='bbox 1489 2642 1700 2682; x_wconf 85' lang='lat' dir='ltr'>instructas</span> 
     </span>
     <span class='ocr_line' id='line_1_41' title="bbox 229 2702 1701 2757; baseline 0 -14"><span class='ocrx_word' id='word_1_364' title='bbox 229 2719 347 2757; x_wconf 87' lang='lat' dir='ltr'>quam</span> <span class='ocrx_word' id='word_1_365' title='bbox 366 2705 535 2743; x_wconf 89' lang='lat' dir='ltr'>universi</span> <span class='ocrx_word' id='word_1_366' title='bbox 556 2704 621 2756; x_wconf 90' lang='lat' dir='ltr'>qui</span> <span class='ocrx_word' id='word_1_367' title='bbox 641 2717 688 2742; x_wconf 90' lang='lat' dir='ltr'>eo</span> <span class='ocrx_word' id='word_1_368' title='bbox 707 2703 842 2755; x_wconf 81' lang='lat' dir='ltr'>praelio</span> <span class='ocrx_word' id='word_1_369' title='bbox 861 2709 1110 2754; x_wconf 83' lang='lat' dir='ltr'>pugnarunt:</span> <span class='ocrx_word' id='word_1_370' title='bbox 1143 2715 1189 2741; x_wconf 89' lang='lat' dir='ltr'>ac</span> <span class='ocrx_word' id='word_1_371' title='bbox 1207 2702 1348 2742; x_wconf 88' lang='lat' dir='ltr'>ducem</span> <span class='ocrx_word' id='word_1_372' title='bbox 1365 2702 1625 2754; x_wconf 87' lang='lat' dir='ltr'>Eurybiadem</span> <span class='ocrx_word' id='word_1_373' title='bbox 1646 2703 1701 2743; x_wconf 91' lang='lat' dir='ltr'>illi</span> 
     </span>
     <span class='ocr_line' id='line_1_42' title="bbox 228 2764 1701 2818; baseline 0.001 -13"><span class='ocrx_word' id='word_1_374' title='bbox 228 2767 429 2813; x_wconf 90' lang='lat' dir='ltr'>miserunt,</span> <span class='ocrx_word' id='word_1_375' title='bbox 448 2766 516 2817; x_wconf 92' lang='lat' dir='ltr'>qui</span> <span class='ocrx_word' id='word_1_376' title='bbox 536 2767 567 2804; x_wconf 86' lang='lat' dir='ltr'>si</span> <span class='ocrx_word' id='word_1_377' title='bbox 587 2779 634 2805; x_wconf 89' lang='lat' dir='ltr'>ea</span> <span class='ocrx_word' id='word_1_378' title='bbox 653 2779 740 2817; x_wconf 91' lang='lat' dir='ltr'>quae</span> <span class='ocrx_word' id='word_1_379' title='bbox 759 2765 974 2804; x_wconf 89' lang='lat' dir='ltr'>destinarat</span> <span class='ocrx_word' id='word_1_380' title='bbox 991 2764 1232 2816; x_wconf 85' lang='lat' dir='ltr'>perfecisset,</span> <span class='ocrx_word' id='word_1_381' title='bbox 1253 2764 1348 2803; x_wconf 88' lang='lat' dir='ltr'>nihil</span> <span class='ocrx_word' id='word_1_382' title='bbox 1367 2766 1583 2804; x_wconf 88' lang='lat' dir='ltr'>obstitisset</span> <span class='ocrx_word' id='word_1_383' title='bbox 1602 2780 1701 2818; x_wconf 92' lang='lat' dir='ltr'>quo-</span> 
     </span>
     <span class='ocr_line' id='line_1_43' title="bbox 228 2826 1701 2878; baseline 0.001 -12"><span class='ocrx_word' id='word_1_384' title='bbox 228 2829 356 2867; x_wconf 86' lang='lat' dir='ltr'>minus</span> <span class='ocrx_word' id='word_1_385' title='bbox 373 2827 503 2866; x_wconf 85' lang='lat' dir='ltr'>Graeci</span> <span class='ocrx_word' id='word_1_386' title='bbox 519 2827 750 2878; x_wconf 87' lang='lat' dir='ltr'>periissent;</span> <span class='ocrx_word' id='word_1_387' title='bbox 779 2828 902 2866; x_wconf 90' lang='lat' dir='ltr'>nostri</span> <span class='ocrx_word' id='word_1_388' title='bbox 918 2826 1236 2874; x_wconf 88' lang='lat' dir='ltr'>Themistoclem,</span> <span class='ocrx_word' id='word_1_389' title='bbox 1251 2827 1317 2878; x_wconf 87' lang='lat' dir='ltr'>qui</span> <span class='ocrx_word' id='word_1_390' title='bbox 1334 2827 1418 2866; x_wconf 86' lang='lat' dir='ltr'>sine</span> <span class='ocrx_word' id='word_1_391' title='bbox 1438 2829 1701 2868; x_wconf 78' lang='lat' dir='ltr'>oontroversia</span> 
     </span>
     <span class='ocr_line' id='line_1_44' title="bbox 227 2888 1702 2941; baseline -0.001 -11"><span class='ocrx_word' id='word_1_392' title='bbox 227 2890 408 2930; x_wconf 89' lang='lat' dir='ltr'>omnibus</span> <span class='ocrx_word' id='word_1_393' title='bbox 428 2889 533 2928; x_wconf 87' lang='lat' dir='ltr'>visus</span> <span class='ocrx_word' id='word_1_394' title='bbox 553 2896 613 2928; x_wconf 89' lang='lat' dir='ltr'>est</span> <span class='ocrx_word' id='word_1_395' title='bbox 631 2889 670 2928; x_wconf 91' lang='lat' dir='ltr'>in</span> <span class='ocrx_word' id='word_1_396' title='bbox 690 2902 809 2929; x_wconf 87' lang='lat' dir='ltr'>causa</span> <span class='ocrx_word' id='word_1_397' title='bbox 828 2889 949 2928; x_wconf 88' lang='lat' dir='ltr'>fuisse</span> <span class='ocrx_word' id='word_1_398' title='bbox 969 2896 1012 2928; x_wconf 94' lang='lat' dir='ltr'>ut</span> <span class='ocrx_word' id='word_1_399' title='bbox 1032 2895 1072 2927; x_wconf 88' lang='lat' dir='ltr'>et</span> <span class='ocrx_word' id='word_1_400' title='bbox 1090 2888 1228 2927; x_wconf 88' lang='lat' dir='ltr'>navale</span> <span class='ocrx_word' id='word_1_401' title='bbox 1248 2889 1424 2941; x_wconf 90' lang='lat' dir='ltr'>praelium</span> <span class='ocrx_word' id='word_1_402' title='bbox 1444 2890 1516 2929; x_wconf 89' lang='lat' dir='ltr'>rite</span> <span class='ocrx_word' id='word_1_403' title='bbox 1536 2890 1702 2930; x_wconf 87' lang='lat' dir='ltr'>confice-</span> 
     </span>
    </p>

    <p class='ocr_par' dir='ltr' id='par_1_4' title="bbox 227 2948 1697 3003">
     <span class='ocr_line' id='line_1_45' title="bbox 227 2948 1697 3003; baseline 0 -13"><span class='ocrx_word' id='word_1_404' title='bbox 227 2959 332 2991; x_wconf 80' lang='lat' dir='ltr'>retur</span> <span class='ocrx_word' id='word_1_405' title='bbox 345 2958 385 2991; x_wconf 87' lang='lat' dir='ltr'>et</span> <span class='ocrx_word' id='word_1_406' title='bbox 400 2948 628 2991; x_wconf 79' lang='lat' dir='ltr'>caeterorum</span> <span class='ocrx_word' id='word_1_407' title='bbox 644 2951 816 2991; x_wconf 89' lang='lat' dir='ltr'>omnium</span> <span class='ocrx_word' id='word_1_408' title='bbox 835 2951 939 2991; x_wconf 87' lang='lat' dir='ltr'>illius</span> <span class='ocrx_word' id='word_1_409' title='bbox 959 2951 1142 3003; x_wconf 89' lang='lat' dir='ltr'>temporis</span> <span class='ocrx_word' id='word_1_410' title='bbox 1163 2964 1417 2991; x_wconf 86' lang='lat' dir='ltr'>successuum</span> <span class='ocrx_word' id='word_1_411' title='bbox 1436 2959 1582 2992; x_wconf 85' lang='lat' dir='ltr'>auctor.</span> <span class='ocrx_word' id='word_1_412' title='bbox 1631 2952 1697 2991; x_wconf 90' lang='lat' dir='ltr'>Id-</span> 
     </span>
    </p>
   </div>
  </div>
 </body>
</html>
