<?xml version="1.0" encoding="UTF-8"?>
<!DOCTYPE html PUBLIC "-//W3C//DTD XHTML 1.0 Transitional//EN"
    "http://www.w3.org/TR/xhtml1/DTD/xhtml1-transitional.dtd">
<html xmlns="http://www.w3.org/1999/xhtml" xml:lang="en" lang="en">
 <head>
  <title>
</title>
<meta http-equiv="Content-Type" content="text/html;charset=utf-8" />
  <meta name='ocr-system' content='tesseract 3.04.00' />
  <meta name='ocr-capabilities' content='ocr_page ocr_carea ocr_par ocr_line ocrx_word'/>
</head>
<body>
  <div class='ocr_page' id='page_1' title='image "./oratoresatticie14dobs_0302.png"; bbox 0 0 1870 3277; ppageno 0'>
   <div class='ocr_carea' id='block_1_1' title="bbox 635 503 1324 683">
    <p class='ocr_par' dir='ltr' id='par_1_1' title="bbox 635 503 1324 683">
     <span class='ocr_line' id='line_1_1' title="bbox 955 503 1016 555; baseline 0.033 -2"><span class='ocrx_word' id='word_1_1' title='bbox 955 503 1016 555; x_wconf 83' lang='lat' dir='ltr'><strong>V.</strong></span> 
     </span>
     <span class='ocr_line' id='line_1_2' title="bbox 635 636 1324 683; baseline -0.001 -1"><span class='ocrx_word' id='word_1_2' title='bbox 635 636 1324 683; x_wconf 75' lang='lat' dir='ltr'><strong>ALEXANDRO.</strong></span> 
     </span>
    </p>
   </div>
   <div class='ocr_carea' id='block_1_2' title="bbox 245 834 1712 2672">
    <p class='ocr_par' dir='ltr' id='par_1_2' title="bbox 245 834 1709 1248">
     <span class='ocr_line' id='line_1_3' title="bbox 317 834 1706 887; baseline -0.005 -11"><span class='ocrx_word' id='word_1_3' title='bbox 317 835 348 870; x_wconf 77' lang='lat' dir='ltr'><strong>l·</strong></span> <span class='ocrx_word' id='word_1_4' title='bbox 379 835 514 876; x_wconf 72' lang='lat' dir='ltr'>QUUM</span> <span class='ocrx_word' id='word_1_5' title='bbox 547 836 594 874; x_wconf 86' lang='lat' dir='ltr'><strong>ad</strong></span> <span class='ocrx_word' id='word_1_6' title='bbox 623 845 766 887; x_wconf 81' lang='lat' dir='ltr'><strong>patrem</strong></span> <span class='ocrx_word' id='word_1_7' title='bbox 795 844 902 875; x_wconf 91' lang='lat' dir='ltr'><strong>tuum</strong></span> <span class='ocrx_word' id='word_1_8' title='bbox 929 837 1058 874; x_wconf 82' lang='lat' dir='ltr'>literas</span> <span class='ocrx_word' id='word_1_9' title='bbox 1086 835 1229 879; x_wconf 77' lang='lat' dir='ltr'><strong>darem,</strong></span> <span class='ocrx_word' id='word_1_10' title='bbox 1250 835 1415 871; x_wconf 73' lang='lat' dir='ltr'><strong>absurde</strong></span> <span class='ocrx_word' id='word_1_11' title='bbox 1438 847 1495 872; x_wconf 90' lang='lat' dir='ltr'><strong>me</strong></span> <span class='ocrx_word' id='word_1_12' title='bbox 1519 834 1706 872; x_wconf 81' lang='lat' dir='ltr'><strong>facturum</strong></span> 
     </span>
     <span class='ocr_line' id='line_1_4' title="bbox 254 895 1707 948; baseline 0.001 -18"><span class='ocrx_word' id='word_1_13' title='bbox 254 895 454 944; x_wconf 80' lang='lat' dir='ltr'><strong>putabam,</strong></span> <span class='ocrx_word' id='word_1_14' title='bbox 477 897 505 933; x_wconf 81' lang='lat' dir='ltr'><strong>si</strong></span> <span class='ocrx_word' id='word_1_15' title='bbox 538 904 586 942; x_wconf 86' lang='lat' dir='ltr'><strong>te,</strong></span> <span class='ocrx_word' id='word_1_16' title='bbox 606 898 672 948; x_wconf 81' lang='lat' dir='ltr'><strong>qui</strong></span> <span class='ocrx_word' id='word_1_17' title='bbox 693 898 728 934; x_wconf 91' lang='lat' dir='ltr'><strong>in</strong></span> <span class='ocrx_word' id='word_1_18' title='bbox 750 898 886 936; x_wconf 88' lang='lat' dir='ltr'><strong>eodem</strong></span> <span class='ocrx_word' id='word_1_19' title='bbox 909 899 994 936; x_wconf 93' lang='lat' dir='ltr'><strong>loco</strong></span> <span class='ocrx_word' id='word_1_20' title='bbox 1015 911 1099 935; x_wconf 92' lang='lat' dir='ltr'><strong>cum</strong></span> <span class='ocrx_word' id='word_1_21' title='bbox 1122 897 1187 933; x_wconf 90' lang='lat' dir='ltr'><strong>illo</strong></span> <span class='ocrx_word' id='word_1_22' title='bbox 1208 896 1429 940; x_wconf 83' lang='lat' dir='ltr'><strong>versareris,</strong></span> <span class='ocrx_word' id='word_1_23' title='bbox 1452 909 1577 946; x_wconf 86' lang='lat' dir='ltr'><strong>neque</strong></span> <span class='ocrx_word' id='word_1_24' title='bbox 1602 907 1707 932; x_wconf 87' lang='lat' dir='ltr'><strong>com-</strong></span> 
     </span>
     <span class='ocr_line' id='line_1_5' title="bbox 256 955 1709 1009; baseline 0.001 -18"><span class='ocrx_word' id='word_1_25' title='bbox 256 955 438 1004; x_wconf 85' lang='lat' dir='ltr'><strong>pellarem</strong></span> <span class='ocrx_word' id='word_1_26' title='bbox 461 970 584 1007; x_wconf 89' lang='lat' dir='ltr'><strong>neque</strong></span> <span class='ocrx_word' id='word_1_27' title='bbox 607 958 829 1004; x_wconf 83' lang='lat' dir='ltr'><strong>salutarem,</strong></span> <span class='ocrx_word' id='word_1_28' title='bbox 852 972 977 1009; x_wconf 85' lang='lat' dir='ltr'><strong>neque</strong></span> <span class='ocrx_word' id='word_1_29' title='bbox 1000 958 1075 996; x_wconf 82' lang='lat' dir='ltr'><strong>talc</strong></span> <span class='ocrx_word' id='word_1_30' title='bbox 1097 957 1239 1008; x_wconf 83' lang='lat' dir='ltr'><strong>aliquid</strong></span> <span class='ocrx_word' id='word_1_31' title='bbox 1259 957 1305 993; x_wconf 90' lang='lat' dir='ltr'><strong>ad</strong></span> <span class='ocrx_word' id='word_1_32' title='bbox 1325 964 1358 993; x_wconf 85' lang='lat' dir='ltr'><strong>te</strong></span> <span class='ocrx_word' id='word_1_33' title='bbox 1374 958 1591 1002; x_wconf 78' lang='lat' dir='ltr'>scriberem,</span> <span class='ocrx_word' id='word_1_34' title='bbox 1607 955 1709 1006; x_wconf 84' lang='lat' dir='ltr'><strong>quod</strong></span> 
     </span>
     <span class='ocr_line' id='line_1_6' title="bbox 254 1015 1707 1071; baseline 0.002 -20"><span class='ocrx_word' id='word_1_35' title='bbox 254 1015 426 1053; x_wconf 84' lang='lat' dir='ltr'><strong>efficeret</strong></span> <span class='ocrx_word' id='word_1_36' title='bbox 445 1031 491 1054; x_wconf 86' lang='lat' dir='ltr'><strong>nc</strong></span> <span class='ocrx_word' id='word_1_37' title='bbox 513 1019 535 1055; x_wconf 90' lang='lat' dir='ltr'><strong>ii</strong></span> <span class='ocrx_word' id='word_1_38' title='bbox 556 1019 620 1069; x_wconf 83' lang='lat' dir='ltr'><strong>qui</strong></span> <span class='ocrx_word' id='word_1_39' title='bbox 643 1019 807 1070; x_wconf 88' lang='lat' dir='ltr'><strong>legerint</strong></span> <span class='ocrx_word' id='word_1_40' title='bbox 825 1027 1004 1071; x_wconf 88' lang='lat' dir='ltr'><strong>putarent</strong></span> <span class='ocrx_word' id='word_1_41' title='bbox 1023 1033 1083 1057; x_wconf 91' lang='lat' dir='ltr'><strong>me</strong></span> <span class='ocrx_word' id='word_1_42' title='bbox 1099 1019 1179 1070; x_wconf 87' lang='lat' dir='ltr'><strong>jam</strong></span> <span class='ocrx_word' id='word_1_43' title='bbox 1201 1018 1308 1055; x_wconf 89' lang='lat' dir='ltr'><strong>senio</strong></span> <span class='ocrx_word' id='word_1_44' title='bbox 1325 1018 1498 1068; x_wconf 84' lang='lat' dir='ltr'><strong>desipere</strong></span> <span class='ocrx_word' id='word_1_45' title='bbox 1516 1025 1582 1056; x_wconf 88' lang='lat' dir='ltr'><strong>aut</strong></span> <span class='ocrx_word' id='word_1_46' title='bbox 1600 1030 1707 1068; x_wconf 91' lang='lat' dir='ltr'><strong>pror-</strong></span> 
     </span>
     <span class='ocr_line' id='line_1_7' title="bbox 253 1078 1707 1132; baseline 0.001 -19"><span class='ocrx_word' id='word_1_47' title='bbox 253 1089 319 1114; x_wconf 87' lang='lat' dir='ltr'><strong>sus</strong></span> <span class='ocrx_word' id='word_1_48' title='bbox 340 1078 515 1124; x_wconf 86' lang='lat' dir='ltr'><strong>delirare,</strong></span> <span class='ocrx_word' id='word_1_49' title='bbox 535 1081 600 1118; x_wconf 88' lang='lat' dir='ltr'><strong>sed</strong></span> <span class='ocrx_word' id='word_1_50' title='bbox 625 1081 834 1131; x_wconf 83' lang='lat' dir='ltr'><strong>ingenium,</strong></span> <span class='ocrx_word' id='word_1_51' title='bbox 854 1082 958 1132; x_wconf 88' lang='lat' dir='ltr'><strong>quod</strong></span> <span class='ocrx_word' id='word_1_52' title='bbox 980 1081 1105 1119; x_wconf 87' lang='lat' dir='ltr'><strong>adhuc</strong></span> <span class='ocrx_word' id='word_1_53' title='bbox 1133 1080 1222 1118; x_wconf 87' lang='lat' dir='ltr'><strong>mihi</strong></span> <span class='ocrx_word' id='word_1_54' title='bbox 1250 1080 1438 1130; x_wconf 88' lang='lat' dir='ltr'><strong>reliquum</strong></span> <span class='ocrx_word' id='word_1_55' title='bbox 1458 1086 1520 1118; x_wconf 88' lang='lat' dir='ltr'><strong>est</strong></span> <span class='ocrx_word' id='word_1_56' title='bbox 1540 1092 1610 1117; x_wconf 88' lang='lat' dir='ltr'><strong>nec</strong></span> <span class='ocrx_word' id='word_1_57' title='bbox 1629 1091 1707 1116; x_wconf 80' lang='lat' dir='ltr'><strong>uua</strong></span> 
     </span>
     <span class='ocr_line' id='line_1_8' title="bbox 253 1139 1706 1193; baseline 0.001 -19"><span class='ocrx_word' id='word_1_58' title='bbox 253 1150 342 1175; x_wconf 91' lang='lat' dir='ltr'><strong>cum</strong></span> <span class='ocrx_word' id='word_1_59' title='bbox 367 1139 499 1189; x_wconf 87' lang='lat' dir='ltr'><strong>vigore</strong></span> <span class='ocrx_word' id='word_1_60' title='bbox 526 1143 696 1192; x_wconf 90' lang='lat' dir='ltr'><strong>corporis</strong></span> <span class='ocrx_word' id='word_1_61' title='bbox 724 1142 876 1188; x_wconf 83' lang='lat' dir='ltr'><strong>interiit,</strong></span> <span class='ocrx_word' id='word_1_62' title='bbox 898 1156 973 1180; x_wconf 94' lang='lat' dir='ltr'><strong>non</strong></span> <span class='ocrx_word' id='word_1_63' title='bbox 1001 1142 1203 1193; x_wconf 89' lang='lat' dir='ltr'><strong>indignum</strong></span> <span class='ocrx_word' id='word_1_64' title='bbox 1231 1153 1316 1178; x_wconf 90' lang='lat' dir='ltr'><strong>esse</strong></span> <span class='ocrx_word' id='word_1_65' title='bbox 1344 1154 1389 1179; x_wconf 89' lang='lat' dir='ltr'><strong>ea</strong></span> <span class='ocrx_word' id='word_1_66' title='bbox 1418 1140 1600 1178; x_wconf 83' lang='lat' dir='ltr'><strong>facultate</strong></span> <span class='ocrx_word' id='word_1_67' title='bbox 1629 1151 1706 1190; x_wconf 89' lang='lat' dir='ltr'><strong>qua</strong></span> 
     </span>
     <span class='ocr_line' id='line_1_9' title="bbox 245 1198 590 1248; baseline 0.014 -13"><span class='ocrx_word' id='word_1_68' title='bbox 245 1198 377 1248; x_wconf 88' lang='lat' dir='ltr'><strong>junior</strong></span> <span class='ocrx_word' id='word_1_69' title='bbox 395 1201 590 1241; x_wconf 85' lang='lat' dir='ltr'><strong>florebam.</strong></span> 
     </span>
    </p>

    <p class='ocr_par' dir='ltr' id='par_1_3' title="bbox 252 1261 1712 2672">
     <span class='ocr_line' id='line_1_10' title="bbox 309 1261 1706 1312; baseline 0.004 -16"><span class='ocrx_word' id='word_1_70' title='bbox 309 1262 345 1297; x_wconf 85' lang='lat'><strong>2.</strong></span> <span class='ocrx_word' id='word_1_71' title='bbox 375 1261 584 1302; x_wconf 81' lang='lat' dir='ltr'><strong>Praedicari</strong></span> <span class='ocrx_word' id='word_1_72' title='bbox 614 1273 740 1304; x_wconf 87' lang='lat' dir='ltr'><strong>autem</strong></span> <span class='ocrx_word' id='word_1_73' title='bbox 770 1273 808 1304; x_wconf 88' lang='lat' dir='ltr'><strong>te</strong></span> <span class='ocrx_word' id='word_1_74' title='bbox 841 1267 887 1304; x_wconf 89' lang='lat' dir='ltr'><strong>ab</strong></span> <span class='ocrx_word' id='word_1_75' title='bbox 917 1266 1095 1304; x_wconf 85' lang='lat' dir='ltr'><strong>omnibus</strong></span> <span class='ocrx_word' id='word_1_76' title='bbox 1126 1265 1256 1312; x_wconf 85' lang='lat' dir='ltr'><strong>audio,</strong></span> <span class='ocrx_word' id='word_1_77' title='bbox 1288 1272 1329 1303; x_wconf 92' lang='lat' dir='ltr'><strong>ut</strong></span> <span class='ocrx_word' id='word_1_78' title='bbox 1359 1272 1397 1303; x_wconf 90' lang='lat' dir='ltr'><strong>et</strong></span> <span class='ocrx_word' id='word_1_79' title='bbox 1427 1265 1635 1303; x_wconf 85' lang='lat' dir='ltr'><strong>humanum</strong></span> <span class='ocrx_word' id='word_1_80' title='bbox 1667 1271 1706 1302; x_wconf 89' lang='lat' dir='ltr'><strong>et</strong></span> 
     </span>
     <span class='ocr_line' id='line_1_11' title="bbox 256 1323 1706 1379; baseline 0.004 -21"><span class='ocrx_word' id='word_1_81' title='bbox 256 1323 561 1363; x_wconf 88' lang='lat' dir='ltr'><strong>Atheniensibus</strong></span> <span class='ocrx_word' id='word_1_82' title='bbox 579 1327 740 1364; x_wconf 89' lang='lat' dir='ltr'><strong>amicum</strong></span> <span class='ocrx_word' id='word_1_83' title='bbox 761 1336 800 1365; x_wconf 89' lang='lat' dir='ltr'><strong>et</strong></span> <span class='ocrx_word' id='word_1_84' title='bbox 819 1327 1017 1379; x_wconf 88' lang='lat' dir='ltr'><strong>sapientiae</strong></span> <span class='ocrx_word' id='word_1_85' title='bbox 1038 1327 1269 1372; x_wconf 87' lang='lat' dir='ltr'><strong>studiosum,</strong></span> <span class='ocrx_word' id='word_1_86' title='bbox 1286 1340 1363 1365; x_wconf 90' lang='lat' dir='ltr'><strong>non</strong></span> <span class='ocrx_word' id='word_1_87' title='bbox 1383 1327 1619 1377; x_wconf 82' lang='lat' dir='ltr'><strong>insipienter,</strong></span> <span class='ocrx_word' id='word_1_88' title='bbox 1636 1326 1706 1364; x_wconf 90' lang='lat' dir='ltr'><strong>sed</strong></span> 
     </span>
     <span class='ocr_line' id='line_1_12' title="bbox 254 1385 1708 1440; baseline 0.003 -19"><span class='ocrx_word' id='word_1_89' title='bbox 254 1385 563 1435; x_wconf 80' lang='lat' dir='ltr'><strong>prudentissime.</strong></span> <span class='ocrx_word' id='word_1_90' title='bbox 607 1388 679 1426; x_wconf 93' lang='lat' dir='ltr'><strong>Illo</strong></span> <span class='ocrx_word' id='word_1_91' title='bbox 696 1401 848 1440; x_wconf 92' lang='lat' dir='ltr'><strong>quoque</strong></span> <span class='ocrx_word' id='word_1_92' title='bbox 866 1389 1020 1427; x_wconf 85' lang='lat' dir='ltr'><strong>laudem</strong></span> <span class='ocrx_word' id='word_1_93' title='bbox 1038 1389 1207 1434; x_wconf 83' lang='lat' dir='ltr'><strong>mereris,</strong></span> <span class='ocrx_word' id='word_1_94' title='bbox 1221 1388 1325 1439; x_wconf 92' lang='lat' dir='ltr'><strong>quod</strong></span> <span class='ocrx_word' id='word_1_95' title='bbox 1342 1402 1389 1426; x_wconf 89' lang='lat' dir='ltr'><strong>ex</strong></span> <span class='ocrx_word' id='word_1_96' title='bbox 1405 1388 1545 1426; x_wconf 89' lang='lat' dir='ltr'><strong>nostris</strong></span> <span class='ocrx_word' id='word_1_97' title='bbox 1561 1388 1708 1426; x_wconf 87' lang='lat' dir='ltr'><strong>civibus</strong></span> 
     </span>
     <span class='ocr_line' id='line_1_13' title="bbox 254 1449 1705 1501; baseline 0.002 -18"><span class='ocrx_word' id='word_1_98' title='bbox 254 1459 381 1485; x_wconf 83' lang='lat' dir='ltr'><strong>amare</strong></span> <span class='ocrx_word' id='word_1_99' title='bbox 397 1455 435 1485; x_wconf 89' lang='lat' dir='ltr'><strong>et</strong></span> <span class='ocrx_word' id='word_1_100' title='bbox 449 1450 707 1500; x_wconf 77' lang='lat' dir='ltr'><strong>magnifacere</strong></span> <span class='ocrx_word' id='word_1_101' title='bbox 724 1451 858 1489; x_wconf 89' lang='lat' dir='ltr'><strong>diceris</strong></span> <span class='ocrx_word' id='word_1_102' title='bbox 875 1464 952 1488; x_wconf 91' lang='lat' dir='ltr'><strong>non</strong></span> <span class='ocrx_word' id='word_1_103' title='bbox 973 1464 1038 1489; x_wconf 90' lang='lat' dir='ltr'><strong>eos</strong></span> <span class='ocrx_word' id='word_1_104' title='bbox 1054 1450 1117 1501; x_wconf 87' lang='lat' dir='ltr'><strong>qui</strong></span> <span class='ocrx_word' id='word_1_105' title='bbox 1135 1450 1282 1488; x_wconf 89' lang='lat' dir='ltr'><strong>nullum</strong></span> <span class='ocrx_word' id='word_1_106' title='bbox 1298 1449 1444 1487; x_wconf 90' lang='lat' dir='ltr'><strong>virtutis</strong></span> <span class='ocrx_word' id='word_1_107' title='bbox 1464 1457 1502 1488; x_wconf 91' lang='lat' dir='ltr'><strong>et</strong></span> <span class='ocrx_word' id='word_1_108' title='bbox 1521 1450 1705 1487; x_wconf 83' lang='lat' dir='ltr'><strong>doctrinae</strong></span> 
     </span>
     <span class='ocr_line' id='line_1_14' title="bbox 253 1508 1706 1563; baseline 0.003 -19"><span class='ocrx_word' id='word_1_109' title='bbox 253 1508 421 1546; x_wconf 85' lang='lat' dir='ltr'><strong>studium</strong></span> <span class='ocrx_word' id='word_1_110' title='bbox 440 1509 656 1549; x_wconf 83' lang='lat' dir='ltr'><strong>habuerunt</strong></span> <span class='ocrx_word' id='word_1_111' title='bbox 679 1512 940 1562; x_wconf 82' lang='lat' dir='ltr'><strong>malarumque</strong></span> <span class='ocrx_word' id='word_1_112' title='bbox 969 1526 1094 1550; x_wconf 84' lang='lat' dir='ltr'><strong>rerum</strong></span> <span class='ocrx_word' id='word_1_113' title='bbox 1120 1511 1331 1563; x_wconf 85' lang='lat' dir='ltr'><strong>cupiditate</strong></span> <span class='ocrx_word' id='word_1_114' title='bbox 1351 1511 1550 1549; x_wconf 86' lang='lat' dir='ltr'><strong>constricti</strong></span> <span class='ocrx_word' id='word_1_115' title='bbox 1570 1518 1706 1549; x_wconf 90' lang='lat' dir='ltr'><strong>tenen-</strong></span> 
     </span>
     <span class='ocr_line' id='line_1_15' title="bbox 252 1570 1706 1624; baseline 0.003 -18"><span class='ocrx_word' id='word_1_116' title='bbox 252 1577 326 1615; x_wconf 88' lang='lat' dir='ltr'><strong>tur,</strong></span> <span class='ocrx_word' id='word_1_117' title='bbox 347 1571 414 1608; x_wconf 90' lang='lat' dir='ltr'><strong>sed</strong></span> <span class='ocrx_word' id='word_1_118' title='bbox 435 1570 504 1609; x_wconf 82' lang='lat' dir='ltr'><strong>hos</strong></span> <span class='ocrx_word' id='word_1_119' title='bbox 525 1585 683 1622; x_wconf 88' lang='lat' dir='ltr'><strong>quorum</strong></span> <span class='ocrx_word' id='word_1_120' title='bbox 705 1573 1029 1624; x_wconf 83' lang='lat' dir='ltr'><strong>disputationibus</strong></span> <span class='ocrx_word' id='word_1_121' title='bbox 1057 1573 1254 1610; x_wconf 89' lang='lat' dir='ltr'><strong>audiendis</strong></span> <span class='ocrx_word' id='word_1_122' title='bbox 1283 1572 1408 1609; x_wconf 87' lang='lat' dir='ltr'><strong>nullas</strong></span> <span class='ocrx_word' id='word_1_123' title='bbox 1429 1572 1623 1610; x_wconf 85' lang='lat' dir='ltr'><strong>molestias</strong></span> <span class='ocrx_word' id='word_1_124' title='bbox 1642 1585 1706 1611; x_wconf 87' lang='lat' dir='ltr'><strong>ca-</strong></span> 
     </span>
     <span class='ocr_line' id='line_1_16' title="bbox 253 1630 1706 1685; baseline 0.003 -18"><span class='ocrx_word' id='word_1_125' title='bbox 253 1630 348 1681; x_wconf 82' lang='lat' dir='ltr'><strong>pias,</strong></span> <span class='ocrx_word' id='word_1_126' title='bbox 388 1645 627 1684; x_wconf 87' lang='lat' dir='ltr'><strong>quorumque</strong></span> <span class='ocrx_word' id='word_1_127' title='bbox 664 1635 901 1672; x_wconf 88' lang='lat' dir='ltr'><strong>commerciis</strong></span> <span class='ocrx_word' id='word_1_128' title='bbox 938 1642 977 1672; x_wconf 91' lang='lat' dir='ltr'><strong>et</strong></span> <span class='ocrx_word' id='word_1_129' title='bbox 1012 1635 1181 1673; x_wconf 88' lang='lat' dir='ltr'><strong>consiliis</strong></span> <span class='ocrx_word' id='word_1_130' title='bbox 1219 1634 1364 1671; x_wconf 87' lang='lat' dir='ltr'><strong>utendo</strong></span> <span class='ocrx_word' id='word_1_131' title='bbox 1397 1647 1523 1685; x_wconf 89' lang='lat' dir='ltr'><strong>neque</strong></span> <span class='ocrx_word' id='word_1_132' title='bbox 1555 1634 1706 1672; x_wconf 91' lang='lat' dir='ltr'><strong>damnis</strong></span> 
     </span>
     <span class='ocr_line' id='line_1_17' title="bbox 252 1694 1704 1747; baseline 0.003 -18"><span class='ocrx_word' id='word_1_133' title='bbox 252 1707 375 1743; x_wconf 87' lang='lat' dir='ltr'><strong>neque</strong></span> <span class='ocrx_word' id='word_1_134' title='bbox 392 1694 536 1745; x_wconf 85' lang='lat' dir='ltr'><strong>injuriis</strong></span> <span class='ocrx_word' id='word_1_135' title='bbox 553 1696 752 1740; x_wconf 85' lang='lat' dir='ltr'><strong>afficiaris;</strong></span> <span class='ocrx_word' id='word_1_136' title='bbox 782 1697 916 1734; x_wconf 87' lang='lat' dir='ltr'><strong>talium</strong></span> <span class='ocrx_word' id='word_1_137' title='bbox 936 1697 1034 1734; x_wconf 92' lang='lat' dir='ltr'><strong>enim</strong></span> <span class='ocrx_word' id='word_1_138' title='bbox 1050 1696 1290 1735; x_wconf 86' lang='lat' dir='ltr'><strong>consuetudo</strong></span> <span class='ocrx_word' id='word_1_139' title='bbox 1310 1695 1566 1747; x_wconf 88' lang='lat' dir='ltr'><strong>prudentibus</strong></span> <span class='ocrx_word' id='word_1_140' title='bbox 1587 1709 1704 1747; x_wconf 84' lang='lat' dir='ltr'><strong>expe-</strong></span> 
     </span>
     <span class='ocr_line' id='line_1_18' title="bbox 254 1755 1706 1809; baseline 0.002 -18"><span class='ocrx_word' id='word_1_141' title='bbox 254 1755 369 1792; x_wconf 88' lang='lat' dir='ltr'><strong>tenda</strong></span> <span class='ocrx_word' id='word_1_142' title='bbox 395 1762 475 1794; x_wconf 87' lang='lat' dir='ltr'><strong>est:</strong></span> <span class='ocrx_word' id='word_1_143' title='bbox 507 1757 604 1795; x_wconf 86' lang='lat' dir='ltr'><strong>inter</strong></span> <span class='ocrx_word' id='word_1_144' title='bbox 629 1758 886 1795; x_wconf 84' lang='lat' dir='ltr'><strong>doctrinarum</strong></span> <span class='ocrx_word' id='word_1_145' title='bbox 915 1771 1026 1809; x_wconf 87' lang='lat' dir='ltr'><strong>porro</strong></span> <span class='ocrx_word' id='word_1_146' title='bbox 1053 1771 1193 1808; x_wconf 75' lang='lat' dir='ltr'><strong>genera</strong></span> <span class='ocrx_word' id='word_1_147' title='bbox 1222 1770 1270 1795; x_wconf 90' lang='lat' dir='ltr'><strong>ne</strong></span> <span class='ocrx_word' id='word_1_148' title='bbox 1299 1757 1522 1795; x_wconf 85' lang='lat' dir='ltr'><strong>dialecticas</strong></span> <span class='ocrx_word' id='word_1_149' title='bbox 1550 1757 1706 1808; x_wconf 88' lang='lat' dir='ltr'><strong>quidem</strong></span> 
     </span>
     <span class='ocr_line' id='line_1_19' title="bbox 253 1815 1706 1870; baseline 0.003 -18"><span class='ocrx_word' id='word_1_150' title='bbox 253 1815 534 1866; x_wconf 86' lang='lat' dir='ltr'><strong>disputationes</strong></span> <span class='ocrx_word' id='word_1_151' title='bbox 560 1818 773 1870; x_wconf 87' lang='lat' dir='ltr'><strong>improbare</strong></span> <span class='ocrx_word' id='word_1_152' title='bbox 799 1819 951 1865; x_wconf 89' lang='lat' dir='ltr'><strong>diceris,</strong></span> <span class='ocrx_word' id='word_1_153' title='bbox 974 1819 1042 1857; x_wconf 89' lang='lat' dir='ltr'><strong>sed</strong></span> <span class='ocrx_word' id='word_1_154' title='bbox 1064 1820 1117 1858; x_wconf 92' lang='lat' dir='ltr'><strong>sic</strong></span> <span class='ocrx_word' id='word_1_155' title='bbox 1138 1819 1186 1857; x_wconf 90' lang='lat' dir='ltr'><strong>de</strong></span> <span class='ocrx_word' id='word_1_156' title='bbox 1205 1818 1277 1857; x_wconf 86' lang='lat' dir='ltr'><strong>illis</strong></span> <span class='ocrx_word' id='word_1_157' title='bbox 1298 1819 1453 1864; x_wconf 89' lang='lat' dir='ltr'><strong>sentire,</strong></span> <span class='ocrx_word' id='word_1_158' title='bbox 1475 1825 1517 1856; x_wconf 89' lang='lat' dir='ltr'><strong>ut</strong></span> <span class='ocrx_word' id='word_1_159' title='bbox 1535 1832 1600 1856; x_wconf 87' lang='lat' dir='ltr'><strong>eas</strong></span> <span class='ocrx_word' id='word_1_160' title='bbox 1626 1818 1706 1856; x_wconf 88' lang='lat' dir='ltr'><strong>exi-</strong></span> 
     </span>
     <span class='ocr_line' id='line_1_20' title="bbox 254 1877 1706 1932; baseline 0.003 -18"><span class='ocrx_word' id='word_1_161' title='bbox 254 1877 386 1916; x_wconf 88' lang='lat' dir='ltr'><strong>stimes</strong></span> <span class='ocrx_word' id='word_1_162' title='bbox 412 1879 450 1916; x_wconf 89' lang='lat' dir='ltr'><strong>in</strong></span> <span class='ocrx_word' id='word_1_163' title='bbox 480 1880 637 1930; x_wconf 86' lang='lat' dir='ltr'><strong>privatis</strong></span> <span class='ocrx_word' id='word_1_164' title='bbox 666 1882 937 1932; x_wconf 84' lang='lat' dir='ltr'><strong>congressibus</strong></span> <span class='ocrx_word' id='word_1_165' title='bbox 966 1881 1198 1932; x_wconf 88' lang='lat' dir='ltr'><strong>permultum</strong></span> <span class='ocrx_word' id='word_1_166' title='bbox 1225 1881 1366 1927; x_wconf 86' lang='lat' dir='ltr'><strong>valere,</strong></span> <span class='ocrx_word' id='word_1_167' title='bbox 1389 1894 1467 1918; x_wconf 90' lang='lat' dir='ltr'><strong>non</strong></span> <span class='ocrx_word' id='word_1_168' title='bbox 1497 1887 1623 1919; x_wconf 86' lang='lat' dir='ltr'><strong>tamen</strong></span> <span class='ocrx_word' id='word_1_169' title='bbox 1646 1881 1706 1919; x_wconf 87' lang='lat' dir='ltr'><strong>vel</strong></span> 
     </span>
     <span class='ocr_line' id='line_1_21' title="bbox 255 1939 1705 1994; baseline 0.003 -18"><span class='ocrx_word' id='word_1_170' title='bbox 255 1939 385 1990; x_wconf 86' lang='lat' dir='ltr'><strong>populi</strong></span> <span class='ocrx_word' id='word_1_171' title='bbox 417 1941 737 1991; x_wconf 84' lang='lat' dir='ltr'><strong>gubernatoribus</strong></span> <span class='ocrx_word' id='word_1_172' title='bbox 758 1942 817 1980; x_wconf 89' lang='lat' dir='ltr'><strong>vel</strong></span> <span class='ocrx_word' id='word_1_173' title='bbox 849 1942 1080 1993; x_wconf 85' lang='lat' dir='ltr'><strong>principibus</strong></span> <span class='ocrx_word' id='word_1_174' title='bbox 1106 1956 1188 1981; x_wconf 86' lang='lat' dir='ltr'><strong>esse</strong></span> <span class='ocrx_word' id='word_1_175' title='bbox 1216 1949 1474 1994; x_wconf 82' lang='lat' dir='ltr'><strong>opportunas3</strong></span> <span class='ocrx_word' id='word_1_176' title='bbox 1507 1955 1578 1981; x_wconf 88' lang='lat' dir='ltr'><strong>nec</strong></span> <span class='ocrx_word' id='word_1_177' title='bbox 1605 1943 1705 1980; x_wconf 90' lang='lat' dir='ltr'><strong>enim</strong></span> 
     </span>
     <span class='ocr_line' id='line_1_22' title="bbox 253 2002 1705 2057; baseline 0.003 -19"><span class='ocrx_word' id='word_1_178' title='bbox 253 2002 433 2051; x_wconf 90' lang='lat' dir='ltr'><strong>expedire</strong></span> <span class='ocrx_word' id='word_1_179' title='bbox 454 2016 525 2041; x_wconf 90' lang='lat' dir='ltr'><strong>nec</strong></span> <span class='ocrx_word' id='word_1_180' title='bbox 546 2003 682 2042; x_wconf 88' lang='lat' dir='ltr'><strong>decere</strong></span> <span class='ocrx_word' id='word_1_181' title='bbox 703 2012 758 2049; x_wconf 90' lang='lat' dir='ltr'><strong>ut,</strong></span> <span class='ocrx_word' id='word_1_182' title='bbox 779 2005 841 2055; x_wconf 87' lang='lat' dir='ltr'><strong>qui</strong></span> <span class='ocrx_word' id='word_1_183' title='bbox 862 2005 1049 2056; x_wconf 86' lang='lat' dir='ltr'><strong>dignitate</strong></span> <span class='ocrx_word' id='word_1_184' title='bbox 1069 2006 1217 2043; x_wconf 86' lang='lat' dir='ltr'><strong>caeteris</strong></span> <span class='ocrx_word' id='word_1_185' title='bbox 1238 2012 1436 2056; x_wconf 82' lang='lat' dir='ltr'><strong>praestant,</strong></span> <span class='ocrx_word' id='word_1_186' title='bbox 1450 2005 1509 2043; x_wconf 88' lang='lat' dir='ltr'><strong>vel</strong></span> <span class='ocrx_word' id='word_1_187' title='bbox 1530 2006 1601 2057; x_wconf 86' lang='lat' dir='ltr'><strong>ipsi</strong></span> <span class='ocrx_word' id='word_1_188' title='bbox 1619 2019 1705 2043; x_wconf 91' lang='lat' dir='ltr'><strong>cum</strong></span> 
     </span>
     <span class='ocr_line' id='line_1_23' title="bbox 254 2061 1708 2106; baseline 0.005 -7"><span class='ocrx_word' id='word_1_189' title='bbox 254 2061 402 2101; x_wconf 88' lang='lat' dir='ltr'><strong>civibus</strong></span> <span class='ocrx_word' id='word_1_190' title='bbox 432 2064 603 2103; x_wconf 87' lang='lat' dir='ltr'><strong>rixentur</strong></span> <span class='ocrx_word' id='word_1_191' title='bbox 634 2065 694 2103; x_wconf 84' lang='lat' dir='ltr'><strong>vel</strong></span> <span class='ocrx_word' id='word_1_192' title='bbox 726 2066 874 2104; x_wconf 85' lang='lat' dir='ltr'><strong>caeteris</strong></span> <span class='ocrx_word' id='word_1_193' title='bbox 908 2066 1003 2104; x_wconf 89' lang='lat' dir='ltr'><strong>dent</strong></span> <span class='ocrx_word' id='word_1_194' title='bbox 1032 2066 1322 2105; x_wconf 89' lang='lat' dir='ltr'><strong>contradicendi</strong></span> <span class='ocrx_word' id='word_1_195' title='bbox 1351 2066 1560 2105; x_wconf 87' lang='lat' dir='ltr'><strong>licentiam.</strong></span> <span class='ocrx_word' id='word_1_196' title='bbox 1618 2067 1708 2106; x_wconf 91' lang='lat' dir='ltr'><strong>Hoc</strong></span> 
     </span>
     <span class='ocr_line' id='line_1_24' title="bbox 256 2123 1709 2180; baseline 0.005 -21"><span class='ocrx_word' id='word_1_197' title='bbox 256 2123 372 2173; x_wconf 85' lang='lat' dir='ltr'><strong>igitur</strong></span> <span class='ocrx_word' id='word_1_198' title='bbox 393 2125 560 2162; x_wconf 89' lang='lat' dir='ltr'><strong>studium</strong></span> <span class='ocrx_word' id='word_1_199' title='bbox 580 2132 616 2163; x_wconf 91' lang='lat' dir='ltr'><strong>te</strong></span> <span class='ocrx_word' id='word_1_200' title='bbox 637 2140 713 2164; x_wconf 89' lang='lat' dir='ltr'><strong>non</strong></span> <span class='ocrx_word' id='word_1_201' title='bbox 734 2140 861 2165; x_wconf 87' lang='lat' dir='ltr'><strong>amare</strong></span> <span class='ocrx_word' id='word_1_202' title='bbox 881 2128 1021 2172; x_wconf 87' lang='lat' dir='ltr'><strong>ferunt,</strong></span> <span class='ocrx_word' id='word_1_203' title='bbox 1036 2127 1105 2165; x_wconf 89' lang='lat' dir='ltr'><strong>sed</strong></span> <span class='ocrx_word' id='word_1_204' title='bbox 1120 2127 1352 2179; x_wconf 86' lang='lat' dir='ltr'><strong>eloquentiae</strong></span> <span class='ocrx_word' id='word_1_205' title='bbox 1369 2127 1609 2178; x_wconf 88' lang='lat' dir='ltr'><strong>disciplinam</strong></span> <span class='ocrx_word' id='word_1_206' title='bbox 1624 2142 1709 2180; x_wconf 88' lang='lat' dir='ltr'><strong>per·</strong></span> 
     </span>
     <span class='ocr_line' id='line_1_25' title="bbox 257 2185 1707 2240; baseline 0.006 -20"><span class='ocrx_word' id='word_1_207' title='bbox 257 2185 385 2234; x_wconf 85' lang='lat' dir='ltr'><strong>magni</strong></span> <span class='ocrx_word' id='word_1_208' title='bbox 413 2185 553 2230; x_wconf 81' lang='lat' dir='ltr'><strong>facere,</strong></span> <span class='ocrx_word' id='word_1_209' title='bbox 576 2200 654 2237; x_wconf 86' lang='lat' dir='ltr'><strong>qua</strong></span> <span class='ocrx_word' id='word_1_210' title='bbox 678 2189 818 2226; x_wconf 90' lang='lat' dir='ltr'><strong>utimur</strong></span> <span class='ocrx_word' id='word_1_211' title='bbox 844 2194 882 2227; x_wconf 89' lang='lat' dir='ltr'><strong>et</strong></span> <span class='ocrx_word' id='word_1_212' title='bbox 909 2188 945 2225; x_wconf 89' lang='lat' dir='ltr'><strong>in</strong></span> <span class='ocrx_word' id='word_1_213' title='bbox 969 2189 1204 2239; x_wconf 82' lang='lat' dir='ltr'><strong>quotidianae</strong></span> <span class='ocrx_word' id='word_1_214' title='bbox 1225 2189 1313 2226; x_wconf 89' lang='lat' dir='ltr'><strong>vitae</strong></span> <span class='ocrx_word' id='word_1_215' title='bbox 1333 2189 1512 2239; x_wconf 85' lang='lat' dir='ltr'><strong>negotiis,</strong></span> <span class='ocrx_word' id='word_1_216' title='bbox 1531 2197 1570 2227; x_wconf 91' lang='lat' dir='ltr'><strong>et</strong></span> <span class='ocrx_word' id='word_1_217' title='bbox 1589 2203 1707 2240; x_wconf 90' lang='lat' dir='ltr'><strong>quum</strong></span> 
     </span>
     <span class='ocr_line' id='line_1_26' title="bbox 255 2243 1712 2302; baseline 0.005 -22"><span class='ocrx_word' id='word_1_218' title='bbox 255 2243 305 2281; x_wconf 86' lang='lat' dir='ltr'><strong>de</strong></span> <span class='ocrx_word' id='word_1_219' title='bbox 327 2244 473 2295; x_wconf 85' lang='lat' dir='ltr'><strong>republ.</strong></span> <span class='ocrx_word' id='word_1_220' title='bbox 495 2245 760 2285; x_wconf 84' lang='lat' dir='ltr'><strong>deliberamus.</strong></span> <span class='ocrx_word' id='word_1_221' title='bbox 818 2247 891 2286; x_wconf 85' lang='lat' dir='ltr'><strong>Per</strong></span> <span class='ocrx_word' id='word_1_222' title='bbox 922 2262 1035 2300; x_wconf 86' lang='lat' dir='ltr'><strong>quam</strong></span> <span class='ocrx_word' id='word_1_223' title='bbox 1062 2256 1101 2286; x_wconf 90' lang='lat' dir='ltr'><strong>et</strong></span> <span class='ocrx_word' id='word_1_224' title='bbox 1125 2249 1173 2287; x_wconf 86' lang='lat' dir='ltr'><strong>de</strong></span> <span class='ocrx_word' id='word_1_225' title='bbox 1200 2249 1335 2287; x_wconf 87' lang='lat' dir='ltr'><strong>futuris</strong></span> <span class='ocrx_word' id='word_1_226' title='bbox 1361 2250 1474 2287; x_wconf 90' lang='lat' dir='ltr'><strong>rebus</strong></span> <span class='ocrx_word' id='word_1_227' title='bbox 1502 2250 1712 2302; x_wconf 84' lang='lat' dir='ltr'><strong>prudenter</strong></span> 
     </span>
     <span class='ocr_line' id='line_1_27' title="bbox 257 2306 1709 2363; baseline 0.005 -20"><span class='ocrx_word' id='word_1_228' title='bbox 257 2306 475 2345; x_wconf 86' lang='lat' dir='ltr'><strong>autumabis</strong></span> <span class='ocrx_word' id='word_1_229' title='bbox 495 2314 533 2345; x_wconf 90' lang='lat' dir='ltr'><strong>et</strong></span> <span class='ocrx_word' id='word_1_230' title='bbox 552 2307 595 2345; x_wconf 88' lang='lat' dir='ltr'><strong>iis</strong></span> <span class='ocrx_word' id='word_1_231' title='bbox 615 2309 678 2359; x_wconf 84' lang='lat' dir='ltr'><strong>qui</strong></span> <span class='ocrx_word' id='word_1_232' title='bbox 694 2309 760 2347; x_wconf 90' lang='lat' dir='ltr'><strong>tibi</strong></span> <span class='ocrx_word' id='word_1_233' title='bbox 775 2318 911 2360; x_wconf 87' lang='lat' dir='ltr'><strong>parent</strong></span> <span class='ocrx_word' id='word_1_234' title='bbox 932 2324 1008 2348; x_wconf 88' lang='lat' dir='ltr'><strong>non</strong></span> <span class='ocrx_word' id='word_1_235' title='bbox 1029 2310 1264 2362; x_wconf 89' lang='lat' dir='ltr'><strong>insipienter,</strong></span> <span class='ocrx_word' id='word_1_236' title='bbox 1281 2311 1374 2362; x_wconf 87' lang='lat' dir='ltr'><strong>quid</strong></span> <span class='ocrx_word' id='word_1_237' title='bbox 1391 2312 1563 2363; x_wconf 86' lang='lat' dir='ltr'><strong>singulos</strong></span> <span class='ocrx_word' id='word_1_238' title='bbox 1583 2313 1709 2351; x_wconf 88' lang='lat' dir='ltr'><strong>facere</strong></span> 
     </span>
     <span class='ocr_line' id='line_1_28' title="bbox 258 2368 1709 2426; baseline 0.006 -21"><span class='ocrx_word' id='word_1_239' title='bbox 258 2368 407 2414; x_wconf 88' lang='lat' dir='ltr'><strong>deceat,</strong></span> <span class='ocrx_word' id='word_1_240' title='bbox 428 2370 633 2421; x_wconf 82' lang='lat' dir='ltr'><strong>praecipere</strong></span> <span class='ocrx_word' id='word_1_241' title='bbox 659 2372 815 2422; x_wconf 90' lang='lat' dir='ltr'><strong>poteris,</strong></span> <span class='ocrx_word' id='word_1_242' title='bbox 839 2380 878 2410; x_wconf 83' lang='lat' dir='ltr'><strong>et</strong></span> <span class='ocrx_word' id='word_1_243' title='bbox 903 2373 950 2410; x_wconf 92' lang='lat' dir='ltr'><strong>de</strong></span> <span class='ocrx_word' id='word_1_244' title='bbox 977 2374 1090 2411; x_wconf 88' lang='lat' dir='ltr'><strong>rebus</strong></span> <span class='ocrx_word' id='word_1_245' title='bbox 1115 2374 1284 2412; x_wconf 89' lang='lat' dir='ltr'><strong>honestis</strong></span> <span class='ocrx_word' id='word_1_246' title='bbox 1305 2381 1344 2412; x_wconf 89' lang='lat' dir='ltr'><strong>et</strong></span> <span class='ocrx_word' id='word_1_247' title='bbox 1358 2375 1472 2423; x_wconf 89' lang='lat' dir='ltr'><strong>justis</strong></span> <span class='ocrx_word' id='word_1_248' title='bbox 1498 2374 1709 2426; x_wconf 88' lang='lat' dir='ltr'><strong>harumque</strong></span> 
     </span>
     <span class='ocr_line' id='line_1_29' title="bbox 257 2429 1709 2487; baseline 0.007 -22"><span class='ocrx_word' id='word_1_249' title='bbox 257 2429 456 2467; x_wconf 89' lang='lat' dir='ltr'><strong>contrariis</strong></span> <span class='ocrx_word' id='word_1_250' title='bbox 479 2438 580 2468; x_wconf 83' lang='lat' dir='ltr'><strong>recte</strong></span> <span class='ocrx_word' id='word_1_251' title='bbox 595 2431 784 2482; x_wconf 87' lang='lat' dir='ltr'><strong>judicare,</strong></span> <span class='ocrx_word' id='word_1_252' title='bbox 801 2440 986 2484; x_wconf 86' lang='lat' dir='ltr'><strong>praeterea</strong></span> <span class='ocrx_word' id='word_1_253' title='bbox 1006 2433 1060 2472; x_wconf 89' lang='lat' dir='ltr'><strong>sic</strong></span> <span class='ocrx_word' id='word_1_254' title='bbox 1076 2435 1134 2473; x_wconf 86' lang='lat' dir='ltr'><strong>vel</strong></span> <span class='ocrx_word' id='word_1_255' title='bbox 1150 2436 1271 2486; x_wconf 87' lang='lat' dir='ltr'><strong>poenis</strong></span> <span class='ocrx_word' id='word_1_256' title='bbox 1292 2436 1351 2473; x_wconf 90' lang='lat' dir='ltr'><strong>vel</strong></span> <span class='ocrx_word' id='word_1_257' title='bbox 1373 2435 1539 2487; x_wconf 80' lang='lat' dir='ltr'><strong>praemiis</strong></span> <span class='ocrx_word' id='word_1_258' title='bbox 1559 2436 1709 2475; x_wconf 85' lang='lat' dir='ltr'><strong>afficere</strong></span> 
     </span>
     <span class='ocr_line' id='line_1_30' title="bbox 260 2495 1709 2549; baseline 0.006 -21"><span class='ocrx_word' id='word_1_259' title='bbox 260 2499 444 2542; x_wconf 87' lang='lat' dir='ltr'><strong>utrosque</strong></span> <span class='ocrx_word' id='word_1_260' title='bbox 464 2499 505 2529; x_wconf 87' lang='lat' dir='ltr'><strong>ut</strong></span> <span class='ocrx_word' id='word_1_261' title='bbox 523 2500 755 2532; x_wconf 90' lang='lat' dir='ltr'><strong>mereantur.</strong></span> <span class='ocrx_word' id='word_1_262' title='bbox 813 2495 960 2547; x_wconf 83' lang='lat' dir='ltr'><strong>Magna</strong></span> <span class='ocrx_word' id='word_1_263' title='bbox 979 2495 1092 2546; x_wconf 84' lang='lat' dir='ltr'><strong>igitur</strong></span> <span class='ocrx_word' id='word_1_264' title='bbox 1113 2497 1227 2535; x_wconf 89' lang='lat' dir='ltr'><strong>laude</strong></span> <span class='ocrx_word' id='word_1_265' title='bbox 1249 2498 1367 2549; x_wconf 88' lang='lat' dir='ltr'><strong>digna</strong></span> <span class='ocrx_word' id='word_1_266' title='bbox 1385 2505 1445 2536; x_wconf 84' lang='lat' dir='ltr'><strong>est</strong></span> <span class='ocrx_word' id='word_1_267' title='bbox 1464 2504 1530 2536; x_wconf 87' lang='lat' dir='ltr'><strong>tua</strong></span> <span class='ocrx_word' id='word_1_268' title='bbox 1557 2498 1709 2549; x_wconf 87' lang='lat' dir='ltr'><strong>sapien-</strong></span> 
     </span>
     <span class='ocr_line' id='line_1_31' title="bbox 259 2552 1710 2611; baseline 0.006 -22"><span class='ocrx_word' id='word_1_269' title='bbox 259 2553 324 2597; x_wconf 86' lang='lat' dir='ltr'><strong>tia,</strong></span> <span class='ocrx_word' id='word_1_270' title='bbox 340 2553 402 2604; x_wconf 91' lang='lat' dir='ltr'><strong>qui</strong></span> <span class='ocrx_word' id='word_1_271' title='bbox 425 2552 565 2592; x_wconf 87' lang='lat' dir='ltr'><strong>talibus</strong></span> <span class='ocrx_word' id='word_1_272' title='bbox 586 2555 724 2593; x_wconf 87' lang='lat' dir='ltr'><strong>studiis</strong></span> <span class='ocrx_word' id='word_1_273' title='bbox 739 2569 843 2594; x_wconf 90' lang='lat' dir='ltr'><strong>nunc</strong></span> <span class='ocrx_word' id='word_1_274' title='bbox 865 2557 1062 2608; x_wconf 90' lang='lat' dir='ltr'><strong>occuperis</strong></span> <span class='ocrx_word' id='word_1_275' title='bbox 1078 2571 1086 2595; x_wconf 92' lang='lat'>:</span> <span class='ocrx_word' id='word_1_276' title='bbox 1117 2571 1206 2610; x_wconf 83' lang='lat' dir='ltr'><strong>spes</strong></span> <span class='ocrx_word' id='word_1_277' title='bbox 1222 2560 1322 2596; x_wconf 88' lang='lat' dir='ltr'><strong>euim</strong></span> <span class='ocrx_word' id='word_1_278' title='bbox 1339 2565 1378 2596; x_wconf 90' lang='lat' dir='ltr'><strong>et</strong></span> <span class='ocrx_word' id='word_1_279' title='bbox 1392 2559 1488 2610; x_wconf 87' lang='lat' dir='ltr'><strong>patri</strong></span> <span class='ocrx_word' id='word_1_280' title='bbox 1503 2565 1541 2597; x_wconf 87' lang='lat' dir='ltr'><strong>et</strong></span> <span class='ocrx_word' id='word_1_281' title='bbox 1557 2559 1710 2611; x_wconf 84' lang='lat' dir='ltr'><strong>reliquis</strong></span> 
     </span>
     <span class='ocr_line' id='line_1_32' title="bbox 261 2614 1711 2672; baseline 0.006 -21"><span class='ocrx_word' id='word_1_282' title='bbox 261 2615 393 2652; x_wconf 78' lang='lat' dir='ltr'><strong>amicis</strong></span> <span class='ocrx_word' id='word_1_283' title='bbox 408 2614 533 2661; x_wconf 86' lang='lat' dir='ltr'><strong>affers,</strong></span> <span class='ocrx_word' id='word_1_284' title='bbox 552 2616 616 2654; x_wconf 89' lang='lat' dir='ltr'><strong>ubi</strong></span> <span class='ocrx_word' id='word_1_285' title='bbox 636 2624 751 2656; x_wconf 88' lang='lat' dir='ltr'><strong>aetate</strong></span> <span class='ocrx_word' id='word_1_286' title='bbox 772 2618 1001 2669; x_wconf 87' lang='lat' dir='ltr'><strong>processeris</strong></span> <span class='ocrx_word' id='word_1_287' title='bbox 1022 2626 1059 2657; x_wconf 90' lang='lat' dir='ltr'><strong>et</strong></span> <span class='ocrx_word' id='word_1_288' title='bbox 1079 2620 1117 2657; x_wconf 91' lang='lat' dir='ltr'><strong>in</strong></span> <span class='ocrx_word' id='word_1_289' title='bbox 1135 2619 1195 2657; x_wconf 89' lang='lat' dir='ltr'><strong>his</strong></span> <span class='ocrx_word' id='word_1_290' title='bbox 1214 2620 1428 2658; x_wconf 87' lang='lat' dir='ltr'><strong>actionibus</strong></span> <span class='ocrx_word' id='word_1_291' title='bbox 1444 2622 1711 2672; x_wconf 83' lang='lat' dir='ltr'><strong>perseveraris,</strong></span> 
     </span>
    </p>
   </div>
   <div class='ocr_carea' id='block_1_3' title="bbox 261 2675 1712 2777">
    <p class='ocr_par' dir='ltr' id='par_1_4' title="bbox 261 2675 1712 2777">
     <span class='ocr_line' id='line_1_33' title="bbox 261 2675 1712 2732; baseline 0.006 -20"><span class='ocrx_word' id='word_1_292' title='bbox 261 2675 343 2713; x_wconf 80' lang='lat' dir='ltr'><strong>sore</strong></span> <span class='ocrx_word' id='word_1_293' title='bbox 365 2683 406 2713; x_wconf 87' lang='lat' dir='ltr'><strong>ut</strong></span> <span class='ocrx_word' id='word_1_294' title='bbox 424 2676 587 2727; x_wconf 83' lang='lat' dir='ltr'><strong>reliquos</strong></span> <span class='ocrx_word' id='word_1_295' title='bbox 608 2685 755 2716; x_wconf 89' lang='lat' dir='ltr'><strong>tantum</strong></span> <span class='ocrx_word' id='word_1_296' title='bbox 773 2679 959 2730; x_wconf 88' lang='lat' dir='ltr'><strong>sapientia</strong></span> <span class='ocrx_word' id='word_1_297' title='bbox 973 2687 1142 2726; x_wconf 86' lang='lat' dir='ltr'><strong>anteeas,</strong></span> <span class='ocrx_word' id='word_1_298' title='bbox 1158 2688 1342 2731; x_wconf 87' lang='lat' dir='ltr'><strong>quantum</strong></span> <span class='ocrx_word' id='word_1_299' title='bbox 1359 2688 1468 2732; x_wconf 88' lang='lat' dir='ltr'><strong>pater</strong></span> <span class='ocrx_word' id='word_1_300' title='bbox 1488 2689 1576 2721; x_wconf 88' lang='lat' dir='ltr'><strong>tuus</strong></span> <span class='ocrx_word' id='word_1_301' title='bbox 1597 2683 1712 2721; x_wconf 91' lang='lat' dir='ltr'><strong>omni-</strong></span> 
     </span>
     <span class='ocr_line' id='line_1_34' title="bbox 262 2735 560 2777; baseline 0.013 -4"><span class='ocrx_word' id='word_1_302' title='bbox 262 2735 334 2774; x_wconf 82' lang='lat' dir='ltr'><strong>bus</strong></span> <span class='ocrx_word' id='word_1_303' title='bbox 354 2738 560 2777; x_wconf 83' lang='lat' dir='ltr'><strong>antecellit.</strong></span> 
     </span>
    </p>
   </div>
  </div>
 </body>
</html>
