1870 3277
262 178 336 214 310
929 176 1043 214 ISAEI

257 277 424 328 firmant,
443 278 547 329 quod
575 279 696 330 ipsum
727 286 947 317 testatorem
975 279 1141 316 fatentur
1170 290 1245 316 non
1275 278 1371 316 bene
1397 290 1419 315 a
1444 291 1483 316 se
1503 277 1700 315 conditum

251 339 464 390 judicasse,
486 340 666 391 vobisque
688 339 855 378 suadent
876 348 914 377 ut
932 347 1065 378 contra
1085 340 1189 390 leges
1210 347 1249 377 et
1271 339 1489 389 aequitatem
1517 346 1556 376 et
1581 340 1701 390 ipsius

258 401 430 440 defuncti
453 402 685 441 voluntatem
714 401 944 440 sententiam
970 402 1114 439 feratis.
1173 401 1238 438 Ille
1258 413 1346 437 vero
1367 407 1427 437 est
1445 401 1610 437 omnium
1632 400 1700 436 im-

258 462 561 513 pudentissimus
587 476 725 509 serm0,
745 476 830 501 cum
858 463 982 501 dicere
1002 463 1145 501 audent
1165 462 1414 512 Cleonymum
1437 461 1528 497 nihil
1548 474 1701 499 suarum

259 523 482 562 facultatum
504 539 526 563 a
546 526 654 563 nobis
684 525 825 575 percipi
855 525 1033 563 voluisse.
1091 523 1226 574 Atqui,
1247 536 1270 560 o
1293 523 1372 568 viri,
1394 535 1579 574 quosnam
1608 522 1702 560 alios

260 598 324 624 eas
352 586 492 625 habere
521 587 718 624 maluisset
746 599 860 636 quam
890 599 973 629 nos,
991 599 1088 636 quos
1115 593 1153 624 et
1178 599 1255 636 prae
1281 586 1458 623 omnibus
1478 583 1703 621 necessariis

259 659 301 684 re
335 648 508 686 familiari
543 661 612 686 sua
646 648 777 686 vivens
811 647 1001 699 juvabat?
1059 648 1185 685 Multo
1224 654 1350 684 autem
1382 645 1704 683 mirabilissimum

259 715 376 755 esset,
409 710 439 747 si
477 723 593 760 quum
625 710 889 761 Cephisander
927 710 1226 748 adversariorum
1264 717 1478 747 nostrorum
1517 714 1704 758 cognatus

259 783 414 821 aequum
434 770 681 810 censeafnos
700 785 853 822 quoque
884 773 918 809 in
947 780 1093 822 partem
1123 771 1344 809 hereditatis
1371 771 1512 815 vocari,
1537 770 1704 820 Cleony-

259 844 346 869 mus
370 839 505 870 contra
531 832 639 870 nobis
669 833 850 870 affinitate
878 833 992 883 longe
1018 833 1258 883 conjunctior
1282 833 1421 882 quique
1447 845 1516 869 nos
1537 831 1572 867 in
1594 829 1705 868 fami-

257 892 459 931 liaritatem
483 907 590 931 suam
610 903 783 945 receptos
805 894 984 931 educavit
1003 907 1139 943 resque
1162 901 1307 931 nostras
1329 907 1402 931 non
1424 906 1532 931 secus
1552 906 1596 930 ac
1615 905 1705 929 suas

259 954 365 992 cordi
385 954 529 998 habuit,
546 954 576 991 is
592 953 780 1004 (inquam)
795 967 893 991 unus
916 967 983 991 nos
1001 955 1047 991 ab
1066 953 1277 992 hereditate
1297 954 1487 1004 depellere
1509 953 1706 990 voluisset.

259 1015 348 1053 Jam
367 1015 450 1065 quis
470 1024 636 1052 vestrum
658 1016 728 1053 sibi
749 1015 978 1066 persuadeat
1001 1015 1238 1052 adversarios
1267 1015 1594 1052 benevolentiores
1620 1027 1706 1052 esse

260 1083 298 1113 et
323 1076 601 1115 moderationes
631 1090 722 1127 erga
749 1090 818 1115 nos
846 1089 959 1127 quam
992 1076 1183 1114 hominem
1217 1076 1599 1124 conjunctissimum?
1654 1078 1707 1113 At

260 1150 348 1175 eum
365 1137 530 1188 quidem,
549 1139 610 1175 cui
631 1138 742 1189 plane
764 1139 1020 1176 necessarium
1042 1146 1124 1176 erat
1142 1139 1251 1176 nobis
1276 1139 1504 1177 benefacere
1532 1146 1571 1176 et
1597 1145 1706 1190 turpe

260 1202 470 1253 negligere,
490 1202 581 1239 nihil
601 1215 755 1240 suarum
776 1202 1000 1240 facultatum
1021 1203 1130 1240 nobis
1151 1202 1325 1241 dedisse:
1356 1203 1425 1240 hos
1446 1215 1547 1247 vero,
1570 1202 1706 1253 quibus

260 1263 368 1301 nulla
396 1264 604 1302 necessitas
627 1264 891 1302 benefaciendi
913 1272 973 1302 est
991 1277 1115 1315 neque
1135 1264 1212 1302 ulla
1231 1277 1277 1302 ex
1297 1265 1476 1315 neglectu
1498 1264 1707 1315 ignominia

260 1325 445 1371 imminet,
464 1326 662 1363 nobiscum
692 1338 739 1363 ea
768 1327 870 1363 bona
895 1327 1191 1371 communicare,
1217 1339 1318 1376 quae,
1344 1333 1385 1364 ut
1412 1327 1529 1371 aiunt,
1557 1326 1605 1364 ad
1637 1339 1704 1364 nos

259 1399 416 1437 prorsus
436 1400 511 1424 non
532 1386 724 1424 attinent?
781 1387 891 1432 Haec,
912 1387 1080 1438 inquam,
1097 1399 1120 1424 o
1140 1387 1220 1432 viri,
1241 1400 1262 1425 a
1281 1386 1356 1424 fide
1376 1387 1618 1424 vehementer
1638 1388 1706 1425 ab·

261 1447 430 1486 horrent.

315 1512 353 1547 7.
381 1509 574 1548 Praeterea
593 1511 637 1556 si,
657 1523 743 1548 cum
764 1510 1000 1561 Cleonymus
1019 1510 1125 1556 obiit,
1145 1523 1190 1548 eo
1216 1510 1343 1549 adhuc
1368 1511 1493 1548 animo
1519 1524 1611 1561 erga
1635 1524 1707 1548 nos

261 1579 301 1610 et
319 1573 556 1611 adversarios
577 1581 729 1611 nostros
750 1574 899 1619 fuisset,
920 1586 1031 1624 quem
1054 1574 1173 1622 gessit
1189 1586 1306 1622 quum
1325 1580 1597 1610 testamentum
1616 1573 1707 1610 scri-

260 1634 555 1684 bebat,aequum
569 1634 669 1672 foret
684 1648 751 1672 vos
768 1635 1005 1672 sermonibus
1023 1634 1323 1671 adversariorum
1341 1634 1455 1672 fidem
1476 1634 1706 1685 adjungere:

262 1708 365 1733 nunc
391 1704 519 1732 autem
545 1695 661 1747 plane
688 1696 918 1734 contrarium
946 1694 1252 1747 deprehendetis.
1311 1696 1413 1733 Olim
1437 1696 1577 1747 quippe
1598 1697 1709 1734 nobis

260 1763 364 1795 tutor
383 1765 463 1795 erat
478 1757 626 1801 Dinias,
641 1757 782 1795 invisus
799 1757 1011 1808 Cleonymo
1027 1758 1091 1808 qui
1106 1757 1271 1794 necdum
1287 1757 1564 1795 consuetudine
1581 1765 1710 1796 nostra

263 1819 444 1856 utebatur
463 1825 502 1856 et
520 1818 578 1855 his
599 1819 775 1857 omuibus
801 1819 1028 1857 adversariis
1056 1818 1195 1856 nostris
1221 1825 1302 1856 erat
1328 1819 1544 1856 familiaris:
1573 1826 1709 1870 postea

262 1891 352 1919 vero
381 1888 418 1918 et
445 1881 577 1918 horum
608 1880 802 1918 nonnullis
828 1881 954 1919 factus
978 1887 1037 1918 est
1065 1881 1240 1918 inimicus
1262 1880 1512 1931 Cleonymus,
1533 1889 1572 1918 et
1599 1882 1708 1918 nobis

263 1943 579 1982 familiarissimus
600 1957 686 1982 esse
706 1943 833 1995 coepit.
890 1944 939 1981 Et
957 1957 1034 1994 qua
1052 1943 1205 1994 quidem
1221 1943 1270 1981 de
1291 1956 1408 1981 causa
1423 1944 1621 1994 Cleonymi
1637 1943 1711 1981 ani-

264 2017 347 2043 mus
366 2006 413 2043 ab
431 2004 655 2043 adversariis
671 2005 811 2043 nostris
827 2018 981 2043 aversus
998 2006 1059 2050 sit,
1076 2005 1237 2043 otiosum
1256 2012 1314 2043 est
1329 2004 1456 2042 dicere
1472 2018 1481 2042 :
1509 2005 1561 2042 rei
1581 2012 1708 2043 tamen

263 2068 382 2118 ipsius
407 2081 549 2118 magna
576 2067 716 2105 indicia
734 2067 934 2111 exhibebo,
955 2080 1043 2117 quae
1065 2067 1216 2118 quidem
1237 2080 1304 2117 per
1323 2073 1441 2104 testes
1460 2067 1709 2105 confirmabo.

266 2129 366 2166 Nam
393 2129 554 2179 primurn
575 2142 693 2178 quum
715 2128 870 2167 Baccho
897 2142 1046 2166 sacrum
1067 2129 1211 2166 faceret
1230 2128 1481 2179 Cleonymus,
1502 2141 1709 2179 omnesque

265 2190 503 2227 necessarios
532 2189 749 2240 multosque
778 2204 798 2227 e
828 2191 973 2230 civibus
1003 2190 1247 2234 advocasset,
1275 2189 1524 2227 Pherenicum
1552 2202 1709 2240 prorsus

266 2263 343 2288 non
369 2250 561 2288 invitavit.'
609 2250 756 2288 Rursus
789 2251 903 2301 paulo
932 2258 1019 2288 ante
1048 2251 1193 2288 obitum
1225 2263 1344 2301 quum
1379 2250 1611 2287 Panormum
1641 2250 1711 2288 iret
1735 2299 1737 2302 ι

267 2311 422 2349 Simone
450 2311 603 2357 comite,
631 2312 940 2362 occurrissetque
969 2313 1067 2350 forte
1096 2312 1219 2349 eidem
1255 2311 1481 2356 Pberenico,
1514 2325 1588 2349 non
1625 2311 1712 2349 tulit

266 2387 353 2412 eum
380 2373 559 2411 salutare.
618 2373 807 2412 Praeterea
827 2387 950 2424 quum·
969 2375 1018 2413 de
1043 2388 1088 2413 ea
1107 2374 1301 2412 simultate
1323 2374 1578 2412 sciscitaretur
1597 2374 1711 2412 Cleo-

266 2448 423 2486 nymum
444 2435 590 2480 Simon,
610 2435 672 2473 ille
690 2442 728 2473 et
747 2435 877 2472 odium
894 2444 1026 2486 ,aperte
1045 2436 1168 2474 fassus
1189 2444 1261 2482 est,
1281 2443 1321 2474 et
1340 2436 1507 2474 minatus
1527 2438 1641 2474 etiam
1668 2449 1711 2474 se

265 2510 342 2548 quo
361 2497 487 2535 animo
507 2497 546 2533 in
566 2496 819 2534 Pherenicum
837 2504 936 2535 esset
949 2506 1207 2536 ostensurum.
1265 2497 1318 2535 Ut
1335 2505 1463 2535 autem
1482 2504 1634 2535 constet
1653 2510 1711 2535 me

267 2571 356 2597 vera
375 2558 516 2604 dicere,
537 2565 652 2596 testes
673 2571 782 2596 voca.

886 2653 1094 2691 TESTES.

320 2743 357 2778 8.
388 2741 600 2792 Postquam
619 2741 734 2791 igitur
754 2739 1002 2791 cognovistis,
1021 2752 1044 2778 o
1063 2738 1143 2783 viri,
1164 2737 1358 2789 quomodo
1377 2750 1468 2787 erga
1488 2749 1557 2774 nos
1578 2736 1709 2775 adver-

268 2802 465 2852 sariosque
500 2809 650 2840 nostros
687 2801 848 2840 affectus
881 2801 994 2839 fuerit
1021 2801 1273 2850 Cleonymus,
1305 2800 1487 2851 putabitis
1525 2799 1712 2849 (inquam)

269 2877 354 2902 eum
385 2864 567 2902 adversus
598 2878 681 2908 nos,
711 2865 941 2914 quibuscum
971 2862 1195 2900 amicissime
1220 2862 1455 2905 versabatur,
1482 2861 1535 2898 ita
1560 2873 1598 2898 se
1628 2874 1714 2910 ges-

270 2926 363 2964 sisse
384 2932 426 2963 ut
447 2938 491 2962 ne
512 2925 719 2976 appellaret
744 2926 897 2976 quidem
924 2925 961 2962 in
990 2923 1148 2966 tabulis;
1179 2922 1236 2960 his
1263 2930 1403 2967 nutem,
1425 2935 1586 2971 quorum
1618 2934 1711 2959 non-
