1870 3277
261 215 311 249 72
863 216 1148 254 ISOCRATIS

261 315 404 354 nfanria
427 323 465 353 et
486 315 660 355 dedecus
690 317 867 369 privatim
890 319 938 356 ad
969 332 1037 357 nos
1067 317 1286 370 pertinebit,
1307 318 1386 355 sine
1408 317 1485 355 ullo
1516 317 1739 370 reipublicae

267 378 511 416 detrimento.
571 379 711 432 Neque
739 393 827 419 vero
855 381 913 418 vel
943 381 1020 419 ulla
1049 381 1204 419 dicendi
1240 380 1467 432 cupiditate,
1489 381 1548 418 vel
1570 381 1740 432 pristinae

264 451 361 477 meae
382 440 470 477 vitae
498 443 695 479 mutandoe
717 441 881 480 consilio
902 441 1104 493 impulsus,
1126 443 1210 480 baec
1243 443 1555 487 commemoravi,
1577 442 1643 480 sed
1667 455 1735 479 vos

264 501 409 540 hortari
429 503 531 541 volui
553 517 601 541 ne
623 503 739 541 ullam
766 511 920 541 aetatem
947 505 1225 554 improbaretis,
1247 504 1313 541 sed
1342 504 1378 540 in
1409 504 1586 541 omnibus
1609 503 1735 553 potius

265 565 485 614 quaereretis
505 565 535 602 si
555 566 642 615 quis
665 566 763 602 forte
782 565 985 603 exsisteret
1001 566 1063 615 qui
1085 565 1133 603 de
1154 566 1334 616 praesenti
1357 572 1459 602 statu
1481 577 1606 602 rerum
1623 565 1735 615 quip-

266 626 367 676 piam
389 627 532 664 utiliter
552 627 792 664 admoneret.

323 689 359 725 3.
392 688 474 725 Nec
505 687 605 725 enim
633 688 680 725 ab
709 688 803 725 urbe
833 687 989 725 condita
1010 687 1070 725 vel
1096 686 1241 725 bellum
1271 688 1413 725 factum
1436 687 1495 724 vel
1525 686 1734 738 periculum

268 747 318 786 de
345 749 462 786 tantis
490 750 602 787 rebus
630 748 804 787 oblatum
831 756 903 795 est,
922 749 969 786 de
990 750 1145 800 quantis
1176 763 1280 788 nune
1306 749 1576 787 deliberamus.
1637 749 1736 786 Nam

267 810 432 848 antehac
460 811 616 860 quidem
638 810 685 848 de
707 811 867 862 imperio
888 811 924 847 in
948 811 1041 848 alios
1067 811 1286 849 exercendo
1315 811 1608 854 dimicabamus,
1633 824 1737 847 nnnc

269 879 398 909 autem
418 872 491 909 hoc
513 873 638 923 agitur
655 884 701 908 ne
720 873 789 923 ipsi
811 872 996 922 imperata
1014 872 1223 910 faciamus:
1255 872 1358 923 quod
1380 873 1532 922 signum
1550 872 1735 909 libertatis

267 940 338 979 est,
360 946 426 984 pro
446 934 557 984 eujus
581 933 806 971 defensione
835 934 952 971 nullae
981 934 1223 978 acerbitates,
1246 934 1352 971 nulla
1373 934 1546 985 pericula
1567 941 1655 970 sunt
1678 946 1735 970 re-

268 995 458 1040 cusanda,
482 1008 555 1032 non
579 995 692 1033 nobis
713 1002 877 1041 tantum,
899 996 967 1033 sed
990 996 1103 1033 etiam
1127 996 1208 1033 aliis
1229 996 1294 1047 qui
1316 1009 1356 1033 se
1375 996 1473 1033 viros
1495 1009 1580 1033 esse
1602 995 1735 1031 memi-

267 1064 421 1103 nerunt,
442 1071 567 1108 neque
587 1057 737 1094 virtutis
768 1057 923 1094 laudem
954 1070 1114 1108 prorsus
1148 1058 1444 1108 adspernantur.
1503 1057 1588 1108 Ego
1619 1065 1736 1100 certe,

267 1118 299 1155 si
318 1118 409 1168 quid
432 1118 480 1156 de
502 1131 562 1155 me
584 1118 761 1169 privatim
783 1118 989 1156 dicendum
1015 1126 1085 1164 est,
1106 1119 1224 1156 emori
1238 1119 1320 1169 jam
1338 1119 1555 1156 detrectato
1576 1119 1735 1169 imperio

265 1179 410 1223 malim,
426 1192 542 1229 quam
562 1186 718 1217 aetatem
741 1178 857 1229 longe
878 1179 979 1217 ultra
998 1187 1148 1217 naturae
1170 1180 1266 1217 fines
1287 1179 1514 1230 producere,
1534 1179 1564 1216 si
1586 1191 1630 1216 ea
1645 1192 1734 1228 quae

263 1240 438 1278 Thebani
453 1241 594 1291 jubent
612 1239 762 1277 calculo
784 1253 868 1278 meo
889 1241 1192 1291 approbassem:
1227 1241 1389 1291 puderet
1411 1240 1511 1277 enim
1534 1253 1607 1284 me,
1629 1248 1666 1277 et
1687 1253 1735 1277 ex

267 1302 451 1340 Herculis
476 1302 618 1339 familia
646 1309 794 1347 natum,
815 1301 1010 1351 patrisque
1039 1302 1138 1351 regis
1164 1302 1296 1346 filium,
1317 1301 1378 1338 cui
1408 1301 1606 1352 dignitatis
1634 1301 1734 1338 idem

267 1366 413 1417 gradus
443 1365 662 1417 propositus
694 1373 766 1410 est,
786 1364 1040 1409 committere,
1061 1370 1248 1414 quantum
1275 1364 1311 1400 in
1340 1377 1400 1401 me
1426 1364 1581 1414 quidem
1609 1363 1736 1408 fuerit,

265 1442 380 1479 quam
402 1426 637 1478 provinciam
657 1425 821 1476 majores
843 1425 962 1462 nostri
990 1426 1101 1463 nobis
1123 1426 1373 1475 reliquerunt,
1393 1438 1477 1462 earn
1499 1424 1595 1462 servi
1617 1426 1736 1461 nostri

267 1496 310 1527 ut
329 1489 563 1527 obtinerent.
621 1486 699 1524 Sed
720 1493 759 1524 et
779 1499 846 1523 vos
867 1486 903 1523 in
924 1485 1059 1523 eadem
1081 1499 1165 1524 esse
1194 1498 1343 1522 meeum
1368 1485 1559 1522 sententia
1580 1485 1734 1530 vellem,

265 1551 362 1589 illud
386 1556 610 1601 reputantes
628 1561 698 1586 nos
719 1548 757 1585 in
778 1547 882 1584 hunc
900 1560 1024 1597 usque
1041 1548 1141 1585 diem
1160 1547 1293 1598 praelio
1313 1547 1503 1584 Thebano
1518 1546 1735 1585 adversiore

265 1613 422 1651 fortuna
442 1625 549 1657 usos,
570 1618 608 1648 et
628 1609 853 1661 corporibus
882 1609 1039 1659 quidem
1063 1609 1180 1660 culpa
1210 1608 1320 1646 ducis
1350 1616 1564 1659 superatos,
1585 1609 1734 1646 animos

266 1683 396 1713 autem
425 1674 553 1712 adhuc
576 1673 741 1710 invictos
761 1678 799 1709 et
819 1680 969 1709 erectos
998 1684 1130 1722 gerere
1151 1670 1294 1708 videri:
1328 1670 1358 1707 si
1379 1683 1469 1708 vero
1490 1679 1594 1708 metu
1615 1670 1736 1706 immi-

265 1737 438 1775 nentium
459 1734 715 1786 periculorum
738 1733 946 1784 quicquam
967 1732 1015 1770 de
1029 1733 1117 1784 jure
1139 1739 1271 1770 nostro
1292 1732 1615 1776 concesserimus,
1636 1732 1734 1769 inso-

265 1799 424 1838 lentiam
459 1797 734 1835 Tbebanorum
770 1795 1086 1832 confirmabimus
1117 1801 1156 1831 et
1187 1793 1403 1845 trophaeum
1436 1793 1634 1830 Leuctrico
1667 1793 1733 1831 illo

264 1861 388 1900 multo
419 1860 572 1911 gravius
605 1865 644 1896 et
676 1857 862 1895 illustrius
893 1863 1031 1895 eontra
1061 1869 1131 1894 nos
1163 1856 1234 1906 ipsi
1268 1855 1484 1906 erigemus;
1518 1868 1606 1892 nam
1635 1855 1731 1893 illud

264 1923 420 1974 quidem
449 1920 654 1961 temeritati
685 1920 863 1965 fortunae,
893 1918 967 1957 hoc
999 1925 1126 1956 autem
1160 1925 1304 1955 nostrae
1336 1918 1497 1968 ignaviae
1530 1918 1731 1955 tribuetur.

265 1985 473 2023 Neminem
494 1983 611 2034 igitur
630 1995 699 2020 vos
721 1980 904 2019 inducere
925 1980 1123 2031 patiamini
1144 1987 1186 2017 ut
1206 1986 1354 2018 tantum
1382 1979 1553 2017 dedecus
1577 1979 1732 2030 publice

262 2045 496 2097 suscipiatis.

317 2111 356 2146 4.
388 2108 487 2145 Nam
510 2106 604 2144 socii
625 2119 866 2157 praepropere
888 2103 1043 2156 quidem
1064 2104 1118 2142 illi
1141 2104 1249 2142 vobis
1270 2103 1565 2148 consuluerunt,
1586 2103 1729 2142 omissa

262 2170 448 2209 Messena
469 2181 603 2220 pacem
626 2176 668 2204 ut
687 2167 879 2205 faceretis.
938 2166 1090 2209 Quibus
1113 2179 1181 2203 vos
1204 2165 1322 2203 multo
1343 2165 1493 2215 aequius
1515 2174 1553 2203 et
1575 2166 1728 2216 gravius

263 2231 522 2271 irasceremini
539 2242 652 2280 quam
669 2229 712 2266 iis
730 2228 795 2279 qui
811 2228 917 2266 initio
934 2240 957 2265 a
972 2228 1080 2265 vobis
1102 2227 1340 2265 defecerunt.
1401 2227 1459 2264 Illi
1478 2228 1591 2272 enim,
1608 2241 1729 2278 quum

260 2295 309 2332 ab
336 2292 498 2331 amicitia
522 2296 655 2328 nostra
676 2303 716 2327 se
738 2290 1007 2334 removissent,
1031 2301 1121 2326 suas
1143 2289 1215 2339 ipsi
1243 2289 1358 2325 urbes
1386 2288 1604 2339 exagitatas
1626 2290 1728 2327 sedi—

261 2356 431 2403 tionibus
450 2360 490 2391 et
507 2352 681 2390 caedibus
704 2358 932 2402 mutatoque
953 2357 1054 2388 statu
1077 2350 1112 2387 in
1135 2350 1303 2387 deterius
1324 2358 1557 2396 everterunt,
1580 2351 1617 2388 bi
1636 2364 1727 2390 vero

260 2418 368 2456 vobis
390 2429 530 2454 nocere
552 2415 780 2453 instituunt:
812 2414 876 2464 qui
897 2420 1074 2451 auctores
1096 2425 1182 2450 esse
1203 2425 1279 2449 non
1300 2412 1477 2450 dubitent
1495 2420 1534 2450 ut
1549 2414 1726 2464 gloriam,

259 2494 328 2534 per
348 2479 615 2531 septingentos
638 2489 759 2514 annos
780 2475 932 2526 magnis
955 2475 1150 2512 laboribus
1172 2482 1211 2512 et
1231 2475 1409 2525 periculis
1430 2476 1616 2527 majorum
1637 2490 1722 2527 par-

258 2552 339 2582 tam
359 2541 549 2591 nobisque
570 2552 637 2590 per
652 2551 788 2576 manus
803 2537 998 2581 traditam,
1014 2536 1131 2587 paulo
1146 2543 1343 2574 momento
1363 2537 1548 2587 temporis
1568 2537 1725 2588 abjicia-

258 2618 361 2652 mus,
380 2616 458 2654 quo
478 2614 551 2640 nec
571 2599 842 2638 Lacedaemoni
871 2597 1187 2636 contumeliosius
1216 2611 1288 2635 nec
1318 2598 1495 2636 acerbius
1515 2599 1722 2649 quicquam

259 2666 481 2716 excogitare
507 2662 740 2715 potuissent.
795 2659 907 2698 Adeo
932 2672 1046 2710 porro
1074 2660 1132 2697 sui
1153 2659 1373 2709 compendii
1398 2672 1489 2696 cum
1515 2666 1650 2697 nostro
1668 2661 1706 2699 in

257 2726 464 2767 commodo
488 2724 651 2763 studiosi
680 2729 784 2769 sunt,
803 2733 954 2772 nosque
983 2720 1038 2758 ita
1065 2721 1224 2770 ignavos
1250 2733 1336 2758 esse
1365 2727 1540 2766 censent,
1562 2728 1603 2758 ut
1624 2735 1722 2772 quos
1761 2725 1767 2726 ’

258 2803 363 2841 saepe
383 2787 433 2826 ad
453 2786 595 2825 bellum
615 2798 685 2837 pro
705 2785 783 2823 suis
805 2784 906 2835 agris
927 2782 1142 2833 gerendum
1161 2782 1409 2832 impulerunt,
1430 2782 1586 2820 eosdem
1615 2797 1720 2824 nunc

257 2853 307 2891 de
328 2850 513 2888 Messena
525 2860 699 2899 pugnare
715 2851 858 2891 vetent,
875 2850 928 2890 et,
943 2857 1020 2895 quo
1036 2843 1106 2895 ipsi
1123 2843 1200 2881 suis
1217 2843 1357 2894 opibus
1375 2856 1508 2881 secure
1528 2842 1718 2892 fruantur,

254 2911 489 2966 persuadere
510 2908 694 2947 studeant
710 2907 888 2946 hostibus
910 2906 958 2944 de
976 2911 1110 2943 nostro
1123 2904 1212 2956 jure
1231 2904 1448 2956 cedendum
1469 2917 1572 2951 esse,
1593 2920 1720 2957 neque

255 2975 316 3015 his
336 2971 507 3013 contenti
528 2969 751 3009 minitentur
777 2969 908 3016 etiam,
928 2967 1009 3006 nisi·
1031 2966 1303 3011 assentiamur,
1326 2978 1366 3004 se
1387 2978 1523 3018 pacem
1545 2980 1614 3018 pro
1635 2980 1726 3006 sese
