1870 3277
259 165 333 198 ·292
836 164 1123 204 IsOCRA'l‘ls

260 281 303 302 ac
333 266 446 303 dandi
475 268 628 316 quidem
659 269 803 305 consilii
833 269 1054 307 facultatem
1084 270 1185 306 aetati
1214 283 1306 307 ntea„-
1337 271 1474 308 adesse
1501 284 1641 309 censeo
1660 293 1707 297 —

260 340 346 363 nam
368 329 601 378 experientia
624 338 662 366 et
683 343 804 367 rerum
830 330 1035 369 multarum
1059 343 1148 367 usus
1171 344 1282 368 senes
1305 331 1441 375 erudit,
1458 340 1572 382 atquc
1593 331 1709 369 efficit

254 396 302 425 ut
318 389 408 438 quid
430 389 611 440 expediat
631 392 779 428 acutius
797 405 909 442 quarn
928 392 988 429 alii
1010 392 1226 443 perspicere
1242 405 1351 443 posse
1367 392 1565 430 videantur
1581 416 1644 437 —«‚
1661 393 1710 430 de

259 451 463 501 propositis
483 460 608 489 autem
633 454 745 490 rebus
768 453 934 491 suaviter
956 461 995 491 et
1014 454 1200 491 concinne
1222 461 1335 504 atque
1363 453 1557 492 elaborate
1585 455 1711 491 dicere

261 526 336 550 non
361 513 441 563 jam
472 523 612 551 nostrae
638 516 763 552 aetatis
791 522 863 558 est,
889 516 1049 566 proinde
1081 516 1153 553 hoc
1183 516 1272 553 milii
1306 514 1509 562 suffecerit,
1531 516 1561 553 si
1589 529 1708 553 meam

261 575 489 612 sententiam
511 588 584 612 non
608 576 796 613 dissolute
817 590 969 627 prorsus
990 590 1220 628 exposuero.

316 637 352 672 3.
380 636 514 686 Neque
536 650 625 674 vero
658 637 856 682 miremini,
880 638 910 675 si
944 638 1037 688 quid
1069 638 1196 676 dicere
1218 639 1376 676 videbor
1395 638 1498 688 quod
1520 638 1625 687 prius
1645 651 1711 675 au-

261 695 428 734 divistis:
461 710 545 734 nam
567 711 697 735 eorum
719 699 912 748 quoddam
936 700 1109 737 fortassis
1130 700 1245 738 etiam
1268 700 1384 738 invito
1406 701 1441 736 in
1465 706 1628 737 mentem
1650 712 1713 737 ve-

261 757 350 803 niet,
370 758 581 808 quoddam,
603 760 632 796 si
667 760 840 797 instituto
870 774 954 798 meo
986 761 1035 798 sit
1065 760 1259 806 idoneum,
1289 774 1496 799 assumam.
1556 761 1714 811 Ineptus

260 820 361 856 enim
381 833 517 867 essem,
540 834 654 871 quum
677 820 772 859 alios
794 822 939 860 videam
962 822 1065 860 dicta
1084 836 1168 860 mea
1188 824 1362 868 mutuari,
1384 823 1413 861 si
1435 836 1507 873 ego
1527 823 1631 860 solus
1654 823 1712 860 his

261 894 346 930 quae
366 883 467 932 prius
485 882 564 932 ipse
585 882 661 920 dixi
682 883 923 922 abstinerem.
957 884 1055 921 Haec
1076 891 1277 935 propterea
1295 885 1480 935 praefatus
1498 884 1714 934 sum,qu0d

262 942 298 979 id
321 943 423 992 quod
446 945 607 994 primum
629 944 808 993 occurrit,
823 958 938 981 unum
961 958 1006 982 ex
1028 945 1262 996 pervulgatis
1283 952 1354 983 est.
1412 945 1526 983 Soleo
1546 945 1647 983 enim
1669 947 1715 983 ad

263 1011 405 1040 nostrae
425 1004 640 1055 disciplinae
655 1012 864 1043 sectatores
886 1005 1025 1051 dicere,
1039 1013 1129 1043 ante
1145 1005 1276 1044 omnia
1293 1019 1376 1044 esse
1393 1006 1716 1044 considerandum

263 1064 444 1114 quidnam
475 1066 648 1103 oratione
681 1074 720 1103 et
748 1067 916 1117 partibus
946 1067 1130 1105 orationis
1162 1067 1406 1106 efficiendum
1432 1067 1500 1105 sit:
1531 1067 1634 1117 quod
1657 1068 1717 1105 ubi

262 1126 519 1165 invenerimus
539 1136 577 1164 et
598 1135 774 1165 accurate
793 1128 1086 1175 confecerimus,
1106 1129 1274 1168 rationes
1305 1136 1344 1167 et
1369 1136 1593 1167 ornamenta
1611 1141 1718 1179 quae—

265 1186 384 1224 renda
414 1201 499 1226 esse
529 1189 630 1235 dico,
649 1189 787 1239 quibus
818 1198 1084 1240 argumentum
1118 1191 1332 1241 expoliatur
1358 1198 1397 1229 et
1414 1191 1528 1229 finem
1550 1197 1642 1229 eum'
1655 1192 1717 1242 qui

264 1247 371 1285 nobis
391 1250 610 1301 propositus
637 1250 763 1288 fuerat
785 1260 1058 1302 consequatur.
1117 1253 1168 1290 Et
1184 1253 1269 1291 haec
1291 1252 1445 1304 quidem
1469 1252 1516 1290 de
1538 1253 1719 1290 orationi-

263 1310 335 1347 bus
356 1310 465 1348 dico:
496 1318 555 1349 est
575 1319 703 1350 autem
725 1313 825 1350 idem
846 1319 885 1351 et
904 1312 1062 1351 aliarum
1079 1327 1203 1351 rerum
1222 1315 1391 1352 omnium
1414 1323 1452 1352 et
1472 1321 1606 1352 vestrae
1626 1313 1721 1353 deli-

264 1373 469 1411 berationis
489 1373 796 1412 fundamentum.
856 1374 944 1413 Non
965 1375 1064 1413 enim
1084 1376 1165 1413 fieri
1185 1383 1313 1426 potest
1332 1384 1373 1413 ut
1401 1376 1607 1427 quicquam
1629 1389 1719 1426 pru-

265 1434 400 1472 denter
429 1443 576 1486 agatur,
599 1436 671 1474 nisi
699 1437 771 1474 hoc
798 1437 962 1487 primum
983 1437 1168 1487 singulari
1188 1438 1379 1488 sapientia
1399 1437 1659 1488 cogitaveritis
1681 1444 1720 1475 et

265 1497 554 1544 constitueritis,
573 1499 706 1549 quales
730 1511 794 1536 vos
816 1499 852 1536 in
873 1507 1070 1549 posterum
1091 1501 1261 1551 praebere
1283 1501 1406 1538 velitis
1427 1507 1466 1537 et
1485 1499 1720 1550 quommodo

266 1558 381 1596 vitam
401 1567 565 1597 vestram
587 1560 786 1597 instituere
806 1560 1037 1611 qualemque
1058 1562 1326 1599 auctoritatem
1347 1567 1525 1611 expetere
1541 1568 1580 1598 et
1594 1567 1718 1598 utrum

267 1621 448 1658 honorem
469 1621 663 1667 adamare,
683 1634 821 1658 eumne
842 1635 955 1672 quem
978 1622 1082 1660 cives
1101 1622 1173 1674 ipsi
1192 1623 1289 1660 ultro
1308 1623 1501 1668 deserunt,
1521 1635 1568 1660 an
1591 1623 1655 1672 qui
1673 1623 1720 1660 ab

266 1683 400 1720 iisdem
421 1683 545 1721 invitis
566 1689 831 1733 extorquetur:
863 1683 919 1721 his
938 1683 1105 1722 definitis
1125 1692 1164 1722 et
1182 1684 1453 1735 decretis,jam
1486 1684 1575 1722 inde
1601 1684 1723 1722 actio-

268 1758 335 1782 nes
356 1758 443 1795 quae
464 1745 499 1782 in
522 1744 605 1782 dies
635 1744 812 1783 incidunt
842 1745 1134 1783 considerandae
1166 1753 1269 1791 sunt,
1287 1753 1324 1783 et
1345 1745 1589 1783 efficiendum
1610 1753 1653 1782 ut
1672 1745 1721 1783 ad

268 1820 356 1844 eum
377 1807 489 1844 finem
512 1808 575 1858 qui
595 1806 700 1844 initio
721 1807 940 1857 propositus
960 1807 1031 1845 suit
1051 1808 1275 1845 referantur.
1334 1807 1450 1851 Quod
1467 1807 1495 1844 si
1515 1807 1588 1845 hoc
1604 1807 1720 1845 modo

267 1870 445 1918 quaeretis
467 1870 751 1920 [sapienterque
772 1869 1022 1920 cogitabitis]‚
1039 1877 1164 1907 vestra
1178 1869 1337 1907 consilia
1352 1869 1401 1907 ad
1421 1869 1607 1907 rationem
1627 1869 1725 1907 utili—

268 1931 355 1968 tatis
378 1938 559 1982 tanquam
584 1937 683 1968 meta
709 1931 907 1982 proposita
934 1931 1274 1968 accommodabitis
1293 1944 1456 1982 eamque
1474 1930 1596 1981 magis
1614 1943 1720 1968 asse-

267 1993 456 2041 quemini:
487 1993 544 2030 sin
567 1993 711 2030 nullum
740 1993 814 2030 tale
843 1993 1136 2030 fundamentum
1161 1992 1324 2044 jacietiS‚
1346 1993 1413 2031 sed
1442 1993 1479 2029 id
1510 1992 1614 2043 quod
1647 1993 1721 2030 for-

269 2053 364 2091 tuito
385 2054 528 2092 incidet
549 2055 687 2105 agetis,
707 2067 866 2092 necesse
896 2062 955 2092 est
984 2063 1026 2091 ut
1046 2054 1182 2092 animis
1204 2055 1337 2094 vestris
1367 2054 1499 2093 erretis
1530 2062 1566 2092 et
1594 2054 1722 2092 multis

269 2116 379 2153 rebus
396 2117 640 2155 frustremini.

321 2181 355 2214 4.
391 2178 578 2215 Fortassis
601 2186 727 2216 antem
750 2191 884 2217 eorum
905 2178 1056 2229 aliquis,
1078 2179 1144 2228 qui
1164 2185 1304 2216 temere
1326 2179 1442 2215 vitam
1461 2178 1722 2224 instituerunt,

270 2239 338 2276 llas
361 2240 527 2277 rationes
547 2240 806 2291 perstringere
825 2240 1041 2285 conabitur,
1054 2247 1105 2285 et,
1119 2247 1163 2277 ut
1182 2239 1272 2277 certi
1295 2239 1438 2289 aliquid
1459 2239 1507 2276 de
1527 2240 1722 2290 proposita

269 2302 481 2351 quaestione
504 2301 644 2348 dicam,
659 2301 883 2352 postulabit.
944 2301 1033 2339 Non
1054 2300 1168 2352 igitur
1194 2300 1285 2350 quid
1314 2308 1397 2338 tota
1416 2300 1464 2337 de
1483 2313 1522 2338 re
1544 2300 1726 2346 sentiam,

270 2362 588 2400 dissimulandum
620 2369 693 2400 est.
751 2362 848 2399 Mihi
879 2362 1084 2412 optabilior
1110 2361 1363 2400 esse'videtur
1389 2367 1428 2399 et
1445 2361 1580 2401 melior
1598 2362 1721 2412 priva-

271 2431 393 2460 torum
413 2423 608 2461 hominum
629 2435 746 2473 quum
769 2431 1018 2474 tyrannorum
1041 2425 1130 2468 rita,
1147 2432 1185 2461 et
1199 2423 1451 2474 jucundiores
1472 2437 1538 2461 eos
1559 2424 1722 2462 honores

271 2498 354 2522 esse
387 2493 480 2536 puto
511 2486 575 2535 qui
616 2484 651 2521 in
689 2485 899 2536 rebuspub.
931 2497 1046 2535 quam
1085 2485 1150 2536 qui
1188 2486 1224 2522 in
1263 2485 1492 2522 monarchiis
1524 2493 1720 2535 geruntur.

271 2547 501 2597 Quanquam
522 2554 648 2584 autem
672 2546 752 2584 scio
773 2546 849 2583 fore
870 2546 1012 2584 multos
1033 2547 1097 2597 qui
1118 2546 1209 2583 mihi
1231 2546 1481 2584 adversentur
1501 2553 1540 2583 et
1559 2545 1721 2583 familia-

273 2621 329 2644 res
347 2616 494 2646 vestros
514 2609 550 2645 in
573 2607 716 2659 primis,
731 2607 804 2645 hae
825 2607 871 2645 de
888 2620 926 2645 re
948 2614 1075 2645 tamen
1096 2607 1364 2645 disserendum
1384 2615 1459 2644 est.
1519 2606 1601 2644 Hos
1621 2607 1720 2644 enim

271 2683 335 2707 vos
358 2684 586 2722 magnopere
607 2670 655 2708 ad
676 2670 913 2708 retinendam
935 2669 1284 2720 stabiliendamque
1302 2669 1542 2721 tyrannidem
1562 2670 1720 2708 incitare

270 2731 416 2780 opinor.
475 2731 561 2769 Nou
583 2731 684 2769 enim
705 2731 755 2769 rci
780 2737 955 2769 naturam
987 2731 1177 2768 universae
1198 2743 1271 2768 nec
1291 2731 1338 2768 ab
1358 2730 1460 2768 omni
1481 2738 1590 2782 parte
1616 2731 1717 2768 intu-

270 2799 392 2837 entur,
411 2794 475 2831 sed
499 2793 783 2831 hallucinantur
803 2801 839 2829 et
861 2793 896 2829 in
918 2806 1063 2830 errores
1080 2792 1148 2843 ipsi
1166 2805 1205 2829 se
1221 2791 1444 2841 conjiciunt.
1482 2801 1484 2804 ’
1502 2792 1719 2829 Auctorita-

272 2862 348 2891 tem
369 2854 420 2891 illi
440 2855 590 2905 quiden}
613 2863 651 2893 et
675 2855 932 2892 eiiiolurnenta
961 2862 999 2891 et
1018 2854 1235 2905 voluptates
1257 2853 1401 2899 vident,
1427 2853 1550 2903 iisque
1580 2867 1619 2890 se
1650 2853 1718 2889 frui

271 2929 381 2965 posse
409 2924 571 2966 sperant,
596 2917 660 2954 sed
691 2916 819 2954 turbas
851 2924 888 2954 et
913 2915 1043 2954 clades
1076 2914 1306 2966 principibus
1335 2914 1448 2965 objici
1474 2913 1604 2953 solitas
1635 2913 1717 2952 illo-
