1870 3277
634 191 1119 251 PANATHENAICUS.
1536 194 1611 232 155

190 293 255 329 25.
286 290 511 345 Eodemque
531 294 662 341 modo,
684 295 716 333 si
730 294 779 333 de
799 294 1030 333 tributorum
1044 294 1245 334 exactione
1262 295 1408 347 aliquid
1422 295 1601 344 dixerint,

136 354 369 405 respondere
395 354 630 406 poterimus:
679 355 928 395 ostendemus
962 355 1063 393 enim
1097 361 1250 395 nostros
1283 357 1484 396 civitatum
1515 371 1604 410 quae

135 415 278 454 tributa
296 416 552 467 pependerint
566 417 782 456 commodis
798 417 916 468 longe
930 416 1064 454 melius
1084 417 1332 457 consuluisse
1351 431 1465 469 quarn
1482 419 1605 458 Lace-

134 475 359 516 daemonios.
427 477 598 517 Primum
637 477 740 516 enim
781 478 890 517 nullo
917 478 1045 517 edicto
1077 485 1225 526 nostro,
1260 479 1330 517 sed
1369 492 1440 518 suo
1476 481 1607 531 potius

133 537 292 577 decreto
314 539 353 577 id
374 540 565 587 fecerunt,
584 552 707 590 quum
726 540 843 579 maris
867 535 1068 592 imperium
1095 540 1207 579 nobis
1228 540 1434 580 offerrent:
1465 541 1606 582 deinde

131 612 211 638 non
238 607 381 640 nostrae
406 601 542 640 salutis
575 614 696 640 causa
721 601 1004 654 pependerunt,
1026 601 1094 641 sed
1124 609 1168 641 ut
1197 602 1425 655 popularem
1460 609 1605 642 statum

130 662 425 714 libertatemque
445 676 555 702 suam
577 669 792 711 tuerentur,
807 676 905 703 neve
921 664 971 704 ad
986 677 1201 716 paucorum
1221 663 1433 716 potentiam
1454 676 1606 704 summa

129 736 255 762 rerum
275 730 458 763 revocata
476 724 515 762 in
542 731 620 763 tam
641 725 815 776 ingentia
833 725 937 764 mala
968 725 1186 765 inciderent
1214 731 1363 778 quanta
1391 725 1464 764 sub
1485 725 1605 764 decu-

128 784 299 823 rionibus
319 792 359 824 et
378 785 562 824 violentia
588 786 974 826 Lacedaemoniorum
1002 787 1223 826 tolerarent.
1282 786 1478 825 Praeterea
1508 786 1603 825 nihil

126 846 374 885 contulerunt
392 861 440 886 ex
460 848 505 887 iis
525 862 613 900 quae
633 848 705 900 ipsi
720 855 1010 896 conservatam,
1027 848 1098 887 sed
1119 861 1167 887 ex
1187 848 1248 887 his
1267 861 1355 900 quae
1375 854 1510 886 nostra
1528 861 1602 900 ope

122 907 198 946 illis
217 908 353 947 relicta
372 916 501 948 erant:
531 910 581 949 de
602 911 757 962 quibus,
774 911 807 950 si
825 910 886 949 vel
906 910 1058 950 modica
1077 910 1284 962 prudentia
1303 916 1448 957 essent,
1464 910 1601 949 merito

125 969 288 1020 gratiam
308 971 418 1009 nobis
430 971 677 1011 habuissent.
718 974 851 1016 Quum
867 973 970 1011 enim
991 973 1105 1011 urbes
1125 985 1257 1012 eorum
1279 971 1602 1023 suscepissemus,

122 1029 260 1080 partim
281 1044 303 1070 a
321 1032 496 1071 barbaris
523 1033 681 1072 omnino
707 1046 877 1081 eversas,
897 1034 1038 1085 partim
1059 1039 1242 1079 vastatas,
1271 1046 1317 1072 eo
1347 1032 1433 1071 illas
1460 1032 1601 1084 perdu-

123 1091 249 1130 ximus
270 1099 326 1139 ut,
340 1106 460 1144 quum
480 1094 530 1132 de
552 1095 632 1134 suis
653 1096 902 1146 proventibus
918 1108 1056 1147 parum
1075 1095 1186 1134 nobis
1206 1094 1458 1146 impertirent,
1479 1093 1599 1133 nihilo

119 1155 366 1204 pauperiores
383 1162 513 1194 essent
531 1155 896 1208 Peloponnensibus
917 1157 1013 1195 nihil
1033 1156 1166 1195 tributi
1183 1156 1459 1208 pendentibus.

175 1216 241 1269 26.
271 1215 358 1254 Jam
378 1215 484 1267 quod
513 1217 564 1256 ad
589 1230 656 1256 eos
687 1218 825 1257 attinet
856 1218 922 1267 qui
947 1219 997 1255 ab
1031 1224 1195 1268 utraque
1228 1218 1321 1255 urbe
1353 1222 1444 1255 sunt
1462 1218 1595 1263 eversi,

118 1276 226 1326 quod
258 1277 437 1316 nonnulli
471 1278 583 1316 nobis
617 1278 710 1316 solis
746 1278 998 1328 opprobrant,
1036 1278 1287 1315 ostendemus
1319 1290 1385 1315 eos
1414 1290 1511 1328 quos
1542 1278 1596 1316 illi

118 1350 316 1388 nunquam
345 1337 505 1376 laudare
539 1338 722 1377 desinunt
753 1339 875 1376 multo
905 1338 1124 1376 crudeliora
1152 1344 1409 1390 perpetrasse.
1469 1340 1594 1378 Nobis

116 1400 218 1438 enim
240 1399 421 1438 usuvenit
439 1406 482 1438 ut
500 1399 690 1450 quasdam
711 1399 915 1446 insululas‚
928 1399 1024 1438 tales
1041 1400 1175 1450 utique
1191 1405 1230 1438 et
1251 1405 1380 1437 tantas
1399 1406 1444 1438 ut
1464 1399 1595 1439 Graeci

115 1461 286 1513 plerique
312 1474 378 1499 eas
413 1461 605 1512 ignorent,
627 1461 872 1508 laederemus,
894 1460 950 1498 illi
983 1467 1113 1499 autem
1136 1459 1310 1499 maximis
1331 1460 1593 1512 Peloponnesi

113 1523 273 1561 urbibus
292 1536 380 1574 quae
401 1523 581 1562 omnibus
602 1522 726 1562 modis
751 1523 901 1561 caeteris
922 1522 1152 1574 praecellunt
1177 1522 1322 1560 eversis
1344 1534 1476 1560 earum
1495 1535 1590 1574 opes

112 1584 186 1635 ipsi
207 1591 353 1631 tenent,
375 1597 484 1636 quas,
505 1584 577 1623 etsi
598 1584 810 1636 antiquitus
830 1596 963 1622 earum
983 1583 1091 1622 nulla
1111 1582 1249 1622 merita
1274 1589 1484 1629 exstarent,
1506 1597 1589 1623 ma-

112 1646 226 1684 ximis
247 1659 269 1684 a
283 1646 435 1685 Graecis
452 1646 554 1685 affici
576 1646 744 1698 praemiis
764 1647 814 1685 ob
834 1645 1121 1698 expeditionem
1140 1644 1350 1696 Trojanam
1376 1645 1589 1693 decuisset,

110 1709 149 1745 in
176 1722 255 1759 qua
285 1715 365 1746 tum
393 1722 464 1759 pro
488 1708 724 1760 principibus
751 1722 791 1748 se
820 1715 1027 1761 gesserunt
1052 1715 1135 1748 tum
1164 1708 1284 1747 duces
1311 1709 1500 1748 miserunt
1519 1711 1586 1762 qui

109 1772 313 1811 virtutibus
332 1772 485 1824 praediti
504 1772 624 1819 fuere,
647 1785 725 1810 non
744 1772 790 1811 iis
812 1772 930 1811 modo
951 1785 1040 1823 quae
1060 1771 1100 1810 in
1117 1770 1278 1823 plebeiis
1298 1771 1412 1810 etiam
1434 1779 1472 1811 et
1491 1785 1583 1810 con-

107 1834 262 1885 temptis
284 1834 503 1872 hominibus
525 1834 783 1881 inveniantur,
803 1834 874 1873 sed
905 1834 981 1872 illis
1006 1847 1095 1885 quae
1127 1832 1303 1885 improbo
1324 1833 1466 1871 nemini
1489 1847 1583 1872 con--

106 1895 256 1947 tingere
286 1903 445 1946 queant.
508 1895 698 1934 Messena
731 1896 833 1934 enim
868 1896 1076 1934 Nestorem
1109 1895 1277 1946 praebuit
1309 1895 1481 1933 omnium
1513 1908 1584 1934 sua

106 1964 221 1995 aetate
242 1956 597 2008 prudentissimum,
630 1957 887 1995 Lacedaemon
922 1956 1161 2000 Menelaum,
1190 1956 1257 2006 qui
1278 1956 1327 1993 ob
1350 1956 1580 1994 modestiam

100 2019 372 2071 justitiamque
389 2019 494 2057 solus
516 2020 656 2057 meruit
669 2019 780 2057 Jovis
795 2032 916 2069 gener
935 2031 1022 2057 esse
1039 2020 1093 2069 [et
1115 2017 1336 2069 appellari]‚
1349 2018 1580 2069 Argivorum

105 2081 240 2121 civitas
263 2083 594 2133 Agamemnonem
620 2093 699 2119 non
727 2093 803 2119 una
825 2087 941 2131 atque
959 2080 1078 2118 altera
1098 2079 1237 2117 virtute
1266 2079 1486 2130 praeditum,
1511 2081 1579 2119 sed

104 2143 282 2182 omnibus
295 2155 391 2194 quas
411 2142 608 2180 nominare
627 2155 762 2192 queas,
775 2154 900 2192 neque
916 2141 962 2179 iis
983 2140 1227 2179 mediocriter
1238 2140 1307 2178 sed
1323 2141 1578 2180 excellenter:

101 2205 295 2244 neminem
316 2204 418 2242 enim
439 2217 487 2242 ex
505 2204 685 2242 omnibus
707 2203 949 2242 inveniemus
970 2201 1034 2253 qui
1058 2215 1118 2240 res
1140 2202 1200 2240 vel
1218 2202 1341 2253 magis
1361 2202 1490 2241 officio
1506 2216 1577 2242 suo

101 2267 377 2306 convenientes
395 2265 453 2304 vel
474 2265 684 2317 pulcriores
706 2258 766 2303 vel
788 2264 950 2316 majores
966 2264 1026 2302 vel
1040 2263 1191 2302 Graecis
1212 2263 1384 2302 utiliores
1406 2271 1472 2303 aut
1488 2264 1574 2316 plu-

99 2329 204 2368 ribus
224 2328 404 2367 laudibus
424 2327 564 2379 dignas
586 2327 779 2379 gerendas
801 2326 1028 2378 susceperit.
1088 2325 1139 2364 Et
1157 2325 1216 2364 his
1235 2325 1392 2377 quidem
1410 2326 1461 2364 ita
1481 2326 1572 2364 sim-

98 2390 249 2442 pliciter
268 2390 502 2428 enumeratis
518 2402 596 2427 non
613 2389 750 2427 mirum
766 2388 883 2426 fuerit
897 2400 920 2426 a
932 2386 1066 2426 multis
1086 2387 1203 2425 fidem
1221 2386 1412 2438 derogari,
1432 2387 1464 2425 si
1482 2400 1570 2426 vero

100 2452 253 2504 singula
273 2452 409 2503 paucis
430 2451 685 2503 explicentur,
706 2463 840 2489 omnes
859 2463 920 2488 me
941 2462 1032 2488 vera
1050 2449 1177 2488 dicere
1198 2449 1407 2487 fateantur.

153 2518 218 2554 27.
249 2515 439 2567 Equidem
461 2511 679 2567 perspicere
709 2527 787 2552 non
821 2526 996 2566 possum,
1028 2513 1098 2552 sed
1132 2513 1268 2551 dubito
1289 2513 1428 2562 quibus
1462 2512 1569 2550 dein-

99 2590 191 2629 ceps
221 2577 312 2615 mihi
342 2577 468 2616 verbis
499 2576 689 2615 utendum
724 2576 773 2614 sit
804 2583 847 2613 ut
879 2585 983 2614 recte
1014 2574 1198 2613 statuisse
1231 2573 1375 2610 videar.
1440 2572 1572 2613 Pudet

95 2641 197 2679 enim
225 2639 274 2677 de
293 2639 437 2678 virtute
469 2637 776 2690 Agamemnonis
809 2644 888 2676 tam
920 2637 1043 2676 multa
1071 2636 1292 2688 praefatum,
1313 2633 1461 2673 nullum
1482 2636 1567 2687 ejus

93 2700 319 2753 praeclarum
352 2700 503 2740 facinus
536 2700 670 2739 afferre
703 2701 741 2738 in
774 2699 958 2749 medinm,
988 2711 1037 2736 ne
1058 2695 1298 2736 auditoribus
1332 2709 1380 2734 ex
1415 2696 1567 2736 illorum

94 2777 178 2802 esse
198 2777 339 2815 genere
357 2763 491 2803 videar
515 2764 581 2815 qui
614 2771 756 2803 temere
787 2776 833 2802 ac
864 2761 1076 2801 insolenter
1109 2759 1297 2811 quicquid
1330 2760 1368 2798 in
1399 2760 1566 2799 buccam

93 2826 241 2864 venerit
271 2824 499 2864 effundunt:
530 2832 667 2864 contra
693 2838 785 2864 vero
814 2837 862 2863 ea
887 2837 975 2875 quae
994 2836 1063 2875 per
1089 2821 1371 2874 digressionem
1400 2834 1566 2860 comme-

91 2895 291 2927 morantur
310 2902 387 2927 non
408 2889 556 2927 laudari
577 2889 702 2928 solere
722 2888 836 2928 video
852 2887 922 2926 sed
943 2893 982 2926 et
1000 2885 1218 2925 molestiam
1239 2899 1386 2938 parere,
1408 2893 1447 2924 et
1475 2898 1564 2924 cum

94 2951 238 2990 multos
258 2962 340 2989 esse
368 2950 433 3001 qui
464 2963 529 2990 eas
560 2951 776 3004 importune
796 2955 1000 3001 usurpent,
1022 2954 1101 2987 tum
1121 2947 1244 2988 multo
1264 2948 1392 3000 plures
1418 2947 1484 2998 qui
1506 2961 1561 2985 re-
