1870 3277
725 187 1005 226 NICOCLES.
1537 190 1582 225 21

142 299 219 337 prae
234 282 453 325 c'aeteris'fui
470 287 675 332 studiosus,
689 283 830 337 easque
846 288 973 337 delegi
989 287 1078 324 mihi
1090 288 1322 337 voluptates,
1335 284 1585 339 non'quarum

143 348 312 385 actiones
341 348 442 385 omni
470 348 672 398 splendore
691 348 840 385 virtutis
861 355 1047 393 carerent,
1069 347 1136 385 sed
1157 361 1222 385 eas
1242 362 1328 397 quae
1350 362 1395 385 ex
1416 349 1468 385 rei
1489 350 1587 386 bene

141 415 260 458 gestae
295 409 416 459 gloria
447 410 660 459 capiuntur.
722 410 858 458 Neque
886 422 974 446 vero
1003 409 1051 446 de
1079 408 1255 446 omnibus
1282 409 1483 446 virtutibus
1512 422 1588 446 una

139 469 306 518 quadam
326 470 471 508 ratione
491 470 688 507 ferendum
716 476 776 506 est
793 470 997 520 judicium,
1018 470 1086 507 sed
1106 470 1154 506 de
1173 469 1325 518 justitia
1344 470 1381 505 in
1402 477 1588 519 egestate,

141 529 189 566 de
217 531 402 568 modestia
434 531 471 567 in
505 537 709 580 potestate,
732 530 780 567 de
800 531 1038 568 continentia
1067 531 1103 567 in
1132 530 1291 580 juvenili
1318 537 1446 567 aetate.
1504 532 1588 580 Ego

138 603 228 627 vero
248 592 306 628 his
332 591 566 641 temporibus
587 592 764 628 omnibus
784 592 927 641 ingenii
950 591 1020 628 mei
1045 592 1237 641 specimen
1259 591 1362 628 dedi.
1419 591 1519 627 Nam
1549 598 1589 628 et

139 650 248 700 inops
268 651 442 701 pecuniae
464 651 633 695 relictus,
657 652 708 689 ita
727 665 879 701 aequurn
907 664 966 688 me
995 651 1138 701 praebui
1159 658 1201 687 ut
1220 651 1356 688 civium
1384 650 1479 687 nulli
1506 663 1588 688 mo-

138 711 258 748 lestus
278 711 434 754 fuerim:
469 719 519 756 et,
536 725 652 762 quum
670 712 851 761 quicquid
871 712 1044 749 libuisset
1060 711 1202 755 liceret,
1218 710 1403 749 modestia
1418 711 1589 761 plebeios

138 772 310 810 homines
326 774 522 823 superavi:
553 773 635 810 haec
656 786 744 809 vero
767 780 926 822 utraque
948 772 1103 822 praestiti
1125 785 1171 809 ea
1188 778 1301 808 aetate
1323 784 1400 820 qua
1419 771 1588 821 plerique

138 832 176 868 in
207 833 320 869 rebus
351 833 528 883 gerendis
558 833 725 870 maxime
752 833 801 870 de
830 833 956 869 officio
985 832 1110 869 solent
1133 831 1336 869 decedere.
1393 831 1491 874 Quae
1512 832 1588 868 for-

138 894 251 931 tassis
266 894 370 944 apud
387 894 480 931 alios
494 893 620 931 dicere
635 894 775 932 veritus
790 907 932 937 essem,
953 907 1028 931 non
1044 894 1134 943 quin
1156 894 1260 930 facta
1274 905 1358 929 mea
1375 892 1462 928 mihi
1483 892 1587 929 laudi

138 954 292 1002 ducam,
321 954 388 991 sed
420 968 467 992 ne
500 955 657 992 orationi
691 968 786 991 meae
820 954 915 992 fides
948 968 1023 992 non
1055 954 1283 991 haberetur:
1314 967 1379 991 vos
1407 966 1494 990 vero
1518 954 1589 1003 ipsi

136 1014 227 1050 mihi
248 1021 366 1052 testes
388 1015 480 1052 estis
502 1028 632 1052 eorum
654 1028 741 1065 quae
761 1015 866 1052 dicta
887 1021 977 1052 sunt
995 1015 1178 1052 omnium.
1236 1014 1434 1051 Laudandi
1462 1020 1588 1050 autem

139 1082 229 1112 sunt
245 1083 283 1112 et
304 1075 409 1125 digni
429 1075 681 1113 admiratione
701 1076 815 1113 etiarn
836 1076 1010 1113 homines
1029 1085 1164 1113 natura
1184 1075 1362 1119 modesti,
1379 1074 1445 1112 sed
1467 1075 1589 1112 multo

138 1136 260 1185 magis
281 1137 304 1173 ii
324 1136 390 1186 qui
410 1137 556 1174 ratione
587 1150 739 1186 quoque
771 1144 859 1174 sunt
895 1137 1004 1174 tales.
1064 1137 1178 1184 Nam,
1204 1136 1268 1185 qui
1298 1135 1588 1185 temperantiam

136 1190 292 1233 fortuito
314 1210 391 1234 non
412 1197 588 1234 consulto
605 1197 750 1242 colunt,
765 1196 803 1233 hi
822 1197 901 1234 fieri
921 1203 1049 1246 potest
1069 1204 1110 1234 ut
1129 1196 1336 1246 aliquando
1358 1208 1380 1231 a
1400 1195 1590 1233 sententia
1629 1226 1634 1230 .

137 1258 397 1295 deducantur:
429 1258 492 1308 qui
515 1271 602 1295 vero
631 1265 768 1308 praeter
796 1265 941 1294 naturae
972 1259 1184 1295 bonitatem
1218 1257 1330 1293 etiam
1365 1269 1588 1305 persuasum

138 1318 280 1356 habent
299 1332 488 1356 summum
510 1321 654 1356 bonum
675 1332 759 1356 esse
780 1319 817 1355 in
838 1319 976 1356 virtute
1005 1319 1188 1369 positum,
1206 1318 1230 1354 ii
1254 1317 1354 1354 haud
1384 1317 1499 1353 dubie
1525 1331 1592 1367 per

137 1392 288 1417 omnem
309 1386 461 1418 aetatem
483 1380 519 1417 in
542 1380 613 1417 hac
643 1380 806 1417 statione
840 1382 1152 1430 perseverabunt.
1211 1379 1305 1416 Ideo
1327 1386 1456 1415 autem
1474 1385 1512 1414 et
1542 1378 1589 1415 de

137 1453 196 1477 me
216 1441 296 1490 ipso
317 1448 352 1478 et
373 1441 420 1477 de
440 1441 588 1478 caeteris
607 1454 703 1490 quas
723 1442 885 1491 exposui
905 1442 1020 1478 rebus
1040 1441 1150 1490 plura
1168 1441 1284 1476 verba
1303 1439 1389 1484 feci,
1405 1452 1451 1476 ne
1471 1438 1589 1476 ullam

136 1501 420 1538 excusationem
450 1502 557 1539 vobis
588 1502 770 1551 reliquam
803 1502 983 1544 facerem,
1011 1514 1087 1550 quo
1114 1501 1240 1537 minus
1271 1500 1434 1536 libenter
1454 1506 1490 1536 et
1510 1499 1589 1536 ala-

137 1561 249 1598 criter
268 1562 360 1599 meis
381 1563 573 1612 imperatis
594 1570 632 1599 et
652 1562 817 1599 consiliis
835 1562 1022 1599 duceretis
1043 1561 1400 1611 obtemperandum.

195 1624 254 1659 12.
287 1623 386 1660 Dico
407 1623 521 1672 igitur
541 1637 698 1661 necesse
718 1637 804 1661 esse
824 1636 1136 1673 unumquemque
1157 1629 1340 1666 vestrum,
1360 1623 1397 1659 id
1412 1622 1514 1672 quod
1531 1623 1589 1659 sui

137 1681 248 1719 officii
269 1691 341 1726 est,
363 1689 401 1719 et
420 1683 623 1733 diligenter
644 1691 682 1721 et
700 1683 861 1721 fideliter
889 1684 1179 1720 administrare:
1211 1696 1296 1720 nam
1318 1691 1509 1732 quatenus
1531 1687 1589 1722 al-

137 1750 322 1780 terutrum
341 1745 474 1782 horum
493 1745 706 1789 omiseritis,
723 1752 883 1782 eatenus
905 1745 1075 1782 actiones
1097 1743 1304 1781 deteriores
1325 1758 1410 1782 esse
1430 1759 1589 1784 necesse

138 1804 220 1841 erit.
268 1805 372 1841 Nihil
392 1805 505 1855 igitur
525 1819 571 1842 ex
592 1806 783 1843 mandatis
805 1806 989 1856 negligite
1009 1812 1074 1842 aut
1094 1806 1340 1850 contemnite,
1361 1807 1590 1855 cogitantes,

137 1878 214 1902 non
234 1867 270 1903 in
290 1879 334 1903 eo
352 1866 505 1916 quidem
527 1866 631 1916 quod
653 1867 815 1904 violetur
843 1880 908 1917 per
937 1880 976 1904 se
1004 1874 1152 1904 tantum
1185 1880 1271 1903 esse
1300 1869 1497 1912 momenti,
1521 1870 1589 1906 sed

137 1926 189 1963 sic
210 1927 345 1964 intenti
366 1927 403 1963 in
424 1940 469 1964 ea
488 1934 611 1964 estote
631 1934 674 1964 ut
694 1927 880 1971 sentiatis,
904 1927 1077 1977 singulas
1097 1934 1226 1977 partes
1247 1927 1281 1963 id
1304 1927 1449 1964 efficere
1471 1936 1511 1965 ut
1530 1943 1588 1966 res

135 1987 310 2024 universa
324 1987 383 2024 vel
403 1988 583 2037 praeclare
598 1989 656 2024 vel
676 1988 774 2025 male
796 2001 837 2025 se
856 1989 1008 2025 habeat.
1070 1988 1327 2024 Nihilominus
1349 1995 1481 2025 curate
1503 2002 1589 2026 mea

138 2061 253 2097 quam
273 2055 414 2092 vestra,
436 2061 507 2085 nee
526 2048 702 2093 honores,
723 2049 787 2098 qui
813 2048 858 2085 iis
877 2047 1064 2085 habentur
1092 2049 1156 2097 qui
1188 2049 1298 2084 rebus
1329 2049 1469 2085 nostris
1490 2050 1589 2087 bene

139 2115 320 2158 praesunt,
338 2109 441 2158 parvi
458 2110 659 2146 aestimate.
716 2109 862 2145 Alienis
884 2108 1088 2153 abstinete,
1108 2121 1185 2158 quo
1203 2109 1321 2145 tutius
1337 2116 1481 2147 vestras
1498 2123 1590 2160 opes

137 2170 314 2207 teneatis.
371 2170 483 2207 Tales
511 2183 602 2220 erga
630 2170 722 2207 alios
749 2183 814 2207 vos
843 2170 1013 2220 praebere
1037 2169 1198 2214 debetis,
1229 2170 1381 2218 qualem
1411 2182 1501 2220 erga
1520 2184 1589 2208 vos

139 2243 197 2267 me
225 2243 310 2267 esse
338 2230 554 2280 postulatis.
612 2230 671 2267 Ne
700 2230 810 2268 ditari
838 2230 964 2280 potius
996 2242 1111 2280 quam
1146 2230 1344 2280 probitatis
1374 2230 1591 2280 opinionem

139 2293 325 2340 consequi
346 2292 580 2342 properetis:
613 2291 716 2329 scitis
737 2291 852 2336 enim,
869 2299 905 2328 et
922 2291 1025 2341 apud
1047 2291 1209 2328 Graecos
1229 2298 1268 2328 et
1288 2291 1389 2341 apud
1408 2293 1591 2330 barbaros

139 2353 309 2403 plurimis
331 2366 397 2390 eos
416 2353 528 2403 potiri
544 2353 652 2390 bonis
667 2353 732 2402 qui
749 2353 914 2390 maxima
931 2354 1076 2390 virtutis
1100 2352 1219 2403 gloria
1237 2352 1386 2389 florent.
1446 2353 1592 2404 Injusta

139 2416 246 2452 lucra
278 2427 325 2451 ne
357 2414 574 2451 existimate
608 2422 769 2452 auctura
791 2427 874 2451 esse
900 2414 1067 2458 divitias,
1089 2414 1156 2451 sed
1186 2413 1394 2463 periculum
1417 2413 1590 2451 allatura.

142 2475 200 2512 Ne
231 2475 373 2525 putetis
399 2488 467 2511 vos
499 2474 723 2524 accipiendo
758 2475 920 2518 lucrum,
947 2475 1144 2524 erogando
1172 2474 1368 2516 damnum,
1398 2474 1590 2512 facturos:

140 2542 317 2573 neutrum
337 2536 435 2572 enirn
453 2536 587 2572 horum
607 2548 755 2585 semper
775 2536 937 2573 eandem
958 2536 1033 2572 vim
1054 2535 1183 2579 habet,
1200 2534 1266 2571 sed
1289 2542 1416 2570 utrum
1435 2535 1473 2571 in
1495 2543 1590 2572 tem

140 2609 235 2647 pore
255 2609 299 2633 ac
320 2609 406 2634 cum
427 2597 565 2633 virtute
586 2596 728 2633 factum
751 2597 877 2641 fuerit,
898 2596 1034 2633 fecisse
1056 2595 1246 2645 expediet.
1306 2594 1409 2631 Nihil
1438 2597 1591 2645 penitus

141 2669 164 2693 a
184 2670 241 2694 me
262 2656 485 2694 mandatum
506 2657 692 2706 gravatim
713 2657 866 2694 facitote
884 2669 892 2692 :
925 2669 1012 2693 nam
1034 2669 1109 2706 quo
1130 2656 1290 2705 quisque
1311 2663 1480 2692 vestrum
1507 2657 1591 2706 plu-

141 2717 243 2754 ribus
262 2718 489 2755 utilitatibus
509 2718 602 2754 meis
622 2717 845 2762 inservierit,
866 2730 911 2754 eo
932 2718 1095 2767 majores
1122 2717 1270 2753 fructus
1298 2715 1386 2752 inde
1419 2717 1591 2766 privatim

142 2777 338 2828 percipiet.
395 2778 516 2828 Cujus
537 2778 588 2814 rei
611 2779 871 2827 unusquisque
889 2785 1053 2814 vestrum
1074 2776 1143 2812 sibi
1162 2776 1343 2813 conscius
1363 2776 1491 2820 fuerit,
1507 2789 1590 2813 eam

144 2849 192 2873 ne
213 2850 272 2875 me
293 2838 447 2888 quidem
467 2839 563 2875 clam
587 2839 664 2875 fore
686 2838 895 2881 existi'met
926 2851 1012 2874 nani
1030 2837 1098 2874 etsi
1116 2849 1255 2886 corpus
1274 2849 1400 2873 meum
1421 2850 1590 2886 praesens

145 2910 221 2935 non
240 2898 366 2944 fuerit,
389 2906 427 2936 at
445 2906 609 2936 mentem
632 2911 754 2936 meam
785 2899 942 2947 singulis
970 2898 1183 2934 actionibus
1205 2897 1339 2934 adesse
1361 2905 1490 2946 putet:
1522 2897 1591 2934 hoc
