1870 3277
602 195 672 232 DE
703 192 1161 232 PERMUTATIQNE.
1536 191 1613 228 225

146 295 400 346 philosophiae
432 295 505 334 hoc
537 297 661 348 ipsum
695 309 852 347 quoque
884 295 1093 345 contigisse
1127 294 1340 345 apparebit.
1410 293 1612 343 Quotquot

149 355 247 394 enim
278 357 505 408 magistrum
534 359 639 396 nacti
659 365 750 396 sunt
774 370 850 395 non
880 357 1052 394 fucatum
1078 355 1146 393 sed
1168 368 1256 393 vere
1285 355 1515 405 sapientem,
1534 360 1616 392 tam

147 419 263 456 simili
282 421 465 458 orationis
484 433 623 472 genere
643 426 802 458 utuntur
818 425 860 456 ut
880 419 1058 457 omnibus
1079 424 1211 468 pateat
1226 429 1290 455 eos
1312 417 1485 467 ejusdem
1505 417 1616 454 insti-

147 480 306 518 tutionis
336 481 456 519 fuisse
481 481 700 532 participes.
760 480 810 518 Et
835 486 980 525 tamen,
1002 480 1032 517 si
1053 480 1159 516 nulla
1181 478 1395 516 communis
1424 478 1469 515 iis
1498 478 1616 516 inter-

146 541 330 579 cessisset
349 541 594 580 consuetudo
611 541 795 591 nullaque
816 541 907 578 artis
929 540 1185 586 conversatio,
1206 539 1284 577 fieri
1308 552 1383 576 non
1407 545 1558 590 poterat
1574 544 1618 576 ut

145 601 184 640 in
218 609 327 640 tanta
361 602 610 640 similitudine
647 603 988 641 constituerentur.
1064 602 1262 639 Praeterea
1294 613 1410 638 nemo
1444 607 1616 638 vestrum

145 663 272 714 plures
307 678 327 702 e
359 664 470 702 simul
500 664 674 702 educatis
710 665 908 702 nominare
940 677 1017 702 non
1051 671 1193 714 potest,
1225 663 1291 713 qui
1324 661 1432 714 pueri
1458 661 1616 712 quidem

141 725 314 763 rudiores
336 732 447 763 erant
462 725 756 776 condiscipulis,
775 726 1003 777 grandiores
1020 732 1149 763 autem
1171 724 1261 763 facti
1279 723 1396 775 longo
1413 723 1617 762 intervallo

145 793 376 837 superarunt
404 787 610 838 prudentia
640 786 941 838 eloquentiaque
969 799 1035 824 eos
1068 786 1172 837 ipsos
1199 785 1341 836 quibus
1365 785 1474 836 pueri
1508 790 1620 822 erant

143 847 356 887 inferiores.
417 849 531 887 Unde
551 849 675 899 quivis
695 862 933 900 cognoscere
954 855 1085 900 queat,
1107 847 1316 898 disciplina
1335 852 1522 897 quantam
1542 847 1618 884 vim,

143 909 314 948 habeat:
344 917 453 962 patet
472 911 574 948 enirn
600 918 764 950 cunctos
784 924 830 950 ea
849 918 941 949 tunc
966 923 1059 949 usos
1086 910 1224 949 mentis
1246 909 1432 948 facultate
1452 921 1569 959 quain
1595 920 1620 945 a

144 979 284 1010 natura
310 972 554 1016 habuissent;
585 973 653 1011 viri
682 980 812 1011 autem
840 973 931 1011 facti
957 972 1056 1011 adeo
1085 971 1193 1010 alteri
1214 970 1282 1009 visi
1312 976 1405 1009 sunt
1435 976 1618 1026 praestare

144 1032 272 1072 alteris
287 1046 332 1072 ac
348 1041 607 1073 commutasse
624 1035 723 1073 inter
742 1047 783 1073 se
803 1034 1018 1085 ingenium,
1034 1047 1080 1072 eo
1099 1033 1205 1084 quod
1224 1032 1262 1070 hi
1280 1032 1406 1070 solute
1421 1039 1460 1070 et
1478 1031 1619 1082 ignave

145 1094 330 1142 viverent,
345 1096 400 1134 illi
421 1097 536 1135 rebus
553 1096 734 1147 gerendis
751 1103 790 1134 et
810 1096 881 1134 sibi
899 1096 992 1147 ipsis
1008 1093 1230 1134 excolendis
1248 1100 1446 1132 vacarent.
1503 1092 1621 1137 Quod

144 1155 176 1194 si
196 1156 374 1194 nonnulli
387 1157 544 1209 propria
563 1165 713 1196 tantum
727 1157 917 1196 industria
929 1157 1108 1196 meliores
1123 1157 1237 1202 fiunt,
1254 1155 1348 1206 quid
1363 1155 1400 1193 ni
1419 1163 1620 1206 assumpto

142 1219 312 1270 praeside
332 1226 371 1258 et
397 1220 546 1258 seniore
572 1220 859 1272 multarumque
891 1233 1018 1258 rerum
1045 1219 1181 1271 perito,
1202 1219 1345 1270 quique
1366 1217 1442 1257 alia
1460 1217 1620 1268 quidem

145 1281 193 1319 ab
215 1281 299 1319 aliis
318 1283 522 1334 acceperit,
543 1282 617 1320 alia
637 1283 721 1333 ipse
736 1271 982 1334 excogitant,
1001 1282 1095 1332 quid
1117 1282 1155 1319 ni
1172 1281 1329 1332 inquam
1349 1279 1473 1318 multo
1493 1278 1618 1329 magis

145 1348 187 1380 et
213 1355 324 1381 suam
355 1342 583 1382 facultatem
611 1349 784 1393 augeant
801 1350 840 1381 et
867 1343 966 1381 inter
993 1349 1156 1381 caeteros
1182 1340 1393 1393 praestent?
1442 1339 1521 1379 Sed
1542 1352 1618 1380 non

144 1405 194 1443 ob
222 1404 307 1443 haec
340 1404 479 1452 solum,
501 1418 631 1444 verum
662 1405 779 1443 etiam
809 1405 858 1442 ob
884 1404 1033 1454 reliqua
1063 1410 1306 1454 argumenta,
1327 1401 1461 1440 merito
1485 1413 1620 1440 omnes

145 1465 331 1505 mirentur
360 1479 491 1506 eorum
525 1466 717 1504 inscitiam
744 1466 809 1516 qui
841 1474 918 1504 tam
944 1472 1088 1504 temere
1120 1464 1405 1516 philosophiam
1439 1475 1621 1514 spernere.

145 1528 315 1567 audent:
347 1529 512 1579 primurn
528 1528 684 1579 quidem
706 1528 737 1566 si
752 1540 871 1579 quum
892 1527 1048 1566 videant
1067 1527 1197 1565 omnia
1213 1525 1368 1577 opificia
1386 1531 1505 1576 atque
1522 1530 1622 1562 artes

146 1589 473 1628 commentatione
494 1602 540 1628 ac
560 1590 767 1628 sedulitate
784 1589 945 1640 acquiri,
961 1589 1011 1627 ad
1030 1589 1228 1640 ingenium
1247 1587 1507 1626 excolendum
1527 1585 1623 1624 nihil

146 1650 249 1690 hanc
278 1664 410 1690 curam
443 1652 574 1690 valere
608 1658 773 1703 putant;
805 1651 946 1689 deinde
979 1651 1011 1688 si
1045 1663 1249 1701 corporum
1283 1649 1441 1700 quidem
1469 1648 1620 1687 nullum

146 1712 245 1751 adeo
265 1713 439 1765 ineptum
459 1726 546 1752 esse
566 1713 708 1760 dicant,
730 1712 836 1763 quod
862 1712 1043 1751 exercitio
1064 1719 1102 1750 et
1122 1711 1252 1750 labore
1272 1724 1351 1749 non
1376 1711 1444 1749 fiat
1462 1710 1618 1756 melius,

145 1775 294 1813 animas
310 1787 401 1813 vero
421 1781 560 1813 natura
579 1774 805 1827 corporibus
825 1774 1030 1812 nobiliores
1051 1772 1171 1810 nihilo
1187 1772 1408 1811 existiment
1428 1779 1617 1823 praestan—

145 1834 262 1874 tiores
288 1836 370 1874 fieri
394 1835 636 1874 institutione
668 1848 840 1886 curaque
866 1841 1110 1886 opportuna;
1143 1842 1335 1885 praeterea
1361 1833 1393 1872 si
1422 1833 1473 1871 ad
1497 1845 1618 1883 equos

144 1900 302 1953 quidem
321 1907 360 1939 et
377 1913 496 1939 canes
518 1907 558 1939 et
576 1900 764 1951 plurimas
787 1899 933 1938 bestias
962 1905 1064 1937 artes
1085 1904 1217 1936 tenere
1237 1896 1430 1948 quosdam
1449 1896 1619 1942 videant,

147 1963 286 2014 quibus
316 1962 412 2001 alias
445 1961 711 2006 animosiores,
734 1961 828 1999 alias
857 1961 1041 2004 mitiores,
1068 1959 1163 1998 alias
1188 1958 1510 2010 intelligentiores
1539 1957 1619 1995 effi-

145 2025 267 2071 ciunt,
283 2025 331 2062 ad
351 2024 547 2062 hominum
564 2037 655 2062 vero
675 2030 851 2061 naturam
869 2029 1008 2075 putent
1021 2022 1216 2060 inventam
1232 2020 1457 2073 hujusmodi
1473 2019 1621 2058 nullam

144 2086 441 2132 institutionem,
468 2099 556 2137 quae
583 2085 687 2137 ipsos
714 2085 764 2123 ad
791 2084 921 2136 aliqua
948 2097 994 2122 ex
1020 2083 1092 2128 his,
1119 2084 1169 2122 ad
1190 2096 1280 2134 quae
1308 2082 1424 2120 etiarn
1452 2081 1621 2126 belluas,

146 2148 289 2186 ducere
309 2147 451 2195 valeat,
472 2147 543 2186 sed
572 2153 722 2186 tantam
744 2160 827 2186 esse
848 2147 1019 2184 omnium
1043 2152 1217 2184 nostrum
1242 2144 1511 2182 infelicitatem
1531 2156 1619 2195 pro-

144 2209 345 2256 nuncient,
369 2216 412 2247 ut
431 2209 625 2248 fateantur
651 2208 807 2259 quidem
836 2208 957 2247 nostri
978 2207 1123 2258 ingenii
1144 2207 1178 2244 vi
1202 2218 1519 2256 unamquamque
1539 2217 1619 2243 rem

146 2271 229 2310 fieri
257 2270 453 2310 meliorem
480 2277 598 2321 atque
630 2271 836 2317 utiliorem,
865 2283 933 2308 nos
965 2282 1056 2308 vero
1087 2269 1191 2320 ipsos
1222 2269 1288 2319 qui
1321 2267 1394 2306 hac
1425 2267 1619 2318 pollemus

145 2333 401 2386 intelligentia
419 2347 499 2386 qua
518 2334 648 2372 omnia
674 2333 838 2372 facimus
866 2332 1152 2384 praestantiora,
1180 2331 1307 2369 dicere
1334 2329 1505 2368 audeant
1525 2328 1618 2366 nihil

149 2401 287 2434 mutuo
310 2396 447 2447 juvare
477 2408 595 2447 posse
616 2395 665 2434 ad
694 2394 782 2433 vitae
801 2395 1031 2433 bonitatem.
1088 2393 1270 2431 Omnium
1291 2399 1417 2430 autem
1441 2390 1620 2442 gravissi-

147 2470 252 2495 mum
272 2464 346 2505 est,
361 2458 394 2496 si
413 2458 576 2509 singulis
592 2458 702 2496 annis
723 2463 954 2496 contuentes
975 2457 1012 2494 in
1032 2456 1264 2508 spectaculis
1284 2455 1418 2493 leones
1440 2466 1620 2492 mansue-

146 2520 265 2559 tiores
283 2533 378 2571 erga
397 2533 487 2559 suos
507 2527 707 2559 curatores
727 2532 841 2571 quam
863 2519 1055 2570 quosdam
1076 2519 1254 2556 homines
1276 2529 1370 2567 erga
1391 2528 1481 2553 suos
1498 2516 1618 2552 bene-

147 2583 326 2628 faetores,
359 2595 549 2634 ursasque
589 2596 675 2621 sese
710 2589 910 2620 versantes
944 2581 1218 2630 luctantesque
1255 2591 1299 2617 ac
1334 2584 1487 2615 nostras
1517 2583 1618 2615 artes
1663 2589 1676 2599 -“

149 2644 355 2691 imitantes,
377 2658 425 2682 ne
446 2645 534 2682 hinc
555 2644 710 2695 quidem
732 2656 971 2694 cognoscere
987 2642 1142 2680 valeant
1160 2646 1346 2691 quantam
1367 2638 1557 2677 institutio
1579 2644 1618 2676 et

151 2717 246 2744 cura
263 2707 336 2744 vim
366 2707 550 2752 habeant,
576 2719 771 2757 quamque
793 2719 851 2743 eae
875 2705 1039 2742 celerius
1062 2710 1205 2741 nostrae
1234 2708 1381 2739 naturae
1402 2713 1518 2751 quam
1537 2699 1617 2737 bel-

149 2766 298 2806 luarum
313 2769 497 2820 prodesse
510 2775 676 2820 queant:
705 2769 835 2818 itaque
850 2766 998 2817 potiore
1015 2765 1156 2815 nejure
1172 2763 1329 2801 miretur
1343 2762 1429 2813 quis
1442 2774 1620 2800 mansue-

150 2830 326 2869 tudinem
350 2831 598 2873 ferocissimis
628 2830 770 2869 belluis
800 2828 1015 2873 inductam,
1050 2839 1098 2864 an
1130 2826 1319 2864 feritatem
1353 2837 1442 2875 quae
1479 2823 1614 2861 animis

149 2891 369 2930 istiusmodi
392 2892 589 2932 hominum
612 2891 741 2930 inest?
787 2889 977 2940 Equidem
999 2889 1114 2940 longe
1135 2888 1245 2939 plura
1265 2887 1313 2924 de
1338 2886 1397 2924 his
1429 2885 1503 2924 dici
1525 2897 1614 2936 pos-

153 2960 265 2992 sent:
295 2953 365 2992 sed
387 2953 416 2991 si
437 2953 701 2992 nimismulta,
715 2953 765 2992 de
784 2953 830 2990 iis
857 2951 1049 2990 disseram
1065 2963 1166 3001 quae.
1182 2948 1285 3001 apud
1306 2948 1489 3000 plurimos
1510 2954 1615 2985 certa

849 3014 871 3049 2
895 3025 921 3050 0
