1870 3277
714 195 1023 233 EVAGORAS.
1527 194 1601 230 125

136 304 290 350 propter
307 297 516 335 adventum
537 297 574 335 in
589 297 760 348 Cyprum
781 297 946 347 plurima
960 296 1150 334 beneficia
1165 303 1203 334 et
1219 296 1328 334 daret
1343 302 1383 334 et
1398 296 1602 347 acciperet.

138 360 306 397 Primum
327 360 427 397 enim
447 360 576 398 statim
597 366 640 396 ut
658 359 858 409 congressi
880 364 984 403 sunt,
1003 358 1123 408 pluris
1144 364 1308 407 uterque
1330 358 1490 396 alterum
1511 360 1604 397 fecit

136 434 250 472 quam
269 427 464 459 vetustate
481 420 659 458 amicitiae
674 421 922 471 conjunctos.
969 420 1123 457 Deinde
1144 432 1232 457 cum
1253 419 1401 457 caeteris
1422 419 1470 457 de
1490 422 1603 458 rebus

136 488 324 533 perpetuo
352 488 646 528 consenserunt,
668 487 749 518 tum
776 481 824 519 de
851 487 982 519 nostra
1010 481 1164 519 civitate
1186 482 1222 518 in
1244 480 1381 518 eadem
1411 483 1605 520 sententia

137 543 307 589 fuerunt.
365 544 492 585 Quam
511 556 631 593 quum
651 542 994 593 viderentingenti
1015 542 1229 580 mutatione
1252 542 1355 579 facta
1374 555 1506 592 parere
1527 543 1604 580 La-

135 604 398 649 cedaemoniis,
423 604 591 654 graviter
617 604 858 656 molesteque
884 604 1069 649 tulerunt,
1090 604 1192 641 sicut
1220 609 1426 653 utrumque
1447 603 1604 642 decuit:

138 679 227 704 nam
249 666 359 704 alteri
379 672 517 703 natura
536 672 619 703 erat
638 666 774 717 patria,
798 665 959 704 alterum
981 667 1030 703 ob
1050 665 1175 703 multa
1196 672 1235 704 et
1254 677 1396 716 magna
1416 665 1607 703 beneficia

138 727 226 778 lege
245 728 284 765 in
304 727 498 765 civitatem
529 727 829 778 adscripserant.
887 727 1162 778 Cogitantibus
1188 727 1305 779 igitur
1326 727 1380 764 eis
1407 728 1605 777 quomodo

139 801 160 826 e
180 789 464 828 calamitatibus
494 803 578 828 eam
612 791 816 841 eriperent,
843 803 933 829 mox
965 790 1296 841 opportunitatem
1324 790 1606 830 Lacedaemonii

137 850 409 900 praebuerunt:
441 852 522 902 qui,
537 864 656 902 quum
674 851 824 890 Graecis
838 859 938 891 terra
951 853 1124 903 marique
1140 852 1607 904 imperarent,insatiabili

137 910 350 962 cupiditate
380 913 525 951 incitati
551 914 685 951 Asiam
711 927 866 964 quoque
886 922 1037 953 vastare
1072 921 1284 965 coeperunt.
1343 913 1400 951 Ea
1423 913 1541 964 igitur
1567 914 1607 952 hi

137 973 342 1012 occasione
364 981 532 1026 arrepta,
547 975 674 1025 regios
695 975 815 1013 duces
833 975 929 1026 quid
949 976 1100 1014 consilii
1120 975 1354 1025 capiendum
1374 982 1478 1013 esset
1495 975 1608 1013 dubi·

138 1040 281 1080 tantes,
302 1034 535 1084 docuerunt,
556 1049 633 1073 non
664 1043 766 1074 terra
792 1037 860 1074 sed
886 1037 980 1074 mari
1009 1035 1296 1087 aggrediendos
1319 1048 1404 1073 esse
1424 1036 1607 1074 Lacedae-

138 1097 303 1142 monios,
325 1098 606 1144 existimantes,
627 1099 658 1136 si
679 1098 854 1150 peditatu
876 1099 1099 1149 conscripto
1119 1106 1220 1137 terra
1233 1099 1430 1144 vicissent,
1448 1100 1608 1138 Asianis

139 1158 333 1198 duntaxat
352 1160 574 1198 consultum
596 1161 691 1207 fore,
711 1162 767 1199 sin
796 1161 890 1199 mari
914 1168 1177 1212 superassent,
1198 1167 1318 1199 totam
1341 1160 1534 1199 Graeciam
1560 1175 1608 1200 ex

140 1233 186 1258 ea
212 1221 371 1259 victoria
397 1222 544 1261 fructus
576 1235 660 1261 esse
691 1230 905 1274 capturam.
966 1223 1010 1260 Id
1039 1223 1144 1274 quod
1173 1222 1325 1261 evenit:
1360 1235 1464 1269 narn,
1489 1237 1608 1274 quum

139 1283 256 1321 duces
277 1284 366 1322 huic
382 1286 546 1323 consilio
567 1286 785 1336 paruissent
804 1299 850 1323 ac
869 1286 1035 1324 classem
1058 1291 1363 1336 comparassent,
1376 1291 1416 1322 et
1431 1286 1610 1324 Laeedae-

139 1345 255 1382 monii
277 1346 400 1384 navali
422 1346 556 1398 praelio
572 1347 661 1385 victi
683 1354 722 1385 et
740 1347 900 1398 imperio
916 1347 1052 1398 privati
1069 1355 1173 1394 sunt,
1189 1354 1228 1385 et
1243 1347 1374 1385 Graeci
1389 1347 1608 1385 libertatem

138 1416 431 1458 recuperatum,
447 1416 484 1447 et
504 1416 634 1447 nostra
654 1410 748 1447 urbs
765 1409 934 1460 antiquae
953 1409 1085 1460 gloriae
1103 1417 1249 1461 partem
1261 1409 1463 1460 ,quandam
1478 1409 1609 1447 denuo

138 1470 296 1520 recepit,
316 1470 568 1522 delatumque
585 1484 606 1510 a
621 1471 733 1509 sociis
750 1471 1008 1522 principatum
1026 1471 1189 1522 accepit.
1246 1472 1376 1521 Atque
1393 1470 1480 1508 haec
1497 1477 1610 1520 gesta

139 1539 243 1580 suut,
262 1532 425 1571 Conone
441 1533 596 1583 quidem
614 1533 725 1578 duce,
745 1534 924 1584 Evagora
938 1546 1028 1571 vero
1044 1540 1125 1571 tum
1142 1534 1225 1583 ipso
1242 1538 1436 1570 strenuam
1452 1545 1608 1583 operam

139 1600 306 1631 navante
328 1600 407 1631 tum
430 1594 634 1632 maximam
660 1594 856 1645 copiarum
883 1602 1029 1645 partem
1050 1600 1313 1644 comparante.
1371 1592 1446 1630 Pro
1468 1593 1608 1644 quibus

141 1654 280 1691 meritis
301 1667 371 1692 nos
388 1655 440 1692 eis
458 1655 643 1692 maximos
663 1655 830 1693 honores
853 1655 1110 1700 decrevimus,
1127 1662 1166 1692 et
1181 1661 1331 1692 statuas
1352 1654 1551 1705 posuimus
1571 1654 1608 1691 in

139 1728 186 1753 eo
206 1716 304 1762 loco,
327 1717 362 1753 in
388 1730 465 1766 quo
485 1717 594 1754 Jovis
617 1718 832 1754 Servatoris
860 1717 1107 1754 simulacrum
1134 1723 1207 1761 est,
1230 1723 1309 1753 tum
1333 1715 1387 1752 illi
1407 1724 1488 1753 tum
1509 1716 1609 1754 inter

139 1790 178 1814 se
201 1777 357 1822 vicinas,
381 1791 467 1829 quae
489 1778 689 1828 utriusque
711 1779 762 1815 rei
784 1785 1073 1816 monumentum
1096 1786 1241 1823 essent,
1262 1784 1300 1815 et
1321 1776 1474 1815 maximi
1495 1779 1611 1816 bene-

139 1840 212 1878 ficii
233 1847 273 1878 et
291 1841 468 1878 amicitiae
489 1854 577 1891 quae
597 1841 670 1878 fuit
690 1841 788 1878 inter
809 1840 928 1891 ipsos.

193 1903 258 1939 22,
291 1902 373 1939 Rex
395 1915 484 1940 vero
506 1902 710 1940 Persarum
733 1915 808 1939 non
831 1902 968 1940 eodem
999 1900 1115 1938 modo
1139 1914 1232 1952 erga
1251 1914 1317 1938 eos
1339 1899 1500 1938 affectus
1523 1901 1608 1947 suit,

139 1962 209 2000 sed
228 1976 304 2013 quo
325 1977 384 2001 res
412 1963 574 2013 majores
603 1970 643 2000 et
666 1963 892 2001 illustriores
919 1969 1133 2013 gesserant,
1155 1975 1200 2000 eo
1228 1962 1353 2012 magis
1381 1974 1448 1999 eos
1478 1961 1609 1999 formi-

139 2023 257 2061 davit.
317 2026 374 2062 Ac
393 2024 439 2062 de
457 2025 618 2062 Conone
634 2025 709 2062 alio
731 2024 817 2062 loco
839 2024 1035 2061 dicemus:
1067 2036 1154 2073 quae
1171 2035 1262 2061 vero
1281 2035 1391 2060 mens
1412 2023 1494 2074 ejus
1516 2036 1610 2075 erga

141 2085 360 2136 Evagoram
377 2087 505 2132 fuerit,
521 2100 568 2124 ne
586 2087 666 2138 ipse
683 2086 834 2137 quidem
853 2085 1098 2123 dissimulare
1116 2085 1276 2123 studuit.
1323 2086 1492 2123 Constat
1506 2086 1607 2123 enim

139 2160 226 2184 eum
247 2148 284 2184 in
305 2147 448 2186 bellum
471 2148 655 2199 Cyprium
688 2149 830 2199 majore
858 2155 1001 2185 conatu
1030 2147 1254 2185 incubuisse
1272 2160 1388 2197 quam
1408 2147 1445 2184 in
1468 2154 1610 2186 caetera

139 2209 330 2255 universa,
361 2218 400 2247 ct
430 2210 534 2248 hunc
570 2210 753 2259 majorem
789 2223 832 2247 ac
870 2209 1083 2261 graviorem
1116 2208 1378 2246 adversarium
1406 2208 1609 2258 judicasse

141 2284 258 2322 quam
280 2271 424 2323 Cyrum
453 2273 518 2322 qui
548 2284 636 2310 cum
658 2284 703 2309 eo
723 2272 772 2309 de
792 2285 912 2323 regno
936 2271 1163 2309 decertavit.
1222 2271 1273 2308 Et
1298 2270 1372 2308 hoc
1400 2271 1609 2309 maximum

142 2333 295 2383 signum
325 2339 405 2372 est:
436 2332 542 2384 quod
568 2332 707 2371 auditis
732 2333 859 2371 fratris
878 2333 1128 2384 apparatibus
1155 2331 1254 2370 adeo
1283 2345 1441 2370 securus
1464 2332 1546 2376 fuit,
1569 2341 1611 2371 ut

143 2407 278 2445 parum
304 2396 457 2433 abesset
483 2395 575 2445 quin
595 2396 645 2434 ob
665 2395 849 2434 incuriam
871 2396 908 2433 in
931 2395 1014 2446 ipsa
1034 2408 1153 2446 prope
1176 2395 1280 2445 regia
1304 2394 1607 2444 opprimei·etur;

142 2457 306 2495 alterum
321 2470 410 2496 vero
430 2457 577 2495 tamdiu
598 2464 687 2495 ante
707 2457 939 2503 formidavit,
955 2464 999 2494 ut
1017 2458 1116 2494 inter
1135 2456 1404 2507 accipiendum
1425 2456 1611 2493 beneficia

143 2518 286 2557 bellum
305 2518 492 2557 adversus
512 2532 600 2557 eum
621 2519 831 2565 moliretur,
848 2532 925 2556 non
947 2518 1011 2557 ille
1027 2518 1182 2569 quidem
1201 2517 1359 2568 justitiae
1379 2516 1520 2562 studio,
1539 2517 1609 2554 sed

144 2586 270 2618 tamen
292 2593 371 2618 non
392 2581 512 2618 stulto
532 2594 688 2631 prorsus
708 2580 884 2619 consilio.
943 2580 1098 2618 Sciebat
1113 2579 1213 2617 enim
1237 2578 1379 2615 multos
1401 2585 1480 2615 tum
1503 2578 1610 2615 Gra?-

144 2656 274 2681 corum
306 2650 388 2681 tum
417 2644 667 2682 barbarorum
688 2657 710 2681 a
728 2642 962 2693 contemptis
989 2641 1104 2679 initiis
1132 2640 1326 2690 profectos
1352 2639 1519 2677 maxima
1540 2640 1608 2677 im-

146 2704 251 2755 peria
269 2704 467 2750 evertisse,
485 2705 724 2756 intelligebat
743 2705 858 2743 etiam
877 2704 1067 2754 Evagorae
1088 2700 1443 2751 magnanimitatem
1464 2709 1503 2739 et
1521 2714 1609 2739 suc-

145 2779 275 2804 cessus
295 2771 375 2804 tum
399 2766 528 2817 gloriae
548 2775 628 2804 tum
650 2780 774 2805 rerum
797 2774 992 2817 gestarum
1016 2777 1091 2801 non
1115 2763 1216 2800 lente
1238 2762 1417 2813 progredi
1437 2762 1609 2808 videbat,

146 2828 214 2870 sed
235 2834 272 2865 et
289 2827 536 2878 insuperabili
551 2842 637 2866 eum
653 2842 739 2867 esse
756 2828 924 2879 ingenio,
941 2834 980 2864 et
995 2827 1187 2864 fortunam
1204 2824 1345 2862 habere
1362 2825 1608 2875 adjutricem:

147 2901 265 2940 quare
286 2902 360 2927 non
382 2890 498 2928 iratus
519 2892 568 2929 ob
588 2897 676 2930 ante
697 2891 799 2929 sacta
819 2889 886 2928 sed
902 2889 950 2927 de
967 2887 1104 2926 futuris
1120 2887 1322 2932 sollicitus,
1337 2900 1461 2938 neque
1479 2888 1608 2938 Cypro

148 2957 296 2988 tantum
319 2956 492 2988 metuens
513 2952 583 2990 sed
610 2952 723 2990 rebus
754 2951 868 3001 longe
895 2949 1104 3000 majoribus
1135 2949 1287 2995 timens,
1308 2948 1449 2985 bellum
1475 2956 1609 2986 contra
