1870 3277
633 224 866 268 HELENAE
894 225 1214 268 ENCOMIUM.
1578 230 1657 268 509

191 330 288 375 aliis.
365 337 558 381 Quocirca
577 337 639 373 vel
665 336 738 374 deo
771 343 887 385 atque
921 334 1086 371 fortunae
1116 332 1321 372 tribuenda
1346 340 1404 372 est
1431 346 1564 380 causa,
1591 334 1653 371 vel

191 398 347 436 infamia
376 398 526 436 Helena
552 397 764 435 liberanda.
823 396 891 433 Sin
918 401 978 433 est
997 395 1182 433 violenter
1202 397 1528 444 raptagctcontra
1543 396 1650 447 leges

188 460 331 497 violata
349 468 387 498 et
408 460 547 510 injuste
568 458 804 496 contumelia
825 456 973 502 affecta,
995 462 1186 506 raptorem
1204 462 1270 492 aut
1291 463 1545 506 stupratorem
1561 471 1652 508 pec-

190 534 298 559 casse
325 521 368 558 fit
391 521 651 564 manifestum,
672 532 758 569 quae
780 525 890 568 rapta
910 530 999 556 vero
1019 524 1087 554 aut
1112 523 1286 567 stuprata
1306 524 1380 562 est,
1400 517 1652 557 infortunium

191 582 369 619 subiisse.
425 581 542 624 Quod
564 580 594 617 si
622 581 676 618 sic
704 587 775 624 est,
797 579 828 616 is
847 579 1017 629 quidem,
1039 578 1105 629 qui
1134 578 1318 616 barbarus
1338 579 1545 616 barbarum
1568 594 1653 618 sus-

190 643 292 693 cepit
312 643 459 680 facinus
480 650 560 679 tum
573 642 661 692 lege
677 649 759 678 tum
774 641 892 678 verbo
910 648 990 677 tum
1011 640 1129 685 facto,
1145 647 1183 676 et
1202 653 1270 689 per
1290 639 1415 690 legem
1430 639 1600 687 infamia,
1616 649 1655 679 et

190 717 257 754 per
274 704 388 741 verba
409 703 536 754 culpa,
559 710 597 740 et
618 715 685 753 per
704 702 807 739 facta
825 701 970 739 mulcta
990 701 1113 751 puniri
1138 700 1275 738 debet:
1306 714 1394 750 quae
1423 708 1551 739 autem
1573 703 1654 740 vio-

190 763 271 802 lata
298 764 368 802 fuit
397 772 435 800 et
461 763 585 813 patria
611 769 728 812 atque
757 761 889 799 amicis
920 763 1070 807 orbata,
1092 774 1168 798 non
1196 762 1323 812 potius
1350 762 1655 800 misericordiam

191 825 379 875 consequi
399 838 512 875 quam
533 824 700 861 convitia
717 823 909 861 meretur?
941 823 1038 861 Nam
1065 823 1129 860 ille
1151 824 1281 874 gravia
1301 825 1550 875 perpetravit,
1571 825 1656 864 haec

192 886 298 923 tulit:
329 894 561 937 quapropter
581 886 681 923 hanc
702 885 886 931 miserari,
907 885 1016 922 illum
1038 884 1151 923 decet
1170 884 1314 923 odisse.

247 949 286 984 4.
316 948 461 984 Verum
481 948 510 985 si
532 960 657 985 sermo
679 947 868 997 persuasit
897 960 942 985 ac
963 953 1128 984 mentem
1150 946 1315 997 decepit,
1337 960 1384 985 ne
1405 947 1476 985 hoc
1494 948 1658 987 difficul-

193 1017 252 1046 ter
271 1009 330 1046 his
349 1010 475 1047 verbis
504 1009 681 1047 excusari
705 1016 846 1060 potest.
912 1009 1083 1058 Magnus
1113 1015 1174 1046 est
1203 1008 1408 1058 imperator
1431 1023 1570 1056 sermo,
1591 1011 1659 1062 qui

193 1070 350 1108 minimo
370 1080 408 1108 et
429 1071 702 1108 obscurissimo
728 1083 888 1120 corpore
921 1070 1179 1107 divinissimas
1207 1083 1266 1108 res
1299 1071 1464 1121 perficit;
1504 1085 1591 1110 nam
1621 1082 1660 1111 et

194 1138 338 1168 metum
357 1132 467 1169 finire
484 1138 523 1169 et
538 1132 710 1170 dolorem
732 1133 890 1170 aufferre
910 1138 1051 1183 potest,
1069 1146 1141 1171 nec
1157 1146 1232 1170 non
1247 1135 1400 1173 efficere
1416 1137 1601 1186 gaudium
1621 1145 1661 1176 et

193 1205 334 1242 augere
356 1193 679 1231 misericordiam:
710 1194 795 1231 haec
823 1200 950 1231 autem
984 1194 1038 1231 ita
1058 1207 1098 1231 se
1131 1194 1274 1233 habere
1302 1209 1405 1234 nunc
1438 1198 1657 1237 ostendam.

195 1254 361 1304 Oportet
377 1268 466 1292 vero
482 1254 719 1292 audientium
741 1255 974 1306 praejudiciis
997 1268 1235 1294 succurrere.
1295 1257 1488 1308 Equidem
1511 1261 1659 1310 poesim

194 1327 348 1353 omnem
366 1323 404 1354 et
433 1317 611 1354 existimo
641 1324 680 1354 et
711 1330 807 1354 voco
827 1330 1010 1355 mensura
1029 1324 1270 1355 constantem
1295 1332 1526 1371 sermonem,
1547 1323 1659 1374 cujus

195 1377 391 1416 auditores
412 1378 570 1416 horrore
592 1379 758 1416 sollicito
786 1387 825 1416 et
857 1379 1074 1430 lacrymosa
1105 1380 1367 1417 misericordia
1398 1388 1436 1419 et
1465 1382 1660 1423 desiderio

193 1439 388 1489 replentur
407 1440 455 1477 ad
477 1440 622 1477 luctum
644 1440 815 1490 proclivi,
836 1440 892 1478 sic
914 1448 954 1477 ut
976 1454 1024 1478 ex
1053 1440 1180 1478 aliena
1209 1441 1390 1479 felicitate
1413 1444 1470 1481 vel
1498 1444 1661 1484 infelici-

195 1507 273 1539 tate
290 1502 442 1553 proprie
462 1514 530 1552 per
547 1514 765 1539 sermonem
782 1501 970 1539 afficiatur
987 1501 1159 1538 animus:
1191 1502 1258 1538 sed
1279 1515 1349 1551 age
1372 1503 1421 1540 ad
1442 1504 1558 1542 alium
1582 1520 1661 1545 ser-

196 1577 350 1602 monem
377 1578 449 1602 nos
479 1572 764 1602 convertamus.
835 1564 987 1601 Etenim
1015 1563 1155 1600 divinae
1181 1576 1401 1601 sermonum
1437 1567 1552 1616 epodi
1580 1575 1661 1608 tum

197 1625 492 1664 delectationem
529 1626 692 1663 afferunt
726 1633 808 1662 tum
839 1625 1011 1662 dolorem
1043 1625 1245 1662 auferunt:
1276 1625 1333 1662 vis
1357 1626 1456 1663 enim
1483 1630 1662 1670 carminis

197 1701 283 1725 cum
306 1688 422 1726 animi
452 1688 632 1739 opinione
661 1687 872 1738 conjuncta
901 1687 1051 1724 fascino
1081 1699 1169 1723 eum
1190 1686 1388 1725 demulcet
1407 1701 1561 1739 quoque
1582 1693 1663 1731 vult

196 1750 390 1787 transfert.
448 1750 546 1786 Sunt
562 1756 691 1786 autem
711 1750 848 1799 magiae
863 1755 901 1786 et
914 1748 1129 1786 fascinandi
1145 1757 1247 1786 artes
1267 1748 1366 1794 duae,
1384 1763 1469 1800 quae
1489 1752 1523 1788 in
1545 1754 1663 1793 animi

196 1811 347 1848 delictis
376 1817 415 1848 et
443 1810 634 1861 opinionis
662 1810 944 1861 captationibus
978 1810 1208 1848 consistunt.
1269 1810 1376 1854 Quot
1403 1825 1515 1862 porro
1544 1828 1660 1865 quam

198 1872 330 1910 multis
360 1881 526 1922 quantas
556 1886 616 1910 res
636 1872 810 1910 confictis
831 1872 957 1909 verbis
985 1878 1026 1909 et
1045 1880 1322 1923 persuaserunt
1341 1879 1380 1910 et
1405 1877 1662 1924 persuadent!

200 1934 352 1971 Etenim
379 1934 411 1971 si
436 1946 571 1971 omnes
604 1933 734 1971 omnia
763 1940 845 1971 tum
869 1934 1062 1984 praeterita
1083 1933 1351 1972 meminissent
1371 1942 1449 1972 tum
1472 1936 1662 1990 intellige-

197 2002 281 2033 rent
302 1995 507 2046 praesentia
528 2003 607 2033 tum
629 1995 758 2032 futura
777 1995 1049 2046 praeviderent,
1077 2008 1155 2032 non
1179 2002 1256 2033 tam
1276 1996 1513 2036 dissimiliter
1530 2000 1663 2040 similis

196 2058 291 2095 ratio
312 2071 382 2095 nec
399 2058 594 2109 praeterita
613 2057 849 2095 meminisset
871 2070 943 2095 nec
967 2057 1196 2108 intelligeret
1214 2059 1423 2109 praesentia
1443 2073 1514 2099 nec
1535 2062 1665 2102 futura

199 2121 454 2172 praevideret:
496 2123 680 2172 quocirca
713 2121 889 2172 plerique
930 2121 1151 2172 opinionem
1189 2122 1226 2158 in
1261 2123 1375 2160 rebus
1402 2123 1594 2175 plerisque
1625 2127 1664 2165 in

199 2183 399 2221 consilium
422 2183 619 2221 adhibent.
679 2182 738 2220 Ea
755 2195 844 2220 vero
864 2196 953 2221 cum
974 2183 1123 2220 lubrica
1145 2183 1194 2221 sit
1214 2189 1252 2221 et
1271 2183 1431 2230 incerta,
1452 2185 1609 2225 lubricis
1627 2197 1665 2226 et

200 2245 353 2282 incertis
381 2245 598 2282 infortuniis
629 2257 698 2282 nos
726 2245 912 2296 implicat.
933 2250 1011 2291 †††
1032 2245 1137 2287 Quid
1165 2245 1281 2296 igitur
1301 2253 1407 2284 vetat
1433 2261 1510 2297 quo
1538 2250 1664 2288 minus

202 2305 395 2344 Helenam
427 2319 580 2357 quoque
612 2306 800 2352 dicamus,
828 2319 916 2344 cum
948 2314 1055 2344 esset
1085 2313 1201 2345 aetate
1228 2307 1389 2358 juvenili
1421 2317 1460 2346 et
1488 2309 1665 2360 simplici,

201 2367 313 2416 quasi
330 2367 365 2404 vi
385 2368 581 2418 abreptam
606 2368 736 2405 fuisse.
793 2368 978 2405 Animum
999 2368 1099 2405 enim
1120 2369 1319 2419 persuasio
1342 2368 1536 2407 diversum
1554 2372 1663 2422 rapit.

200 2429 288 2465 Jam
311 2430 519 2467 necessitas
546 2435 586 2466 ut
605 2430 746 2480 probro
767 2437 894 2475 vacat,
915 2429 968 2467 ita
987 2430 1061 2467 vim
1087 2429 1203 2467 habet
1229 2430 1406 2468 eandem.
1464 2433 1540 2473 Qui
1560 2433 1661 2471 enim

201 2489 330 2527 animo
351 2503 476 2528 sermo
497 2498 755 2541 persuaserat,
775 2504 874 2536 eam,
891 2492 952 2529 cui
974 2498 1228 2542 persuaserat,
1251 2499 1290 2529 et
1310 2493 1435 2530 verbis
1456 2493 1610 2532 credere
1625 2503 1664 2533 et

201 2551 313 2588 factis
340 2551 468 2602 coegit
500 2552 690 2589 assentiri.
749 2552 836 2596 Quo
856 2552 912 2599 fit,
932 2559 976 2589 ut
1001 2552 1065 2602 qui
1093 2553 1296 2602 persuasit,
1323 2555 1434 2604 quasi
1455 2556 1661 2605 coegisset,

201 2614 437 2662 peccaverit;
460 2626 545 2664 quae
562 2613 809 2664 persuasione
823 2615 933 2665 quasi
949 2621 1087 2652 coacta
1100 2614 1184 2660 fuit,
1197 2614 1386 2652 immerito
1403 2616 1503 2653 male
1519 2616 1664 2655 audiat.

203 2674 291 2711 Jam
321 2676 605 2725 persuasionem
639 2689 727 2713 cum
760 2689 935 2714 sermone
963 2675 1210 2726 conjunctam
1246 2677 1415 2713 animum
1444 2691 1598 2729 quoque
1627 2680 1664 2717 in

204 2748 358 2772 omnem
387 2744 558 2775 mutasse
580 2738 756 2783 formam,
776 2752 823 2775 ex
852 2750 984 2775 eorum
1006 2738 1179 2774 oratione
1201 2737 1378 2788 primum,
1400 2739 1464 2788 qui
1487 2739 1533 2777 de
1550 2742 1665 2780 rebus

206 2796 437 2834 sublimibus
464 2798 677 2849 disputant,
706 2799 795 2837 licet
827 2811 1078 2849 cognoscere,
1100 2798 1164 2849 qui
1194 2799 1373 2849 opinione
1408 2800 1481 2838 alia
1513 2802 1665 2840 sublata

205 2858 279 2896 alia
299 2858 440 2896 effecta
471 2872 530 2896 res
558 2860 725 2898 incertas
747 2867 785 2898 et
816 2860 1060 2898 incredibiles
1081 2860 1271 2911 opinionis
1289 2861 1409 2899 oculis
1431 2864 1665 2913 approbant;

207 2926 286 2956 tum
302 2933 348 2957 ex
367 2920 589 2958 necessariis
610 2922 976 2967 concertationibus,
1001 2935 1087 2960 cum
1111 2923 1232 2960 oratio
1254 2936 1341 2968 unu,
1365 2935 1480 2973 quam
1496 2926 1666 2962 conscri-

204 2980 280 3029 psit
293 2993 367 3028 ars,
381 2994 457 3019 non
475 2981 796 3032 dictavitveritas‚
809 2983 1004 3034 ingentem
1021 2985 1168 3023 turbam
1187 2984 1353 3024 delectat
1366 2986 1498 3036 eisquc
1512 2987 1666 3037 quidvis
