1870 3277
512 204 583 240 DE
614 203 821 242 PYRRHI
856 205 1213 244 HEREDITATE.
1507 206 1584 243 335

147 304 323 351 eandam,
343 306 582 357 filiorumque
609 320 655 345 ex
682 307 746 344 illo
770 307 1005 344 matrimonio
1033 308 1302 345 exstiturorum
1328 307 1477 358 aliquis,
1504 308 1586 358 qui-

149 381 300 418 cunque
318 369 488 414 tandem,
502 369 537 406 in
553 382 690 406 nomen
708 375 938 420 gentemque
956 382 1061 407 suam
1076 370 1317 419 adoptaretur
1329 376 1366 408 et
1379 371 1416 406 in
1429 370 1582 407 domum

148 441 255 466 suam
276 428 530 467 induceretur.
589 430 750 467 Constat
777 430 875 466 enim
897 443 998 475 eum,
1025 430 1054 467 si
1080 430 1195 467 filiam
1216 430 1394 467 heredem
1414 431 1585 480 reliquis-

147 496 217 534 set,
254 491 464 528 certissime
497 490 691 541 cognitum
725 497 840 540 atque
875 498 1115 541 perspectum
1148 491 1329 528 habuisse
1363 491 1583 528 alterutrum

147 550 282 587 horum
300 565 384 589 esse
406 558 642 596 eventurum,
661 558 704 587 ut
722 558 787 588 aut
806 558 991 596 nostrum,
1011 552 1074 601 qui
1091 552 1322 602 cognatione
1350 564 1481 588 sumus
1500 564 1586 601 pro-

146 611 248 657 ximi,
269 613 467 663 quisquam
487 612 601 649 filiam
623 612 726 648 illam
746 625 853 649 suam
876 625 1031 650 uxorem
1052 613 1210 650 haberet
1230 625 1307 649 una
1331 625 1416 649 cum
1439 612 1584 648 heredi-

146 679 224 710 tate
245 673 314 710 sibi
333 673 561 723 ajudicibus
584 672 856 723 adjudicatam,
877 680 954 719 aut,
976 674 1005 710 si
1033 681 1202 711 nostrum
1224 673 1425 723 quisquam
1447 685 1528 709 eam
1550 672 1585 708 in

144 734 423 771 matrimonium
445 734 584 770 ducere
606 740 815 778 recusaret,
836 741 876 770 ut
898 734 1033 772 horum
1056 734 1179 771 saltim
1209 733 1478 771 avunculorum
1499 746 1587 770 suo-

144 806 227 832 rum
241 794 348 839 alter,
367 794 430 844 qui
446 807 547 832 nunc
564 795 794 844 [Nicodemo
815 802 853 832 et
873 795 1053 844 Xenocli]
1074 796 1290 833 testimonia
1312 802 1506 846 praestant,
1523 802 1589 832 aut

143 862 245 892 certe
264 855 491 905 reliquorum
512 862 762 906 cognatorum
783 857 981 907 quisquam
1003 858 1084 907 pari
1107 857 1235 903 modo,
1257 858 1373 907 petita
1392 858 1426 894 in
1443 857 1528 907 jure
1549 863 1588 893 et

143 915 341 966 impetrata
359 917 534 955 universa
559 917 790 968 hereditate,
810 931 892 955 eam
914 931 1067 968 quoque
1086 932 1242 956 uxorem
1262 919 1432 957 haberet.
1490 918 1588 956 Haec

142 976 205 1013 ille
232 974 468 1028 perfecturus
499 986 593 1023 erat,
625 979 654 1015 si
681 979 797 1016 filiam
824 979 861 1016 in
889 980 1089 1030 phratoras
1119 980 1331 1018 induxisset
1358 980 1587 1030 fratremque

145 1050 270 1074 meum
286 1051 351 1088 pro
367 1039 445 1076 filio
460 1038 563 1076 haud
577 1039 817 1089 adoptasset:
847 1053 892 1077 eo
908 1047 1034 1078 autem
1051 1041 1154 1091 quod
1169 1047 1301 1078 contra
1310 1041 1413 1085 fecit,
1427 1040 1500 1077 hoc
1516 1047 1589 1086 est,

143 1099 246 1149 quod
266 1100 418 1138 fratrem
437 1114 563 1138 meum
587 1101 794 1152 adoptavit,
811 1101 914 1139 illam
936 1115 1024 1139 vero
1044 1102 1080 1138 in
1105 1102 1304 1153 phratoras
1329 1115 1405 1139 non
1426 1102 1589 1146 induxit,

146 1160 247 1198 hanc
276 1161 429 1211 quidem
451 1174 518 1212 pro
538 1161 680 1212 spuria,
701 1162 739 1199 id
758 1162 859 1212 quod
883 1175 969 1199 eum
990 1163 1152 1201 decebat
1175 1176 1328 1213 quoque
1355 1163 1494 1207 facere,
1512 1163 1588 1199 fra-

144 1230 240 1260 trem
271 1235 361 1260 vero
396 1236 524 1260 meum
558 1223 736 1261 heredem
773 1226 955 1261 bonorum
990 1237 1143 1262 suorum
1175 1223 1399 1261 declaravit.
1471 1223 1588 1266 Quod

143 1291 268 1321 autem
289 1284 500 1321 avunculus
530 1290 659 1322 noster
689 1298 811 1335 neque
832 1285 1023 1323 victimam
1050 1285 1257 1335 nuptialem
1286 1284 1454 1323 intulerit
1483 1285 1587 1335 [h.e.

143 1346 247 1395 quod
267 1353 458 1383 matronas
479 1345 656 1396 phratriae
675 1359 765 1392 suae,
780 1347 932 1384 nomine
953 1354 1081 1397 nuptae
1100 1360 1192 1393 suae,
1211 1346 1414 1384 Nicodemi
1435 1346 1589 1392 sororis,

142 1408 315 1445 convivio
335 1421 411 1445 non
431 1409 656 1459 exceperit],
677 1422 802 1459 neque
821 1409 935 1446 filiam
964 1422 1010 1446 ex
1030 1409 1094 1446 illa
1113 1417 1302 1459 praetensa
1322 1422 1439 1446 uxore
1459 1415 1587 1446 natam

142 1470 180 1506 in
199 1469 396 1519 phratoras
416 1469 619 1515 induxerit,
639 1483 753 1520 quam
769 1471 807 1507 hi
828 1471 936 1508 aiunt
956 1471 990 1508 ei
1010 1470 1177 1521 legitime
1197 1477 1325 1508 natam
1346 1483 1445 1516 esse,
1468 1483 1589 1520 quan-

143 1545 255 1581 quam
284 1531 382 1582 apud
412 1531 612 1582 phratoras
639 1531 738 1569 illius
769 1531 916 1569 obtinet
942 1531 1005 1570 hic
1033 1531 1127 1570 ritus
1148 1533 1194 1570 ab
1224 1531 1317 1582 ipsis
1348 1531 1529 1576 sancitus,
1549 1537 1593 1568 ut

142 1592 248 1630 liberi
271 1593 363 1630 nulli
381 1593 595 1631 habeantur
614 1593 773 1643 legitimi
794 1593 864 1630 nisi
884 1593 921 1630 hi
937 1606 1034 1643 quos
1055 1599 1162 1643 pater
1177 1594 1258 1644 ipse
1278 1592 1379 1644 apud
1400 1605 1440 1630 se
1460 1592 1590 1643 [phra-

144 1655 264 1704 toras]
286 1656 551 1704 introduxerit,
566 1656 624 1693 his
645 1656 692 1694 de
707 1656 822 1693 rebus
842 1662 885 1694 ut
904 1656 1010 1693 vobis
1031 1662 1195 1702 constet,
1215 1655 1388 1693 recitabit
1408 1655 1515 1692 vobis
1530 1654 1590 1692 hic

149 1717 308 1766 [scriba]
328 1716 581 1755 testimonium
603 1717 823 1768 phratorum
845 1716 909 1768 qui
938 1717 1027 1755 olim
1048 1717 1240 1755 avunculo
1268 1723 1400 1754 nostro
1424 1716 1590 1754 fuerunt.

147 1778 285 1817 Recita
304 1786 372 1817 tu:
391 1786 433 1817 tu
453 1786 580 1817 autem
602 1779 729 1817 inhibe
751 1792 901 1830 aquam.

674 1882 1073 1921 TESTIMONIUM.

147 1960 252 2011 Cape
284 1961 358 1998 hoc
380 1973 532 2011 quoque
565 1960 837 2006 testimonium,
853 1961 996 1999 docens
1019 1960 1129 2007 illud,
1145 1960 1193 1998 ab
1217 1960 1407 1998 avunculo
1433 1960 1589 1998 fratrem

147 2035 273 2059 meum
294 2022 517 2073 adoptatum
532 2035 629 2060 esse.

661 2123 1072 2161 TESTIMONIUM.

206 2204 266 2240 12.
296 2202 425 2241 Vosne
456 2203 552 2254 jam,
581 2202 749 2254 judices,
788 2203 1004 2241 testimonio
1038 2203 1136 2240 falso
1174 2202 1378 2241 Nicodemi
1411 2206 1589 2251 majorem

148 2264 277 2310 fidem,
291 2278 406 2313 quam
423 2264 601 2302 avunculi
618 2265 734 2301 nostri
751 2265 1040 2309 extestimoniis‚
1057 2264 1120 2314 qui
1135 2272 1221 2315 post
1237 2264 1316 2301 fata
1331 2264 1443 2301 etiam
1461 2278 1590 2315 supre-

149 2339 210 2363 ma
229 2333 355 2364 tamen
374 2326 500 2364 adhuc
521 2339 595 2363 non
618 2326 743 2362 minus
763 2338 875 2376 quam
898 2325 927 2362 si
950 2332 1168 2376 superesset
1185 2338 1248 2376 per
1267 2325 1367 2363 facta
1387 2325 1434 2362 de
1455 2326 1588 2363 volun·

149 2394 226 2425 tate
244 2400 314 2425 sua
333 2395 508 2431 testatur,
531 2386 745 2425 habebitis?
776 2395 814 2424 et
828 2387 948 2424 eritne
963 2387 1041 2437 jam
1062 2387 1262 2437 quisquam
1279 2387 1341 2437 qui
1361 2386 1590 2436 persuadere

148 2449 254 2486 vobis
284 2457 456 2493 conetur,
479 2462 565 2499 quae
595 2448 727 2486 mulier
756 2448 895 2486 volenti
923 2449 1062 2499 cuique
1088 2448 1300 2485 communis
1334 2447 1447 2484 fuerit
1475 2454 1589 2498 atque

148 2509 324 2559 patuerit,
354 2522 436 2546 eam
470 2521 588 2558 penes
616 2508 847 2547 avunculum
879 2515 1052 2546 nostrum
1085 2510 1170 2546 loco
1203 2509 1494 2547 matrisfamilias
1521 2511 1589 2548 rite

149 2570 395 2608 confarreatae
417 2569 564 2607 fuisse?
610 2571 723 2620 Atqui
754 2584 834 2614 vos,
857 2579 897 2608 ut
924 2572 1072 2621 opinor,
1101 2571 1174 2607 hoc
1205 2582 1282 2607 non
1312 2570 1490 2615 credetis,
1518 2572 1590 2609 nisi

151 2632 304 2682 planum
325 2633 455 2671 fecerit
473 2632 524 2675 id,
543 2633 644 2683 quod
660 2633 764 2670 initio
782 2633 894 2684 liujus
915 2633 1094 2669 orationis
1112 2635 1307 2682 urgebam,
1323 2633 1480 2681 primum
1501 2633 1589 2680 hoc,

151 2695 346 2743 cujusnam
379 2696 449 2732 sub
475 2695 575 2732 dotis
602 2695 819 2731 conditione
852 2694 1082 2731 Nicodemus
1110 2693 1259 2742 Pyrrho
1289 2705 1451 2730 sororem
1482 2707 1589 2732 suam

152 2755 418 2804 desponderit;
448 2755 587 2793 deinde
607 2756 709 2806 apud
725 2768 929 2806 quemnam
952 2754 1170 2791 archontem
1192 2754 1274 2803 ipsa
1294 2753 1425 2791 mulier
1441 2754 1589 2792 denun-

152 2816 298 2853 tiaverit
325 2816 564 2866 publicisque
590 2817 731 2854 tabulis
760 2815 1063 2866 consignandum
1093 2828 1114 2852 a
1133 2815 1319 2853 tabulario
1345 2818 1531 2854 curaverit
1550 2831 1588 2855 se

153 2876 267 2913 domo
288 2876 408 2913 mariti
430 2877 526 2914 ultro
549 2878 757 2915 excessisse
778 2877 958 2925 omnique
981 2890 1020 2913 se
1033 2877 1120 2926 jure
1142 2889 1210 2913 suo
1232 2877 1266 2914 in
1289 2878 1535 2916 substantiam
1553 2887 1590 2916 ct

154 2937 419 2988 cognationem
457 2938 538 2988 ejus
576 2951 645 2975 suo
678 2951 908 2986 suorumque
940 2937 1142 2974 liberorum
1175 2939 1327 2976 nomine
1365 2940 1587 2983 abdicasse;
