1870 3277
272 179 345 215 ‘262
872 181 1152 220 ISOCRATIS

269 289 395 319 autem
429 282 477 319 ad
514 295 648 321 manus
683 292 834 322 ventum
869 292 984 329 esset,
1024 285 1163 322 ancilla
1199 285 1390 322 occultata
1423 286 1719 323 criminabantur

269 344 465 381 Cratinum
492 354 608 395 caput
637 346 688 383 illi
716 347 951 391 contrivisse,
977 354 1091 397 atque
1118 359 1164 384 ex
1190 359 1235 384 eo
1260 346 1413 384 vulnere
1438 347 1631 385 mulierem
1660 347 1717 384 di-

266 414 396 444 centes
413 421 497 445 esse
517 415 718 453 mortuam,
736 409 835 447 diem
857 410 889 446 ei
911 409 1044 447 dicunt
1060 410 1110 447 rei
1133 409 1305 458 capitalis
1326 410 1363 446 in
1386 408 1572 447 Palladio.
1621 410 1712 447 Cra-

267 469 369 506 tinus
398 469 556 506 istorum
592 470 738 507 insidiis
771 470 912 508 auditis
944 471 1086 508 interea
1117 471 1274 520 quievit,
1306 483 1352 507 ne
1383 477 1528 507 mutato
1557 470 1714 508 consilio

265 529 358 567 alias
379 530 532 567 fraudes
553 531 943 577 corrnniniscerentur,
964 539 1081 582 utque
1101 533 1136 569 in
1159 545 1196 568 re
1218 532 1397 582 praesenti
1418 531 1563 569 scelera
1582 544 1712 569 eorum

264 591 657 641 deprehenderentur:
694 592 866 642 proinde,
894 605 1011 642 quum
1039 593 1147 630 istius
1175 593 1298 630 affinis
1327 592 1560 630 accusatoris
1586 600 1714 643 partes

265 653 433 698 obiisset,
456 654 524 690 iste
554 661 680 691 autem
711 667 779 704 pro
808 654 1023 692 testimonio
1051 656 1275 693 affirmasset
1299 668 1432 706 reapse
1454 654 1712 692 mulierculam

264 727 347 752 esse
369 723 568 761 mortuam,
587 715 741 753 domum
758 716 793 752 in
813 729 889 766 qua
908 716 971 753 illa
991 717 1254 754 occultabatur
1274 717 1450 767 ingressi,
1466 717 1500 753 vi
1518 717 1712 767 abreptam

266 777 356 813 etin
377 776 567 827 judicium
596 777 801 815 adductam
824 778 1013 815 viventem
1043 779 1221 816 omnibus
1249 780 1292 816 iis
1312 779 1376 829 qui
1403 779 1564 816 aderant
1584 786 1714 816 osten-

264 838 416 875 derunt.
462 839 594 887 Itaque
611 852 727 889 quum
746 839 975 889 septingenti
989 840 1142 890 judices
1160 841 1352 886 sederent,
1365 847 1403 878 et
1418 840 1710 891 quatuordecim

265 899 364 937 idem
391 901 648 938 testimonium
679 900 865 939 dixissent
897 914 942 939 ac
971 901 1056 948 iste,
1084 914 1131 938 ne
1162 915 1278 938 unum
1308 902 1461 952 quidem
1490 902 1711 952 suffragi-um

266 961 364 999 tulit.
421 962 528 1000 Voca
547 969 676 999 testes.

882 1069 1094 1108 TESTES.

333 1147 397 1182 22.
428 1146 523 1188 Quis
556 1146 670 1197 igitur
699 1147 870 1185 facinora
901 1148 1009 1185 istius
1040 1148 1132 1185 satis
1164 1148 1302 1185 acriter
1335 1147 1565 1186 insectetur?
1607 1147 1711 1198 quod

262 1206 386 1258 majus
406 1207 622 1257 exemplum
644 1207 704 1245 vel
733 1206 931 1258 injustitiae
950 1208 1009 1245 vel
1030 1208 1233 1245 calumniae
1256 1208 1315 1246 vel
1335 1208 1588 1259 improbitatis
1607 1209 1712 1245 inve-

262 1267 410 1305 nietur?
441 1268 536 1305 Sunt
553 1268 651 1305 enim
672 1269 849 1318 quaedam
873 1269 1017 1320 injuriae
1039 1283 1127 1320 quae
1147 1283 1224 1307 non
1245 1283 1356 1307 omne
1377 1270 1570 1320 ingenium
1591 1271 1712 1307 nebu·

260 1329 391 1367 lonum
414 1331 594 1380 aperiant,
610 1344 630 1368 e
649 1331 790 1368 talibus
807 1338 932 1369 autem
953 1331 1186 1369 facinoribus
1209 1339 1293 1369 tota
1311 1332 1389 1369 vita
1408 1331 1709 1381 delinquentium

260 1390 371 1428 facile
389 1391 627 1442 perspicitur.
686 1393 784 1430 Nam
806 1392 871 1442 qui
892 1393 1064 1430 viventes
1085 1400 1246 1430 testatur
1273 1406 1357 1431 esse
1377 1400 1560 1436 mortuos,
1582 1405 1660 1442 quo
1679 1392 1710 1429 is

260 1453 427 1490 facinore
454 1453 683 1491 abstinebit?
711 1454 775 1504 qui
796 1453 928 1492 alienis
954 1454 988 1491 in
1017 1456 1129 1492 rebus
1153 1455 1206 1492 ita
1232 1454 1428 1506 improbus
1454 1461 1525 1500 est,
1553 1454 1647 1504 quid
1672 1454 1709 1491 in

261 1514 338 1551 suis
359 1527 434 1551 non
455 1514 635 1552 auderet?
664 1516 723 1552 An
744 1528 833 1553 vero
853 1515 914 1553 isti
935 1515 1168 1553 credendum
1195 1528 1266 1566 pro
1295 1529 1335 1553 se
1356 1516 1512 1561 dicenti,
1540 1528 1652 1565 quern
1673 1515 1710 1552 in

262 1575 420 1612 aliorum
450 1576 608 1625 gratiam
639 1577 832 1626 pejerasse
859 1576 1038 1614 constat?
1079 1576 1174 1620 Quis
1203 1590 1373 1627 unquam
1401 1577 1484 1614 falsi
1507 1576 1712 1614 testimonii

260 1636 472 1673 evidentius
503 1643 562 1673 est
587 1637 809 1674 convictus?
850 1651 938 1675 nam
965 1637 1059 1674 alios
1085 1650 1105 1674 e
1125 1637 1248 1675 verbis
1269 1637 1470 1688 judicatis,
1495 1637 1602 1675 istius
1621 1650 1712 1675 vero

262 1698 468 1736 testimonii
488 1698 693 1736 falsitatem
716 1699 868 1750 judices
890 1699 1080 1737 viderunt.
1140 1700 1216 1737 Iste
1237 1700 1351 1749 igitur
1369 1712 1484 1750 quum
1507 1699 1624 1736 tantis
1642 1699 1713 1737 cri·

262 1759 424 1797 minibus
445 1772 486 1797 se
511 1760 767 1806 obstrinxerit,
800 1769 926 1799 tamen
954 1761 1081 1798 dicere
1108 1761 1266 1798 audebit
1293 1774 1362 1798 nos
1389 1761 1549 1807 mentiri,
1577 1761 1614 1798 in
1635 1774 1712 1812 quo

262 1821 417 1872 perinde
447 1822 562 1859 faciet
594 1835 639 1860 ae
673 1823 704 1859 si
738 1822 799 1860 cui
831 1822 1082 1874 Phrynondas
1121 1822 1380 1860 stellionatum
1419 1822 1614 1873 objiceret,
1645 1829 1712 1859 aut

264 1883 481 1933 Philorgus,
503 1884 566 1933 qui
587 1883 825 1934 Gorgonium
852 1884 1047 1935 surripuit,
1070 1884 1152 1922 aliis
1183 1884 1423 1935 sacrilegium
1453 1886 1712 1935 exprobraret.

264 1946 358 1989 Quis
379 1958 468 1983 vero
490 1945 614 1982 minus
642 1959 765 1984 rerum
794 1960 869 1983 non
901 1947 1088 1984 factarum
1119 1947 1325 1984 subornare
1350 1953 1486 1984 testem
1508 1946 1710 1991 dubitabit,

262 2020 374 2057 quam
396 2008 482 2052 iste,
504 2007 567 2057 qui
587 2007 670 2057 ipse
691 2008 773 2045 aliis
793 2008 932 2045 falsum
951 2008 1078 2046 dicere
1096 2008 1355 2045 testimonium
1374 2007 1516 2045 audet?

316 2071 380 2106 23.
411 2070 487 2107 Sed
508 2069 788 2107 Callimachum
816 2083 920 2120 saepe
950 2070 1082 2108 licebit
1108 2069 1471 2108 accusare—hane
1501 2070 1600 2107 enim
1620 2070 1710 2107 vitae

265 2143 344 2167 suae
361 2130 544 2168 rationem
561 2144 646 2168 esse
662 2132 783 2169 voluit
795 2154 859 2178 ——‚
879 2132 983 2181 quod
1004 2138 1132 2169 antem
1154 2132 1202 2169 ad
1221 2144 1284 2168 me
1304 2131 1452 2175 attinet,
1472 2139 1612 2169 caetera
1631 2144 1713 2168 mu-

264 2204 354 2229 nera
371 2192 496 2229 omnia
517 2192 633 2229 missa
653 2192 764 2238 facio,
784 2193 865 2244 ejus
885 2206 990 2239 vero,
1014 2193 1061 2230 de
1082 2206 1160 2243 quo
1180 2193 1271 2230 mihi
1293 2206 1368 2230 non
1390 2192 1600 2242 modojure
1621 2206 1709 2242 gra-

264 2252 353 2290 tiam
374 2253 576 2298 habebitis‚
598 2253 663 2290 sed
685 2266 762 2303 quo
783 2254 899 2291 etiam
920 2255 1124 2292 testimonii
1146 2255 1231 2292 loco
1252 2255 1299 2292 de
1321 2261 1402 2292 tota
1420 2268 1459 2292 re
1479 2254 1532 2291 uti
1548 2255 1719 2305 queatis,

264 2315 401 2353 faciam
422 2315 670 2353 mentionem.
729 2316 828 2352 Nam
849 2330 965 2366 quum
987 2324 1118 2354 nostra
1139 2317 1229 2354 urbs
1253 2316 1378 2354 classe
1397 2316 1435 2353 in
1458 2316 1714 2367 Hellesponto

265 2378 406 2416 amissa
417 2379 573 2429 imperio
586 2378 733 2430 privata
745 2385 858 2423 esset,
870 2378 1037 2428 plurimis
1050 2379 1265 2417 trierarchis
1279 2379 1332 2416 ita
1347 2379 1520 2430 praestiti,
1532 2386 1574 2416 ut
1590 2393 1711 2418 meam

265 2440 390 2478 navim
411 2454 496 2478 cum
516 2441 650 2492 paucis
669 2440 940 2485 conservarim,
963 2448 1077 2491 atque
1108 2442 1205 2478 inter
1229 2441 1313 2478 illos
1339 2454 1479 2492 paucos
1501 2441 1573 2479 hoc
1595 2455 1710 2492 pecu-

265 2502 354 2539 liare
374 2501 504 2548 habui,
524 2502 627 2553 quod
646 2514 718 2552 ego
738 2501 843 2538 solus
864 2514 959 2538 nave
975 2502 1011 2538 in
1030 2502 1217 2539 Piraeeum
1232 2503 1415 2553 perducta
1435 2503 1470 2538 in
1490 2502 1712 2540 trierarchia

265 2564 518 2613 perseveravi;
551 2577 668 2615 quum
692 2563 791 2600 enim
811 2562 871 2600 alii
891 2570 930 2600 et
957 2563 1111 2614 publica
1139 2577 1298 2602 munera
1327 2563 1466 2614 cupide
1493 2570 1714 2602 excuterent

266 2635 304 2665 et
323 2628 369 2665 de
389 2628 567 2679 praesenti
588 2634 687 2665 statu
709 2627 967 2678 desperarent,
987 2634 1026 2664 et
1045 2626 1234 2664 factorum
1259 2634 1477 2677 sumptuum
1497 2626 1712 2676 poeniteret,

266 2696 304 2725 et
323 2690 466 2740 reliqua
485 2690 782 2735 dissimularent,
802 2695 980 2740 putantes
1001 2695 1127 2725 actum
1149 2701 1234 2726 esse
1259 2689 1306 2725 de
1336 2688 1548 2738 republica,
1571 2696 1608 2726 et
1637 2689 1712 2739 pri-

266 2752 364 2788 vatis
392 2752 600 2790 rationibus
633 2751 890 2796 consulerent,
911 2763 983 2801 ego
1014 2750 1128 2800 longe
1161 2750 1275 2786 alium
1309 2750 1476 2786 animum
1503 2749 1634 2794 habui,
1658 2758 1709 2795 et,

267 2827 383 2864 quum
402 2815 506 2852 fratri
525 2828 610 2852 meo
628 2814 903 2866 persuasissem
923 2821 966 2850 ut
983 2812 1071 2849 mihi
1093 2812 1321 2849 trierarchiae
1339 2812 1464 2849 socius
1484 2819 1596 2857 esset,
1616 2824 1712 2849 nau-

268 2875 315 2912 tis
336 2875 383 2913 de
409 2883 540 2914 nostro
569 2876 785 2914 mercedem
812 2883 1072 2919 numerantes,
1093 2873 1222 2912 hostes
1244 2874 1476 2925 vexavimus.
1536 2873 1716 2926 Denique

269 2949 386 2986 quum
405 2936 607 2989 Lysander
627 2933 756 2988 capite
776 2936 982 2982 sanxisset,
1004 2949 1051 2972 ne
1071 2935 1156 2985 quis
1177 2935 1408 2972 frumentum
1437 2934 1485 2972 ad
1504 2947 1572 2972 vos
1597 2934 1713 2973 adve-
