1870 3277
700 177 1089 217 ARCHIDAMUS.
1548 175 1598 211 79

134 278 346 331 potentiam
368 292 671 318 commemorare
690 293 765 318 non
787 280 1013 323 dubitarint,
1041 286 1080 317 et
1101 277 1341 316 adversarios
1362 277 1599 329 respondere

134 341 205 380 sibi
222 340 397 391 jubeant,
418 342 558 391 quibus
580 341 731 379 auxiliis
750 341 836 379 freti
856 340 946 379 belli
967 340 1203 391 suscipiendi
1226 346 1402 377 auctores
1425 341 1559 377 simus.

189 403 255 439 26.
289 402 375 453 Ego
404 416 493 440 vero
523 402 671 439 nullum
705 403 826 454 majus
861 410 900 440 et
932 402 1076 439 firmius
1111 400 1295 439 auxilium
1325 414 1410 438 esse
1441 401 1602 439 arbitror

133 476 249 515 quam
274 464 380 513 justa
402 472 888 515 agere—consentaneum
910 465 1012 502 enim
1034 471 1095 501 est
1115 463 1228 501 etiam
1258 462 1419 499 deorum
1446 462 1603 500 immor-

134 527 268 565 talium
286 527 592 564 benevolentiam
612 526 671 564 his
688 540 765 564 non
781 527 1014 569 defuturam,
1034 525 1223 576 siquidem
1245 537 1265 562 e
1287 524 1489 574 praeteritis
1510 538 1602 562 con—

129 589 282 640 jectura
301 589 514 626 futurorum
538 588 728 638 capienda
748 596 808 626 est
827 611 893 634 —‚
915 596 1053 639 praeter
1082 587 1157 625 hoc
1187 599 1302 637 quam
1326 586 1601 636 rempublicam

136 651 236 688 bene
266 650 533 688 administrare
560 657 598 688 et
617 657 877 701 temperanter
898 650 1024 687 vivere
1048 657 1086 686 et
1112 662 1200 686 cum
1229 647 1404 686 hostibus
1429 661 1604 699 pugnare

136 711 234 749 velle
263 718 302 748 et
327 711 422 749 nihil
450 711 686 749 horrendum
715 711 837 762 magis
865 724 950 749 esse
978 710 1121 749 ducere
1147 723 1262 760 quam
1291 709 1390 747 male
1419 710 1553 747 audire
1581 723 1604 747 a

135 772 232 810 suis:
263 785 350 823 quae
371 773 501 811 omnia
520 773 642 811 nostri
663 773 777 811 moris
798 779 888 811 sunt
910 773 1029 823 magis
1047 785 1161 823 quam
1183 772 1348 810 ullorum
1371 770 1604 810 mortalium.

136 834 284 876 Quales
305 847 378 885 ego
398 834 528 872 malim
549 835 642 873 belli
667 835 794 873 socios
822 835 966 873 habere
987 847 1101 885 quam
1131 833 1316 871 infinitam
1337 834 1487 871 turbam
1509 833 1604 870 alio-

136 908 240 933 rum:
271 909 360 933 nam
383 898 549 946 majores
571 910 724 948 quoque
746 904 898 934 nostros
926 897 1027 934 hanc
1055 895 1252 946 regionem
1273 908 1489 946 occupasse
1510 894 1605 940 scio,

137 969 212 994 non
231 958 476 996 multitudine
497 958 615 996 fretos
637 958 707 996 sed
728 958 771 996 iis
792 971 888 1008 quas
910 958 1086 995 recensui
1106 957 1326 994 virtutibus.
1375 956 1505 1000 Quare
1527 969 1605 993 non

138 1032 186 1058 eo
206 1021 338 1058 hostes
359 1020 579 1067 formidare,
599 1021 706 1072 quod
728 1020 837 1058 multi
860 1027 964 1066 sunt,
992 1020 1062 1058 sed
1088 1019 1211 1057 multo
1242 1019 1364 1070 magis
1391 1032 1437 1056 ea
1458 1032 1496 1056 re
1517 1018 1606 1056 freti

138 1094 224 1120 esse
251 1082 451 1128 debemus,
481 1096 599 1134 quum
632 1096 702 1121 nos
731 1084 784 1121 ita
812 1082 987 1121 videmus
1015 1083 1150 1121 tulisse
1176 1082 1418 1120 calamitates
1443 1088 1487 1119 ut
1511 1081 1607 1119 nulli

137 1145 200 1183 alii
216 1144 387 1182 tulerunt
404 1158 591 1195 unquam,
606 1153 644 1183 et
659 1145 764 1195 leges
781 1157 984 1195 moresque
1001 1145 1188 1196 majorum
1205 1157 1471 1189 conservasse,
1488 1156 1607 1193 quum

138 1208 198 1246 isti
217 1221 436 1260 prosperam
458 1210 653 1248 fortunam
679 1210 777 1247 serre
806 1222 884 1247 non
911 1208 1061 1260 possint
1087 1216 1126 1246 et
1150 1209 1187 1245 in
1214 1208 1385 1246 maxima
1406 1208 1608 1258 perturba-

138 1271 243 1309 tione
263 1278 475 1318 versentur,
496 1284 541 1310 ac
562 1272 625 1309 alii
647 1271 773 1309 socias
793 1272 908 1309 urbes
926 1277 1139 1321 occupent,
1163 1270 1226 1308 alii
1247 1270 1321 1307 illis
1342 1270 1609 1315 adversentur,

138 1332 202 1371 alii
222 1333 269 1370 de
299 1332 440 1370 finibus
469 1346 556 1371 cum
579 1333 713 1371 vicinis
737 1333 950 1384 ambigant,
978 1332 1041 1370 alii
1069 1332 1230 1370 invicem
1258 1331 1456 1369 invideant
1481 1331 1609 1382 potius

138 1408 254 1446 quam
274 1395 478 1433 nobiscum
501 1394 646 1433 bellum
673 1402 823 1445 gerant&
882 1394 1009 1430 Unde,
1025 1394 1140 1431 miror
1166 1407 1232 1430 eos
1255 1393 1319 1443 qui
1346 1396 1490 1441 majora
1509 1405 1609 1444 prae-

138 1456 236 1494 sidia
265 1456 468 1506 requirunt
500 1456 541 1494 iis
571 1469 659 1506 quae
689 1455 833 1494 delicta
859 1454 1027 1492 hostium
1055 1454 1318 1505 suppeditant.
1377 1453 1495 1504 [Haec
1525 1453 1610 1505 ipsa

139 1530 209 1556 nos
225 1517 451 1568 juvabunt]

193 1581 258 1618 27.
288 1580 405 1622 Quod
441 1580 473 1617 si
506 1579 554 1616 de
589 1579 757 1617 externis
787 1578 901 1616 etiam
938 1577 1088 1617 auxiliis
1123 1577 1330 1616 dicendum
1362 1584 1435 1623 est,
1467 1578 1610 1617 multos

139 1642 290 1680 futuros
321 1654 407 1679 esse
440 1642 574 1692 opinor
606 1641 671 1692 qui
704 1654 774 1679 nos
808 1641 937 1678 salvos
971 1647 1090 1691 atque
1116 1639 1331 1678 incolumes
1361 1653 1448 1677 esse
1476 1640 1612 1679 velint.

141 1703 400 1741 Athenienses
421 1703 536 1749 enim,
556 1703 704 1741 etlamsi
733 1715 808 1741 non
837 1716 906 1754 per
925 1704 1055 1741 omnia
1074 1702 1278 1740 nobiscum
1299 1701 1458 1746 faciant,
1476 1701 1612 1741 salutis

138 1773 265 1803 tamen
287 1771 429 1802 nostrae
449 1777 567 1802 causa
586 1765 740 1816 quidvis
761 1765 933 1802 facturos
962 1777 1047 1803 esse
1073 1763 1163 1802 novi
1181 1776 1189 1801 :
1221 1763 1361 1801 deinde
1383 1771 1612 1801 caeterarum

139 1827 288 1865 urbium
319 1826 525 1864 nonnullas
551 1840 630 1864 non
657 1826 782 1864 minus
812 1827 951 1864 nostris
979 1825 1192 1864 commodis
1220 1838 1335 1876 quam
1356 1826 1433 1863 suis
1454 1825 1612 1863 consul-

140 1898 272 1928 turas:
304 1896 492 1940 praeterea
512 1903 635 1940 neque
658 1889 870 1941 Dionysius
894 1896 1082 1940 tyrannus
1108 1901 1232 1939 neque
1256 1887 1524 1939 AEgyptiorum
1545 1900 1612 1925 rex

139 1963 265 2000 neque
287 1950 349 1987 alii
369 1950 473 1988 Asiae
497 1949 704 2000 principes,
725 1950 853 2000 quoad
880 1950 1148 2000 unusquisque
1171 1949 1285 1993 valet,
1307 1949 1384 1985 suis
1411 1948 1546 1998 opibus
1575 1955 1614 1986 et

141 2011 293 2050 auxiliis
323 2011 433 2049 nobis
461 2011 629 2048 defuturi
656 2017 771 2049 sunt:
800 2011 1028 2049 Graecorum
1059 2011 1227 2061 denique
1254 2009 1548 2061 locupletissimi
1575 2016 1615 2047 et

141 2072 376 2112 celeberrimi
397 2079 435 2110 et
456 2072 687 2123 optimarum
708 2085 834 2109 rerum
855 2072 1125 2110 studiosissimi
1145 2071 1301 2122 quique,
1316 2071 1388 2109 etsi
1410 2071 1614 2109 nobiscum

142 2149 182 2173 se
203 2134 374 2172 nondum
393 2137 688 2183 conjunxerunt,
709 2141 749 2172 at
767 2134 1036 2172 benevolentia
1057 2142 1148 2173 sunt
1174 2134 1392 2177 nobiscum,
1412 2135 1450 2172 in
1472 2135 1613 2185 quibus

142 2197 191 2236 de
211 2203 354 2235 caetero
373 2209 515 2247 magna
534 2210 623 2247 spes
644 2197 754 2234 nobis
776 2197 892 2234 debet
912 2210 1011 2234 esse.

197 2259 261 2295 28.
292 2257 481 2295 Existimo
497 2258 612 2295 etiam
633 2264 814 2295 caeteram
833 2260 983 2296 turbam
1002 2257 1341 2309 Peloponnensem
1358 2264 1397 2295 et
1411 2257 1612 2308 populum,

143 2333 257 2372 quem
283 2319 485 2370 opinamur
513 2319 714 2358 nobiscum
742 2320 985 2370 potis-simum
1011 2319 1169 2364 bellare,
1193 2327 1363 2356 nostram
1387 2332 1518 2356 curam
1542 2319 1614 2357 hoc

143 2390 314 2433 tempore
345 2381 580 2419 desiderare.
640 2381 744 2418 Nihil
775 2382 873 2419 enim
896 2395 916 2419 e
939 2382 1156 2419 defectione
1187 2381 1263 2418 tale
1295 2388 1386 2418 sunt
1416 2381 1614 2418 consecuti

143 2445 254 2495 quale
287 2451 586 2495 exspectarant;
623 2457 726 2489 nam,
759 2444 852 2481 dum
883 2444 1099 2481 libertatem
1130 2450 1279 2494 petunt,
1313 2444 1493 2480 servitute
1525 2450 1617 2480 sunt

144 2506 319 2557 oppressi
338 2528 391 2533 —
411 2506 556 2543 amissis
575 2506 676 2542 enim
698 2518 856 2543 suorum
877 2505 1031 2556 optimis
1049 2505 1085 2542 in
1106 2512 1339 2556 potestatem
1360 2504 1615 2554 pessimorum

144 2568 284 2606 civium
312 2567 537 2606 ceciderunt
553 2589 618 2613 -‚
653 2567 746 2604 dum
777 2567 854 2604 suis
885 2568 1036 2618 legibus
1069 2567 1122 2603 uti
1154 2565 1326 2609 student,
1359 2565 1394 2601 in
1429 2565 1550 2602 multa
1579 2573 1619 2603 et

147 2629 285 2667 acerba
315 2629 505 2667 contraria
533 2628 692 2679 ‘legibus
727 2629 955 2666 inciderunt.
1013 2629 1144 2670 Quum
1184 2627 1374 2664 hactenus
1410 2627 1616 2665 nobiscum

147 2690 229 2729 aliis
257 2691 395 2729 inferre
420 2691 525 2728 bella
547 2691 831 2736 consueverint,
852 2704 955 2728 nunc
975 2692 1022 2728 ab
1045 2690 1128 2728 aliis
1149 2695 1436 2739 oppugnantur,
1456 2698 1493 2727 et
1515 2690 1617 2727 sedi-

148 2753 285 2799 tiones,
305 2766 402 2803 quas
423 2753 526 2804 prius
548 2753 649 2803 apud
671 2753 765 2790 alios
786 2766 870 2791 esse
891 2753 1114 2794 audiebant,
1139 2764 1240 2788 nunc
1263 2750 1366 2801 apud
1391 2752 1619 2802 semetipsos

148 2814 311 2864 singulis
330 2815 409 2852 fere
430 2815 565 2852 diebus
588 2815 725 2852 cooriri
745 2815 888 2852 vident.
947 2815 1012 2852 Sic
1040 2813 1205 2864 denique
1226 2812 1336 2850 malis
1358 2812 1491 2850 domiti
1513 2823 1619 2858 sunt,

149 2883 192 2914 ut
210 2889 283 2915 nec
303 2877 512 2929 dijudicare
541 2878 691 2930 possint
720 2878 879 2928 quinam
911 2877 987 2914 sint
1016 2876 1114 2913 inter
1143 2876 1247 2926 ipsos
1279 2875 1620 2913 calamitosissimi.

153 2939 275 2978 Nulla
291 2941 391 2978 enim
413 2942 506 2979 urbs
525 2954 602 2979 non
623 2941 765 2980 afflicta
786 2947 858 2987 est,
875 2940 980 2978 nulla
999 2939 1099 2978 cuia
1113 2939 1246 2977 vicinis
1265 2938 1435 2989 pericula
1455 2942 1529 2975 non
1551 2937 1619 2974 im-
