1870 3277
219 172 297 208 458
827 169 1060 208 LYCURGI

222 272 374 322 regione
395 271 531 316 evexit,
553 283 676 321 neque
704 270 998 321 appellationem
1031 271 1235 322 patriorum
1267 282 1462 308 sacrorum
1491 277 1664 307 metuens

220 334 436 384 quicquam,
453 331 558 381 quod
578 344 623 369 ex
645 332 768 382 patria
787 345 832 370 ea
851 345 1008 371 movens
1034 333 1137 382 fugae
1165 344 1246 369 suae
1277 331 1467 369 consortia
1487 344 1585 376 esse,
1607 344 1666 368 re·-

223 395 321 433 lictis
342 393 501 431 delubro
519 401 556 431 et
575 394 730 445 regione
759 394 832 432 hac
862 407 974 445 quarn
1005 395 1244 440 obtinebant,
1259 393 1456 444 compulit,
1478 394 1516 431 in
1536 400 1667 430 extero

223 463 263 493 et
282 455 403 493 alieno
431 454 513 493 solo
539 468 584 493 ea
611 455 824 500 collocans,
847 462 890 493 ut
908 463 1039 494 essent
1059 455 1259 507 peregrina
1277 455 1422 506 regioni
1452 461 1492 492 et
1517 454 1667 505 legibus

227 518 511 569 Megarensium
546 517 627 555 urbi
658 517 863 555 consuetis.
922 518 1054 557 Patres
1083 531 1174 556 sane
1191 517 1304 554 vestri
1331 518 1462 555 urbem
1483 516 1671 561 Athenas,

224 579 307 617 deae
327 591 411 629 quoe
428 578 619 628 regionem
641 578 738 616 hanc
758 578 934 623 obtinuit,
955 579 1118 617 Athenae
1135 578 1403 630 cognominem
1423 578 1609 621 fecerunt,
1628 583 1672 614 ut

224 647 448 678 venerantes
464 639 578 677 deam
591 638 689 677 idem
706 640 868 678 nominis
883 641 1118 678 obtinentem
1133 653 1219 678 cum
1236 639 1327 677 urbe
1344 639 1447 677 illam
1462 639 1583 690 ipsam
1597 651 1673 676 non

225 702 500 752 relinquerent:
534 701 734 740 Leocrates
755 715 844 739 vero
864 714 986 753 neque
1007 702 1093 751 lege
1112 702 1403 740 constitutorum
1424 699 1584 752 [neque]
1607 712 1674 750 pa-

228 763 384 801 triorum
406 763 545 801 rituum
564 775 688 813 neque
719 776 915 801 sacrorum
939 776 1069 802 curam
1098 776 1249 814 gerens,
1270 769 1453 815 quantum
1473 763 1509 799 in
1531 774 1573 799 se
1592 760 1676 805 fuit,

226 837 248 862 a
266 825 373 863 vobis
394 824 553 862 deorum
573 824 754 862 auxilium
773 825 907 864 eduxit
921 826 1135 875 avexitque.
1195 824 1330 874 Neque
1350 823 1444 863 satis
1465 824 1536 861 fuit
1554 823 1588 861 ei
1607 829 1676 867 tot,

227 886 358 931 tantis,
378 893 456 923 tam
473 885 585 923 variis
608 886 739 923 urbem
762 886 860 923 hanc
882 886 1026 937 injuriis
1040 885 1202 931 afficere,
1215 897 1345 922 verum
1363 885 1566 923 demorans
1588 883 1677 920 Me-

229 949 344 999 garis,
363 947 535 999 pecuniis
556 960 651 997 quas
669 960 692 985 a
712 947 817 985 vobis
837 947 1046 998 asportavit
1064 946 1198 992 fretus,
1215 959 1265 984 ex
1285 945 1502 984 continente
1522 958 1544 983 a
1563 945 1681 982 Cleo-

231 1016 341 1060 patra
360 1009 397 1045 in
420 1007 636 1046 Leucadem
658 1008 890 1046 frumentum
917 1008 1018 1046 vexit
1046 1008 1214 1058 indeque
1241 1007 1482 1046 Corinthum.
1551 1007 1681 1048 Quum

231 1078 360 1108 tamen
378 1070 484 1119 leges
502 1068 832 1120 vestrae,judices,
852 1076 1022 1107 extrema
1052 1068 1237 1121 supplicia
1266 1069 1481 1107 decernant
1505 1067 1555 1106 ad
1578 1068 1682 1117 ejus·

232 1131 333 1169 modi
362 1130 559 1175 delictum,
592 1131 623 1168 si
653 1130 737 1180 quis
758 1130 1051 1169 Atheniensium
1082 1130 1156 1168 alio
1182 1142 1295 1181 quam
1328 1129 1377 1167 ad
1398 1142 1465 1167 vos
1493 1129 1684 1166 frumenta

231 1191 477 1230 divendenda
497 1191 731 1230 transvehat.
790 1192 956 1230 Proinde
985 1205 1074 1230 eum
1105 1192 1170 1243 qui
1199 1199 1369 1243 tempore
1397 1190 1486 1228 belli
1515 1189 1685 1242 proditor

232 1254 317 1299 fuit,
337 1254 401 1304 qui
416 1254 651 1291 frumentum
672 1253 746 1292 alio
766 1254 1024 1305 praeterleges
1040 1260 1187 1292 vestras
1207 1253 1416 1299 transtulit,
1436 1252 1501 1304 qui
1522 1265 1598 1290 non
1615 1251 1686 1289 ha-

235 1317 318 1354 buit
338 1316 521 1354 rationem
544 1329 670 1367 neque
684 1329 878 1355 sacrorum
895 1329 1019 1367 neque
1039 1317 1172 1368 patriae
1186 1329 1312 1367 neque
1332 1315 1475 1367 legum,
1497 1315 1600 1352 hunc
1614 1313 1682 1351 ha·

237 1379 373 1416 bentes
389 1384 525 1416 vestrae
539 1378 743 1416 sententiae
759 1378 974 1429 subjectum
991 1390 1065 1416 non
1082 1377 1276 1423 occidetis,
1289 1390 1359 1415 nec
1370 1376 1587 1427 exemplum
1603 1373 1687 1412 aliis

238 1437 410 1477 facietis?
467 1438 649 1476 Omnium
668 1440 796 1489 itaque
814 1439 1010 1476 hominum
1028 1438 1263 1489 ignavissimi
1283 1438 1386 1476 eritis
1407 1445 1446 1476 et
1465 1437 1617 1475 minime
1635 1435 1685 1474 ob

236 1500 464 1552 gravissima
483 1501 630 1540 scelera
645 1502 867 1540 irascentes.

290 1563 328 1600 9.
360 1562 611 1601 Considerate
630 1575 718 1600 vero
750 1563 899 1612 [simul]
930 1563 1030 1606 hvnc,
1051 1563 1119 1598 viri
1147 1558 1444 1611 judiceS‚quam
1467 1561 1612 1612 justam
1639 1559 1689 1597 de

236 1623 296 1661 his
325 1623 503 1661 omnibus
533 1635 607 1673 ego
637 1622 940 1673 explorationem
968 1621 1138 1659 fecerim.
1198 1622 1285 1658 Non
1315 1623 1415 1660 enim
1444 1622 1603 1659 arbitror
1621 1633 1691 1658 vos

239 1684 378 1723 decere
399 1696 513 1734 super
540 1683 638 1721 adeo
658 1683 869 1734 grandibus
889 1682 1037 1721 delictis
1059 1682 1274 1720 divinantes
1293 1683 1359 1721 sed
1379 1683 1576 1721 veritatem
1598 1695 1693 1720 con-

239 1754 390 1784 tuentes
419 1745 648 1783 sententiam
672 1745 782 1792 serre,
803 1752 919 1796 atque
945 1745 1082 1783 adesse
1108 1751 1227 1783 testes
1250 1758 1327 1783 non
1358 1745 1422 1796 qui
1449 1746 1572 1783 daturi
1602 1751 1692 1784 sunt

240 1807 500 1845 testimonium
520 1807 590 1845 sed
606 1807 670 1858 qui
685 1806 887 1845 dederunt.
944 1807 1140 1845 Accersivi
1159 1806 1259 1845 enim
1274 1819 1354 1853 eos,
1373 1807 1543 1844 libellum
1563 1807 1612 1844 de
1628 1819 1692 1844 vo-

241 1869 376 1907 candis
397 1869 447 1907 ad
468 1869 717 1920 quaestionem
738 1882 851 1920 super
871 1869 928 1906 his
948 1869 1123 1906 omnibus
1145 1869 1411 1920 scribens‚par
1427 1882 1512 1907 esse
1530 1881 1691 1907 censens

245 1930 461 1968 examinare
481 1930 679 1969 tormentis
698 1930 812 1982 hujus
832 1942 977 1968 servos·
1036 1930 1175 1968 Recita
1192 1930 1283 1968 mihi
1304 1930 1408 1969 hunc
1427 1930 1611 1968 libellum.

428 2071 683 2110 LIBELLUS
716 2073 788 2109 DE
818 2072 1215 2111 PROVOCANDIS
1244 2073 1515 2111 TESTIBUS.

248 2158 399 2196 Auditis
421 2159 723 2210 igitur,judices,
745 2159 1071 2211 provocationem.
1129 2159 1244 2197 Hanc
1266 2172 1353 2199 vero
1373 2160 1575 2199 Leocrates
1590 2159 1695 2199 haud

246 2219 453 2270 recipiebat
474 2221 765 2272 testabaturque
786 2220 835 2259 de
857 2233 943 2258 sese
959 2219 1062 2270 quod
1083 2220 1215 2271 patriae
1235 2228 1338 2260 esset
1358 2221 1545 2272 proditor:
1575 2235 1694 2272 quum

249 2280 350 2318 enim
370 2281 538 2319 omnium
558 2282 798 2319 consciorum
819 2282 1154 2320 denunciationem
1174 2282 1285 2332 fugit,
1302 2284 1502 2322 confessus
1529 2291 1590 2321 est
1607 2297 1697 2322 vera
1734 2321 1736 2323 ,

250 2355 334 2380 esse
365 2355 528 2393 quorum
560 2355 680 2381 causa
712 2343 749 2380 in
776 2343 965 2395 judicium
993 2351 1053 2381 est
1073 2350 1242 2381 vocatus.
1299 2344 1394 2388 Quis
1410 2345 1509 2382 enim
1528 2352 1696 2383 vestrum

251 2404 415 2454 ignorat,
434 2404 603 2442 omnium
621 2404 1014 2455 multojustissimum
1034 2405 1319 2456 admodumque
1339 2406 1522 2457 populare
1541 2419 1627 2444 esse
1647 2406 1698 2445 de

252 2465 367 2503 rebus
388 2465 653 2511 controversis,
667 2465 823 2516 quando
839 2465 937 2503 servi
953 2471 992 2502 et
1007 2478 1126 2503 servae
1142 2465 1324 2504 sciverint
1337 2480 1424 2517 quae
1441 2467 1699 2517 inquiruntur,

252 2525 338 2562 illos
360 2525 462 2576 ipsos
482 2526 708 2577 redarguere
728 2539 774 2565 ac
795 2533 984 2577 torquere,
1007 2527 1261 2578 operibusque
1289 2529 1414 2579 potius
1441 2542 1554 2579 quam
1573 2529 1696 2567 verbis

255 2584 435 2623 adhibere
455 2586 584 2631 fidem,
605 2585 652 2625 de
672 2588 785 2626 rebus
806 2586 998 2638 praecipue
1015 2589 1282 2626 communibus
1302 2597 1341 2627 et
1359 2589 1489 2627 arduis
1510 2597 1548 2628 et
1566 2590 1697 2628 confe-

255 2647 425 2686 rentibus
444 2647 550 2686 urbi‘?
581 2648 663 2699 Ego
680 2648 811 2700 itaque
825 2655 975 2687 tantum
993 2648 1128 2686 absum
1150 2650 1197 2688 ab
1217 2663 1263 2688 eo
1281 2659 1324 2690 ut
1338 2651 1516 2701 injustam
1538 2664 1700 2691 accusa-

257 2708 401 2748 tionem
421 2710 603 2749 adversus
617 2710 847 2751 Leocratem
867 2710 1106 2757 instituerim,
1125 2719 1312 2761 quantum
1331 2712 1447 2750 malui
1467 2713 1614 2764 privata
1632 2726 1700 2765 pe·

258 2770 379 2809 ricula
398 2770 437 2808 in
458 2771 649 2812 Leocratis
675 2774 793 2813 servis
814 2779 853 2812 et
870 2772 1019 2812 ancillis
1036 2773 1234 2812 tormentis
1255 2774 1481 2813 examinatis
1501 2776 1703 2815 confirma-

260 2831 404 2871 tionem
429 2839 496 2871 aut
513 2835 771 2884 probationem
790 2848 888 2881 esse,
908 2834 972 2874 hic
990 2846 1097 2879 vero,
1117 2835 1206 2889 quia
1227 2836 1298 2876 sibi
1315 2836 1397 2887 ipse
1415 2835 1504 2877 mali
1521 2838 1702 2878 conscius

261 2892 345 2946 fuit,
363 2891 468 2933 haud
495 2897 732 2946 exspectavit
757 2897 827 2936 sed
851 2897 1014 2949 aufugit.
1073 2897 1126 2938 At
1144 2907 1245 2945 vero,
1259 2898 1426 2951 judices,
1441 2898 1562 2939 multo
1591 2899 1704 2939 citius
