1870 3277
520 145 593 182 DE
623 145 852 183 HAGNIAE
881 146 1248 184 HEREDITATE.
1525 143 1604 183 413

159 242 254 292 juris
293 255 315 279 a
347 242 497 293 legibus
533 245 731 283 constituti
769 245 963 296 petissem.
1019 246 1135 295 Atqui
1173 259 1245 296 ego
1284 247 1314 283 si
1349 246 1418 284 has
1449 246 1604 296 quidem

163 302 338 340 mulieres
368 304 583 354 [Eupolidis
611 306 723 343 filiam
751 313 791 343 et
818 306 981 356 Hagniae
1008 307 1184 354 matrem]
1208 306 1274 344 illo
1295 320 1370 358 quo
1390 307 1470 345 dixi
1490 307 1606 345 modo

161 362 360 413 injudicio
380 364 463 410 vici,
479 378 525 402 eo
544 365 647 416 quod
670 366 823 416 planum
842 366 923 409 feci,
942 366 1152 403 secundum
1173 366 1378 413 forensem,
1399 368 1436 404 in
1454 367 1607 418 judiciis

163 424 395 462 obtinentem
426 426 758 476 propinquitatem,
780 426 1101 464 necessitudinem
1128 427 1219 477 ipsis
1244 441 1327 465 cum
1351 429 1503 478 Hagnia
1522 428 1607 465 nul-

165 485 238 523 lam
268 485 516 531 intercedere,
542 494 582 524 et
606 487 669 524 hic
698 490 822 538 [meus
848 486 1102 537 adversarius]
1129 489 1159 525 si
1185 501 1300 525 ausus
1324 494 1405 524 tum
1431 502 1507 526 non
1536 489 1608 526 suit

164 559 232 597 pro
253 547 324 584 hoc
343 561 460 598 puero
479 549 675 586 semissem
696 548 915 586 hereditatis
942 558 1085 599 petere,
1106 558 1219 599 atque
1247 550 1377 587 Stratii
1404 550 1522 593 liberi,
1543 551 1608 600 qui

165 607 201 644 in
233 609 366 646 codem
391 616 480 646 sunt
505 622 591 646 cum
620 609 693 646 hoc
722 623 841 659 puero
868 610 989 660 gradu
1020 618 1056 647 et
1081 611 1178 661 juris
1206 618 1243 648 et
1270 611 1609 660 consanguinitatis

166 683 252 708 cum
276 671 439 720 Hagnia‚
458 671 487 708 si
507 671 554 708 ad
575 671 648 708 hoc
668 671 741 708 diei
763 671 844 708 ausi
867 685 939 708 non
962 679 1051 709 sunt
1071 686 1219 710 mecum
1240 673 1311 710 hac
1331 673 1378 710 de
1399 672 1611 710 hereditate

166 734 411 776 contendere,
433 741 581 782 egoque
609 733 689 782 ipse
717 733 816 770 hanc
848 733 1095 770 hereditatem
1130 734 1160 770 si
1194 742 1305 771 teneo
1340 747 1361 770 a
1385 733 1491 770 vohis
1522 733 1612 770 mihi

167 794 332 843 legitime
369 794 642 843 adjudicatam,
674 802 713 831 et
739 794 840 831 hunc
873 795 903 831 si
933 807 1099 844 coarguo
1136 795 1367 845 planumque
1405 795 1503 832 facio
1536 807 1612 831 non

167 854 335 904 pctuisse
355 854 403 891 ad
423 854 494 892 hoc
514 854 588 892 diei
609 855 908 893 demonstratum
931 856 1020 893 dare
1041 869 1158 906 puero
1178 869 1263 893 cum
1289 856 1441 906 Hagnia
1467 865 1612 905 cogna-

167 916 309 953 tionem
325 928 424 961 esse,
442 917 578 966 ecquid
599 916 723 954 adhuc
744 929 809 954 vos
830 924 981 967 oportet
999 916 1174 955 discere?
1203 917 1341 966 ecquid
1363 917 1489 954 adhuc
1509 917 1611 954 aliud

167 977 239 1015 hac
259 977 306 1014 de
326 990 365 1014 re
390 978 527 1027 cupitis
554 977 711 1014 audire?
769 978 867 1015 Nam
897 991 970 1029 ego
997 979 1176 1028 equidem
1201 978 1299 1015 viros
1326 977 1517 1028 sapientes
1544 988 1611 1016 vos

167 1038 306 1082 habeo,
326 1038 463 1088 quibus
479 1046 504 1075 'a
523 1051 581 1075 me
602 1039 797 1088 disputata
815 1039 906 1077 satis
929 1047 966 1077 et
985 1052 1098 1088 super
1117 1050 1199 1076 esse
1221 1039 1378 1089 possint.

223 1101 260 1136 5.
291 1099 365 1137 Hic
392 1106 518 1137 autem
547 1099 801 1149 [adversarius
826 1099 952 1148 meus]
981 1100 1155 1137 facillime
1177 1099 1359 1149 quicquid
1388 1099 1422 1136 in
1451 1100 1612 1137 buccam

169 1161 313 1198 venerit
339 1161 447 1198 nulla
471 1171 548 1198 non
577 1161 624 1198 de
651 1174 767 1198 causa
794 1163 994 1207 mentiens,
1014 1161 1235 1212 nullumque
1263 1162 1333 1198 sibi
1359 1161 1547 1213 damnum
1568 1174 1614 1198 ex

169 1222 410 1273 improbitate
438 1235 509 1259 sua
540 1235 697 1272 sperans
725 1223 962 1268 exstiturum,
983 1230 1062 1260 tum
1094 1223 1166 1260 alia
1195 1224 1230 1260 in
1257 1236 1315 1259 me
1345 1224 1482 1274 probra
1502 1230 1615 1274 atque

169 1284 325 1322 crimina
361 1283 567 1334 conjectat,
603 1284 651 1320 de
684 1285 819 1334 quibus
857 1285 1067 1321 fortassean
1105 1285 1348 1334 postmodum
1384 1285 1615 1322 mentionem

170 1340 320 1390 faciam,
340 1352 418 1382 turn
446 1345 518 1383 hoc
537 1357 690 1395 quoque
711 1345 846 1395 jactat,
867 1346 1094 1383 Stratoclem
1118 1352 1156 1382 et
1179 1359 1238 1382 me
1257 1345 1407 1383 collatis
1431 1346 1526 1383 inter
1547 1354 1618 1384 nos

168 1406 417 1444 clandestinis
437 1405 782 1443 consultationibus
802 1406 849 1443 de
869 1406 1081 1443 dividunda
1100 1407 1197 1444 inter
1215 1420 1281 1443 nos
1296 1407 1519 1451 hereditate,
1537 1415 1619 1445 uter

170 1474 340 1505 nostrum
368 1467 519 1505 tandem
545 1479 699 1505 causam
722 1467 889 1504 victurus
915 1474 1028 1512 esset,
1051 1467 1235 1518 depectos
1255 1468 1387 1512 fuisse,
1408 1480 1493 1504 cum
1516 1469 1551 1504 in
1571 1481 1618 1506 eo

170 1536 340 1567 essemus
361 1535 403 1566 ut
423 1529 594 1566 actiones
614 1529 682 1566 has
701 1529 749 1565 de
766 1528 978 1566 hereditate
999 1530 1232 1567 sortiremur.
1291 1530 1413 1580 Atqui
1434 1530 1463 1567 si
1482 1531 1619 1581 quibus

170 1590 252 1628 aliis
272 1589 376 1627 licuit
394 1589 466 1627 hac
486 1590 534 1626 de
555 1589 764 1627 hereditate
784 1598 978 1627 certamen
996 1591 1093 1628 inter
1109 1604 1150 1628 se
1165 1592 1486 1641 compromittere,
1508 1593 1617 1630 nobis

171 1643 261 1688 solis
280 1650 315 1688 id
339 1658 415 1687 non
436 1650 555 1687 licuit.
612 1651 711 1688 Nam
735 1650 939 1688 Eubulidis
960 1651 1115 1701 quidem
1136 1652 1212 1690 filia
1234 1660 1272 1689 et
1292 1653 1457 1703 Hagniae
1483 1661 1616 1700 mater,

170 1712 273 1762 quod
294 1712 392 1748 inter
409 1724 449 1748 se
470 1723 544 1748 non
564 1723 611 1748 ex
631 1711 765 1749 eodem
781 1712 876 1762 juris
898 1713 1006 1750 titulo
1026 1720 1228 1758 certarent,
1249 1721 1422 1764 poterant
1439 1714 1515 1751 illae
1533 1715 1616 1765 qui·

168 1773 256 1810 dem
284 1784 414 1810 secum
442 1772 620 1810 decidere
649 1781 764 1823 atque
789 1773 1006 1810 clanculum
1036 1773 1242 1825 depecisci,
1264 1783 1347 1813 utra
1372 1777 1552 1821 vinceret,
1572 1785 1616 1814 ut

170 1834 327 1872 alteram
353 1834 492 1871 victam
523 1835 560 1871 in
594 1834 805 1885 portionem
834 1834 1059 1873 hereditatis
1085 1837 1212 1874 venire
1244 1838 1407 1876 sineret:
1438 1838 1617 1877 cadiscus

171 1896 267 1934 enirn
311 1896 394 1945 [seu
433 1895 592 1945 urnula]
632 1905 761 1934 earum
799 1897 1004 1947 unicuique
1033 1906 1103 1935 sua
1132 1899 1285 1936 seorsim
1317 1901 1496 1950 ponenda
1524 1911 1618 1939 erat.

173 1957 316 1994 Nostra
335 1962 461 1993 autern
481 1966 555 1993 non
575 1957 707 1994 eadem
726 1964 806 1994 erat
822 1957 990 1995 conditio
1007 1973 1016 2002 3
1042 1960 1373 1998 contendebamus
1388 1962 1487 1999 enim
1503 1962 1618 2000 ambo

172 2031 241 2055 nos
262 2030 307 2054 ex
326 2017 460 2054 eodem
481 2016 591 2054 titulo
610 2018 862 2068 cognationis,
884 2031 1012 2056 verum
1033 2021 1296 2071 unusquisque
1315 2031 1486 2059 nostrum
1513 2030 1618 2061 seor-

172 2082 242 2118 sim
262 2091 330 2130 pro
350 2091 392 2116 se
411 2079 592 2129 singulari
612 2080 761 2117 actione
782 2080 978 2117 semissem
998 2080 1218 2119 hereditatis
1240 2084 1404 2132 petebat.
1452 2083 1623 2122 Petenti-

171 2142 240 2179 bus
259 2148 388 2181 autem
407 2140 506 2178 idem
532 2148 572 2178 et
593 2152 640 2178 ex
665 2141 800 2178 eodem
823 2141 935 2179 titulo
962 2154 1037 2179 una
1063 2142 1304 2181 solummodo
1332 2145 1485 2194 ponitur
1512 2154 1618 2191 urna,

172 2211 211 2241 et
229 2210 308 2240 tum
330 2212 405 2239 non
426 2209 553 2252 potest
574 2202 669 2239 alter
684 2203 852 2252 vincere,
871 2202 966 2240 alter
986 2203 1097 2249 vinci,
1116 2204 1183 2241 sed
1211 2205 1396 2242 ambobus
1422 2205 1522 2244 idem
1550 2207 1619 2244 im-

172 2264 288 2301 minet
315 2260 539 2314 periculum.
598 2263 842 2314 Quapropter
871 2273 1052 2314 negatum
1082 2266 1190 2303 nobis
1218 2275 1300 2303 erat
1328 2267 1427 2304 inter
1454 2278 1522 2305 nos
1552 2269 1619 2306 de-

173 2327 310 2377 pecisci
331 2333 398 2363 aut
418 2325 724 2364 communionem
744 2327 1035 2377 partitionemve
1054 2328 1150 2366 inter
1167 2341 1236 2367 nos
1253 2331 1485 2368 constituere
1504 2331 1619 2383 hujus

173 2388 410 2427 hereditatis.
465 2382 607 2424 Verum
637 2388 726 2437 quia
755 2388 964 2426 Stratocles
991 2389 1069 2427 vita
1092 2389 1195 2441 prius
1223 2391 1388 2428 decessit
1411 2405 1523 2441 quam
1550 2405 1618 2431 no-

174 2457 294 2489 strum
320 2448 581 2498 unusquisque
607 2461 716 2486 suam
743 2450 900 2487 seorsim
928 2450 1114 2489 actionem
1143 2451 1189 2488 de
1215 2452 1370 2489 semisse
1395 2452 1619 2492 hereditatis

174 2511 385 2555 sortiretur,
407 2520 530 2558 eoque
559 2517 670 2559 pacto
696 2510 923 2560 interempta
950 2510 1130 2548 Stratocli
1160 2517 1239 2548 erat
1268 2511 1351 2562 ejus
1382 2513 1619 2564 participatio

175 2571 332 2623 parique
359 2569 474 2607 modo
500 2568 577 2606 filio
604 2570 664 2607 isti
690 2581 756 2622 per
782 2571 919 2622 legem,
942 2570 1008 2608 sed
1034 2570 1225 2608 hereditas
1254 2584 1301 2609 ex
1328 2585 1411 2610 asse
1436 2585 1482 2610 ex
1508 2574 1619 2613 titulo

173 2631 468 2685 propinquitatis
489 2630 537 2667 ad
558 2642 674 2668 unum
691 2644 763 2678 me,
781 2632 810 2669 si
827 2632 999 2669 vicissem
1024 2643 1279 2681 possessores,
1296 2633 1505 2671 deventura
1522 2644 1615 2681 erat,

175 2698 257 2732 tum
276 2692 428 2729 demum
449 2691 706 2741 [adversarius
725 2693 849 2741 meus]
870 2693 943 2729 ista
963 2692 1030 2729 sibi
1051 2692 1347 2730 comminiscitur
1366 2700 1404 2730 et
1422 2695 1617 2735 machina·

177 2762 250 2798 tur,
268 2764 426 2803 sperans
445 2752 556 2790 facile
577 2753 647 2790 sibi
666 2751 837 2791 futurum
854 2759 897 2790 ut
913 2752 1098 2803 ejusmodi
1114 2753 1337 2791 commentis
1354 2764 1420 2791 vos
1437 2755 1616 2808 decipiat.

178 2814 282 2853 Nihil
312 2819 436 2851 autem
469 2812 603 2850 horum
630 2814 709 2851 fieri
738 2814 923 2865 potuisse,
956 2813 1023 2851 sed
1059 2815 1356 2865 unumquodque
1387 2826 1617 2856 momentum

174 2884 376 2915 ‘causarum
399 2872 447 2912 ad
467 2871 699 2914 hereditates
717 2874 996 2926 pertinentium,
1009 2886 1031 2912 a
1051 2874 1201 2924 legibus
1217 2875 1394 2916 distincte
1415 2879 1616 2916 subtiliter-
