1870 3277
596 185 814 225 CONTRA
843 183 1189 223 LEOCRATEM.
1533 183 1609 221 469

179 296 305 327 tamen
322 289 424 327 vobis
439 295 530 327 natu
547 288 752 326 minoribus
773 286 948 325 omnibus
968 285 1098 322 audire
1111 307 1162 312 -
1174 298 1221 322 ex
1237 284 1350 322 AEtn'a
1368 285 1494 322 fluxus
1515 284 1612 335 ignis

179 350 281 387 fieri:
310 350 412 387 hunc
442 357 566 387 autem
597 349 716 386 fluere
746 348 851 385 aiunt
878 346 924 383 ad
957 345 1068 383 aliam
1102 352 1252 389 terram,
1272 353 1387 395 atque
1407 345 1454 382 ad
1483 346 1611 383 urbem

180 410 371 461 quandam
392 424 438 448 ex
466 411 507 448 iis
528 421 612 461 quae
642 409 749 447 isthic
774 407 1006 445 habitantur.
1065 405 1172 442 Alios
1193 404 1307 454 igitur
1325 404 1495 442 celeriter
1522 406 1611 443 arri-

182 471 310 522 puisse
337 471 479 522 fugam,
494 478 538 508 ut
564 471 616 508 ita
635 471 796 511 salutem
818 480 923 506 suam
944 472 1178 517 quaererent:
1208 479 1327 502 unum
1349 473 1474 502 autern
1495 480 1609 517 quen—

180 533 266 570 dam
283 546 327 570 ex
343 532 568 583 junioribus,
587 544 702 582 quum
721 536 895 568 cerneret
910 535 1053 578 patrem
1069 527 1183 564 suum'
1200 526 1445 576 grandaevum
1462 527 1557 564 adeo
1571 534 1613 564 ut

181 606 258 630 non
279 601 408 644 posset
437 592 633 630 discedere
652 590 887 642 jamjamque
918 588 1198 640 corripiendum
1223 587 1389 628 flamma,
1417 586 1611 626 tollentem

181 653 346 691 humeris
379 650 607 704 asportasse.
663 652 790 688 Onere
819 658 963 694 autem,
982 657 1025 686 ut
1049 650 1196 699 opinor,
1216 648 1503 698 ingravescente
1528 662 1614 684 cum

179 722 286 765 patre
306 715 417 752 isthic
433 715 528 751 filius
544 726 651 764 paene
667 719 861 763 correptus
878 718 948 748 est.
981 710 1178 761 Undejam
1196 709 1305 746 etiam
1325 721 1390 759 par
1406 715 1463 745 est
1482 709 1614 745 intueri

179 776 306 813 animo
324 788 476 820 numen,
497 774 600 825 quod
619 773 706 810 viris
726 773 834 810 bonis
853 771 1094 809 clementiam
1114 783 1222 807 suam
1242 769 1417 820 impertit.
1478 769 1617 806 Ferunt

179 836 277 873 enim
294 836 435 873 circum
455 835 624 886 undique
650 835 778 872 locum
798 834 909 871 istum
926 832 1052 882 ignem
1068 830 1370 868 circumfluxisse
1391 836 1504 880 atque
1524 843 1614 868 con-

179 904 349 935 servatos
366 909 447 934 esse
460 897 530 934 hos
550 896 668 941 solos,
685 895 858 945 aquibus
874 894 982 931 locus
1003 893 1073 930 iste
1089 891 1278 941 hodieque
1298 890 1510 941 appellatur
1529 890 1615 928 Pio-

177 970 258 993 rum
287 957 419 995 locus:
448 957 614 1007 reliquos
641 963 779 1000 autem,
814 955 877 1005 qui
907 954 1066 992 celerem
1097 953 1310 990 discessum
1340 952 1511 989 fecerant
1539 952 1615 989 suis

179 1019 397 1069 parentibus
417 1018 529 1056 isthic
549 1017 687 1055 relictis
708 1017 898 1060 omnibus,
924 1014 1089 1066 periisse.
1145 1012 1310 1050 Proinde
1339 1019 1377 1049 et
1396 1025 1462 1049 vos
1482 1012 1579 1050 hanc
1596 1026 1618 1050 a

181 1080 252 1117 diis
284 1079 508 1117 sententiam
535 1079 720 1116 habentes
741 1084 892 1128 oportet
923 1075 1090 1112 unanimi
1115 1073 1305 1112 sententia
1329 1073 1445 1110 istum
1473 1073 1618 1123 punire,

180 1141 356 1178 omnibus
374 1140 546 1178 maximis
570 1139 775 1178 sceleribus
794 1145 978 1188 quantum
999 1137 1036 1173 in
1055 1137 1138 1186 ipso
1158 1142 1217 1172 est
1244 1134 1462 1171 obnoxium.
1520 1134 1618 1171 Nam

180 1202 271 1240 deos
291 1202 422 1253 patriis
438 1201 643 1239 honoribus
665 1199 740 1237 suis
760 1199 932 1249 privavit,
953 1204 1131 1248 parentes
1151 1208 1239 1233 vero
1265 1195 1436 1232 hostibus
1456 1194 1619 1245 reliquit,

181 1263 255 1301 vita
270 1263 471 1301 defunctos
486 1263 593 1317 justa
611 1273 682 1299 sua
700 1273 776 1298 non
797 1259 966 1311 permisit
981 1257 1148 1308 assequi.

235 1327 302 1362 24.
333 1324 393 1362 Ad
410 1325 494 1362 haec
514 1321 958 1373 considerate‚judices;
988 1319 1091 1357 haud
1113 1318 1213 1356 enim
1240 1332 1262 1356 a
1289 1317 1495 1369 majoribus
1526 1317 1623 1355 desi-

182 1393 304 1424 stam:
334 1386 383 1423 ob
403 1398 489 1435 quae
522 1385 621 1422 enim
650 1383 702 1422 illi
735 1382 990 1421 memorabilia
1019 1380 1123 1417 facta
1152 1379 1423 1430 gloriabantur,
1452 1378 1535 1416 haec
1555 1390 1622 1415 vos

181 1447 380 1485 audientes
410 1458 486 1483 non
511 1445 698 1483 immerito
724 1444 893 1493 recipere
914 1441 1074 1480 debetis.
1133 1441 1251 1478 Aiunt
1275 1440 1374 1478 enim
1396 1439 1623 1489 Eumolpum

182 1507 354 1558 Neptuni
375 1513 413 1544 et
433 1506 599 1544 Chiones
615 1505 734 1543 filium
749 1517 835 1542 cum
848 1502 1127 1540 Thracensibus
1143 1500 1294 1538 venisse
1315 1501 1363 1538 de
1382 1500 1535 1549 regione
1551 1499 1624 1537 hac

182 1568 500 1610 contendentem;
530 1566 646 1603 fuisse
665 1573 791 1603 autem
809 1565 880 1602 illis
899 1563 1130 1613 temporibus
1149 1574 1278 1611 regem
1294 1561 1521 1607 Erechthea,
1534 1574 1625 1598 con-

180 1631 388 1680 jugemque
420 1626 601 1664 habuisse
636 1625 873 1663 Plaxitheam
909 1622 1067 1673 Cephisi
1104 1621 1235 1659 filiam.
1312 1622 1463 1672 Ingenti
1498 1628 1624 1660 autem

184 1690 354 1729 exercitu
380 1688 623 1739 irruptionem
646 1687 794 1724 facturo
820 1685 858 1723 in
882 1685 1092 1735 regionem,
1113 1682 1287 1733 Delphos
1317 1682 1511 1733 profectus
1537 1682 1627 1720 Ere-

182 1751 346 1789 chtheus
367 1749 632 1787 sciscitabatur
651 1748 781 1791 deum,
802 1746 893 1796 quid
914 1746 983 1783 sibi
999 1757 1094 1795 opus
1115 1743 1163 1781 sit
1182 1744 1286 1782 facto
1302 1750 1343 1780 ut
1364 1743 1557 1781 victoriam
1578 1745 1625 1781 ab

182 1811 356 1849 hostibus
385 1816 566 1860 reportet.
624 1808 896 1859 Respondente
925 1812 1052 1844 autem
1080 1805 1151 1855 ipsi
1176 1804 1263 1849 deo,
1283 1804 1314 1841 si
1342 1804 1456 1841 filiam
1484 1804 1626 1842 sacrifi·

183 1878 288 1911 caret
309 1871 530 1921 priusquam
550 1882 635 1907 cum
657 1869 823 1906 exercitu
853 1868 978 1905 hostili
1005 1866 1302 1911 conflictaretur,
1320 1865 1514 1903 victoriam
1540 1879 1626 1903 eum

186 1933 234 1971 de
266 1932 441 1970 hostibus
475 1932 732 1975 obtenturum,
765 1931 837 1968 deo
870 1943 1012 1967 morem
1056 1941 1191 1979 gerens
1224 1929 1448 1979 imperatum
1481 1929 1628 1979 peregit

185 2008 328 2045 eosque
345 1994 409 2044 qui
426 1994 566 2031 bellum
584 1993 796 2031 inferebant
818 2005 863 2030 ex
887 1992 960 2030 hac
988 1999 1087 2029 terra
1106 1990 1229 2041 ejecit.
1286 1991 1494 2041 Propterea
1513 1991 1625 2028 etiam

178 2057 264 2108 jure
283 2055 468 2106 quispiam
485 2054 702 2105 Euripidem
719 2061 870 2105 poetam
887 2051 1110 2096 laudaverit,
1126 2051 1226 2101 quod
1244 2051 1330 2089 etin
1350 2052 1498 2089 caeteris
1514 2059 1627 2102 poeta

185 2119 391 2171 praeclarus
417 2125 453 2156 et
470 2117 568 2155 hanc
595 2117 765 2154 fabulam
791 2116 951 2166 elegerit
980 2116 1123 2164 facere,
1154 2114 1449 2166 pulcherrimum
1481 2113 1626 2150 civibus

184 2179 398 2230 exemplum
426 2191 508 2216 esse
537 2183 640 2215 ratus
671 2177 857 2228 majorum
888 2190 948 2214 res
969 2183 1113 2226 gestas,
1131 2177 1180 2214 ad
1211 2188 1304 2225 quas
1329 2173 1572 2225 respicientes
1591 2180 1629 2211 et

185 2249 408 2281 contuentes
439 2239 696 2278 assuefaciant
734 2239 879 2277 animas
912 2251 1001 2276 suas
1031 2245 1074 2275 ut
1104 2238 1264 2289 patriam
1296 2249 1422 2274 amore
1459 2234 1626 2284 comple-

185 2308 350 2341 ctantur.
389 2301 464 2338 Par
484 2307 543 2338 est
563 2306 703 2344 autem,
721 2299 887 2349 judices,
903 2299 1049 2338 iambos
1069 2299 1213 2345 audire,
1227 2310 1322 2349 quos
1341 2297 1450 2348 fingit
1471 2302 1626 2332 matrem

186 2363 311 2401 dicere
338 2362 386 2400 de
404 2361 506 2399 filia:
537 2360 712 2399 videbitis
738 2361 838 2398 enim
857 2361 894 2398 in
913 2360 1005 2411 ipsis
1028 2360 1380 2413 magnanimitatem
1399 2365 1437 2396 et
1454 2355 1625 2408 ingenui-

186 2431 301 2463 tatem
321 2423 477 2474 dignam
497 2428 535 2460 et
555 2422 646 2460 urbe
667 2429 707 2459 et
722 2421 799 2460 filia
820 2421 989 2474 Cephisi.

399 2549 587 2580 Beneficium
604 2548 777 2590 quicunque
793 2559 936 2590 generose
952 2552 1088 2590 praestat,

399 2601 436 2631 Id
448 2600 618 2641 jucundius
629 2605 676 2630 est
689 2600 766 2630 inter
781 2600 937 2630 mortales:
962 2598 1014 2639 qui
1030 2608 1101 2628 vero
1118 2602 1272 2638 praestant,

397 2653 459 2682 Sed
475 2651 560 2681 tarde
575 2655 726 2691 praestant,
743 2649 920 2691 [praestant]
939 2649 1034 2679 minus
1051 2658 1206 2688 generose.

399 2702 465 2742 Ego
482 2706 583 2732 autem
599 2701 681 2731 dabo
698 2711 796 2731 meam
813 2701 905 2730 filiam
922 2699 1150 2729 immolandam.

396 2751 500 2782 Multa
514 2757 614 2782 autem
630 2752 660 2781 in
675 2752 775 2782 animo
789 2750 908 2781 recolo:
934 2750 1072 2790 primum,
1090 2747 1245 2779 civitatem

398 2802 472 2833 Non
489 2813 576 2844 posse
592 2803 681 2834 aliam
699 2803 756 2832 hac
773 2799 1014 2842 praestantiorem
1031 2799 1156 2834 habere,

400 2855 459 2888 cui
474 2856 603 2896 primum
619 2866 681 2886 non
695 2864 770 2896 gens
787 2853 911 2884 aliunde
924 2857 1045 2887 coacta.

401 2909 461 2939 Sed
478 2908 630 2948 indigenas
646 2918 768 2938 sumus:
791 2911 907 2936 caeterae
924 2909 1025 2935 autem
1042 2902 1195 2936 civitaten.
