1870 3277
647 181 871 218 CONTRA
906 180 1199 217 LOCHITEM.
1565 179 1640 213 ‘273

195 277 362 315 omnium
385 279 552 317 officium
572 288 632 318 est
653 295 718 319 eos
739 282 827 320 odio
848 282 1028 332 prosequi
1042 289 1080 319 et
1094 294 1162 333 pro
1185 280 1449 318 communibus
1467 279 1641 318 hostibus

197 337 349 376 habere.

250 399 309 436 12.
340 399 441 438 Illud
464 402 578 440 etiam
607 403 788 454 cogitate,
808 401 1041 453 pauperibus
1070 400 1163 438 nihil
1194 412 1278 438 esse
1310 400 1559 437 metuendum
1587 412 1637 437 ne

192 459 328 498 fraude
343 462 590 502 circumventi
603 477 695 515 opes
715 463 902 508 amittant,
919 475 1117 513 corporum
1137 468 1266 499 autem
1287 461 1440 512 injurias
1462 462 1637 499 omnibus

191 532 278 558 esse
306 535 546 563 communes:
575 525 702 576 itaque
727 537 845 575 quum
878 524 1117 562 fraudatores
1145 523 1300 574 punitis,
1328 522 1506 559 divitibus
1539 522 1636 560 dun-

191 588 298 621 taxat
322 586 537 629 consulifis,
557 599 673 636 quum
694 599 782 623 vero
801 593 1001 636 protervos
1021 586 1114 623 istos
1135 585 1334 628 coercetis,
1355 583 1636 633 vobismetipsis

191 656 302 694 opem
323 646 442 684 fertis.
499 649 627 689 Quare
647 660 714 685 vos
730 647 971 699 haecjudicia
992 647 1145 685 maximi
1161 647 1284 684 facere
1301 646 1425 691 decet,
1441 646 1537 683 acin
1553 645 1635 682 aliis

190 708 448 746 contractibus
477 709 573 746 tanti
603 709 708 746 litem
739 709 928 747 aestimare
953 715 1137 759 quantum
1168 715 1429 745 accusatorem
1451 707 1637 756 consequi

187 779 339 816 aequum
360 775 433 812 est,
455 769 522 806 sed
550 769 598 806 de
624 769 760 820 injuria
779 771 976 807 verberum
999 782 1045 806 ea
1064 768 1205 806 mulcta
1230 768 1434 818 irroganda
1461 774 1532 811 est,
1559 780 1636 817 qua

185 827 312 865 soluta
327 841 431 867 reum
450 829 671 880 petulantiae
693 844 773 868 suae
793 836 977 882 perpetuo
1000 829 1190 880 poeniteat.
1248 827 1364 871 Quod
1384 828 1414 864 si
1433 827 1635 865 facultates

184 891 431 941 proscribetis
451 904 584 929 eorum
611 892 676 942 qui
695 893 793 931 vires
820 905 909 930 suas
936 892 1083 929 civibus
1099 889 1343 927 verberandis
1364 895 1572 933 ostentant,
1596 895 1634 925 et

186 950 334 989 nullum
355 951 459 990 aliud
480 953 572 991 satis
594 967 708 1004 grave
734 953 964 1005 supplicium
993 965 1078 990 esse
1102 951 1283 1003 putabitis
1303 950 1362 995 iis,
1385 950 1449 999 qui
1474 962 1634 999 corpora

183 1011 373 1051 violantes
393 1015 565 1064 pecuniis
586 1015 759 1053 mulctati
790 1015 943 1060 fuerint,
963 1015 1152 1052 bonorum
1173 1011 1347 1063 judicum
1367 1010 1491 1048 officio
1510 1009 1632 1047 functi

185 1075 309 1114 eritis:
341 1089 429 1114 nam
447 1084 486 1115 et
504 1077 551 1116 de
569 1078 642 1116 hoc
658 1078 742 1129 ipso
762 1078 918 1128 negotio
933 1084 1036 1114 recte
1057 1074 1245 1119 statuetis,
1258 1082 1297 1112 et
1316 1073 1418 1112 cives
1438 1073 1534 1110 alios
1551 1085 1631 1110 mo-

182 1135 368 1175 destiores
388 1138 569 1184 efficietis,
590 1146 628 1177 et
645 1145 812 1177 vestram
831 1138 904 1189 ipsi
926 1150 1076 1188 quoque
1090 1136 1206 1174 vitam
1221 1136 1257 1173 in
1274 1142 1358 1172 tuto
1376 1133 1630 1172 collocabitis.

181 1197 305 1236 Decet
324 1207 451 1238 autem
471 1201 679 1252 prudentes
693 1200 858 1252 judices,
877 1200 913 1237 in
931 1199 1062 1237 alienis
1083 1199 1210 1236 causis
1230 1195 1495 1248 disceptandis
1516 1196 1632 1247 aequi-

179 1267 256 1298 tate
275 1262 526 1308 observanda,
546 1264 623 1301 suis
645 1263 792 1300 interim
812 1275 968 1313 quoque
988 1263 1099 1299 rebus
1117 1260 1351 1311 prospicere.

237 1323 297 1359 13.
326 1324 384 1360 Ac
404 1337 515 1361 nemo
535 1332 717 1369 vestrum,
737 1337 782 1362 eo
802 1324 906 1373 quod
936 1335 1081 1373 pauper
1114 1335 1197 1359 sum
1230 1331 1268 1358 et
1296 1321 1411 1358 homo
1441 1320 1628 1370 plebeius,

176 1391 380 1435 propterea
393 1386 598 1436 quicquam
613 1386 661 1424 de
680 1386 755 1423 litis
773 1385 1027 1423 aestimatione
1047 1383 1326 1421 detrahendum
1341 1388 1512 1420 censeat.
1543 1382 1626 1419 Nec

175 1446 278 1484 enim
296 1460 448 1497 aequum
468 1454 526 1485 est
544 1448 689 1485 minora
708 1446 895 1498 supplicia
914 1445 1094 1483 constitui
1117 1445 1165 1481 de
1184 1444 1327 1495 injuriis
1348 1443 1546 1481 hominum
1561 1443 1627 1480 ob-

175 1520 370 1546 scurorum
391 1521 505 1559 quam
526 1509 821 1553 nominatorum,
842 1520 967 1558 neque
987 1506 1195 1544 deteriores
1209 1504 1412 1556 judicandi
1432 1511 1522 1541 sunt
1536 1517 1626 1554 pau-

175 1582 287 1620 peres
307 1583 421 1622 quam
443 1571 580 1621 opibus
600 1571 813 1608 affluentes.
870 1569 970 1606 Nam
992 1581 1058 1606 vos
1078 1568 1183 1618 ipsos
1201 1565 1410 1616 ignominia
1428 1565 1623 1610 notabitis,

177 1632 208 1670 si
228 1632 278 1670 de
297 1632 442 1670 civibus
462 1633 516 1670 ita
536 1632 726 1670 statuetis.
787 1631 967 1668 Omnium
988 1635 1175 1681 praeterea
1195 1628 1474 1678 iniquissimum
1494 1628 1622 1672 fuerit,

172 1693 211 1731 in
227 1694 402 1745 populari
420 1694 614 1744 republica
632 1707 708 1732 non
728 1707 858 1731 ornnes
878 1693 1012 1730 eadem
1032 1691 1231 1741 consequi,
1244 1698 1283 1727 et
1303 1689 1352 1727 ad
1374 1689 1621 1739 magistratus

171 1755 325 1807 quidem
345 1763 476 1807 patere
497 1757 606 1794 nobis
626 1756 770 1794 aditum
795 1754 1007 1805 velle,jure
1032 1761 1159 1790 autem
1192 1752 1399 1802 legumque
1430 1750 1619 1802 praesidiis

171 1830 244 1855 nos
264 1817 364 1855 ultro
385 1817 487 1868 ipsos
505 1818 680 1870 spoliare,
701 1825 814 1868 atque
837 1817 872 1853 in
895 1815 1033 1867 praeliis
1065 1828 1173 1865 aeque
1203 1827 1334 1852 omnes
1363 1813 1412 1851 ad
1431 1814 1619 1852 tuendum

172 1880 336 1918 civitatis
357 1887 497 1919 statum
518 1880 613 1918 velle
633 1888 828 1931 oppetere,
843 1880 879 1916 in
900 1879 1057 1916 ferenda
1071 1886 1197 1916 autem
1218 1877 1407 1915 sententia
1422 1877 1619 1915 ditioribus

170 1943 256 1993 plus
287 1942 465 1980 tribuere.
523 1942 661 1992 Neque
681 1955 784 1987 vero,
805 1941 836 1979 si
865 1940 1017 1991 quidem
1050 1940 1195 1991 sapitis,
1216 1940 1270 1978 sic
1300 1953 1392 1989 erga
1419 1952 1486 1976 vos
1513 1939 1617 1990 ipsos

169 2004 296 2043 affecti
315 2004 434 2051 eritis,
450 2016 576 2054 neque
587 2003 773 2042 docebitis
789 2002 1055 2041 adolescentes
1071 2008 1316 2039 contemnere
1333 2000 1616 2038 multitudinem

169 2066 321 2112 civium,
339 2077 464 2116 neque
484 2065 580 2103 tales
601 2077 739 2102 causas
761 2077 784 2102 a
802 2064 910 2102 vobis
931 2063 1077 2101 alienas
1099 2075 1185 2100 esse
1211 2061 1447 2112 judicabitis,
1468 2061 1536 2099 sed
1562 2062 1617 2099 sic

168 2127 431 2179 unusquisque
450 2126 726 2178 pronuntiabit,
745 2127 853 2177 quasi
875 2138 945 2163 sua
964 2139 1023 2163 res
1041 2134 1234 2176 ageretur.
1294 2124 1392 2161 Nam
1406 2136 1517 2173 aeque
1534 2136 1614 2161 orn-

167 2202 236 2228 nes
255 2189 404 2228 laedunt
429 2188 494 2240 qui
521 2187 645 2239 legem
667 2200 735 2239 pro
754 2187 923 2238 corporis
945 2186 1063 2224 nostri
1082 2185 1302 2223 defensione
1322 2184 1440 2222 latam
1460 2184 1616 2222 concul-

167 2264 254 2289 care
270 2250 428 2290 audent.
1630 2262 1631 2265 ¹

224 2314 285 2349 14.
316 2312 456 2359 Quare,
476 2311 507 2349 si
519 2312 666 2362 sapitis,
687 2311 749 2349 alii
769 2311 863 2349 alios
883 2310 1070 2348 cohortati
1091 2309 1262 2347 Lochitae
1282 2315 1451 2346 vestram
1466 2308 1615 2345 iracun-

167 2373 269 2412 diam
289 2373 496 2419 ostendite,
525 2385 645 2423 quum
665 2372 886 2423 intelligatis
911 2385 1044 2410 omnes
1064 2369 1282 2410 istiusmodi
1302 2370 1432 2420 legum
1458 2368 1611 2419 quidem

165 2448 252 2474 esse
265 2440 567 2485 contemptores,
579 2446 664 2484 quae
682 2446 770 2471 vero
785 2433 848 2471 hic
866 2433 1139 2477 decernuntur,
1155 2445 1200 2470 ea
1211 2431 1349 2468 habere
1363 2442 1430 2480 pro
1447 2430 1612 2480 legibus.

218 2497 278 2534 15.
307 2498 365 2534 Ac
393 2509 466 2548 ego
486 2495 641 2546 quidem
664 2495 712 2533 de
741 2508 779 2533 re
807 2495 884 2533 dixi
913 2505 955 2533 ut
977 2495 1102 2546 potui:
1141 2493 1245 2544 quod
1276 2493 1306 2530 si
1335 2491 1609 2530 advocatorum

164 2558 298 2609 aliquis
316 2557 433 2595 habet
451 2557 487 2596 in
509 2569 585 2608 quo
604 2556 694 2594 mihi
714 2557 987 2608 patrocinetur,
1007 2568 1234 2607 progressus
1255 2554 1302 2592 ad
1324 2565 1390 2592 vos
1410 2554 1528 2591 dicat.
