1870 3277
487 561 1259 617 ISOCRATIS

677 709 1074 757 NICOCLES.

812 830 939 837 ——

209 902 242 940 l.
275 901 395 940 SUNT
418 902 485 952 qui
504 901 552 939 de
571 902 795 951 eloquentia
819 903 918 940 male
938 904 1105 941 sentiant
1124 910 1163 941 et
1183 903 1382 954 sapientiae
1404 904 1600 942 studiosos

151 962 306 1000 assidue
325 962 584 1008 criminentur,
605 976 651 1000 ac
678 963 811 1000 dicant
833 976 899 1001 eos
925 976 1002 1000 non
1032 977 1159 1001 amore
1178 964 1327 1001 virtutis
1357 963 1425 1001 sed
1453 964 1600 1002 emolu-

150 1023 267 1060 menti
298 1024 355 1060 sui
387 1023 509 1073 gratia
537 1023 634 1061 tales
659 1023 940 1074 disputationes
973 1024 1195 1062 instituisse.
1253 1024 1340 1075 Ego
1366 1036 1455 1062 vero
1479 1038 1528 1062 ex
1557 1024 1600 1061 iis

92 1116 96 1120 .
149 1085 215 1133 qui
235 1085 306 1122 hoc
326 1085 452 1122 animo
469 1092 560 1122 sunt
580 1098 763 1136 perquam
785 1085 918 1123 audire
936 1086 1063 1132 velim,
1082 1098 1149 1123 cur
1167 1093 1207 1124 et
1225 1087 1324 1123 bene
1345 1085 1499 1123 dicendi
1520 1093 1600 1123 stu-

150 1145 280 1183 diosos
305 1146 520 1196 vituperent
539 1153 577 1182 et
596 1153 700 1183 recte
721 1147 860 1196 agendi
881 1147 1041 1196 cupidos
1064 1146 1247 1184 laudent:
1278 1159 1380 1191 nam,
1403 1146 1433 1183 si
1453 1146 1600 1183 emolu-

150 1213 280 1243 menta
299 1207 353 1243 eis
373 1207 534 1243 molesta
553 1213 655 1251 sunt,
678 1206 788 1256 plura
805 1215 842 1244 et
863 1207 1008 1257 majora
1033 1208 1118 1256 capi
1139 1219 1160 1243 e
1179 1207 1292 1244 factis
1312 1219 1429 1255 quam
1449 1219 1469 1243 e
1489 1206 1600 1244 dictis

150 1266 442 1317 comperiemus.
500 1266 651 1303 Deinde
670 1266 766 1303 illud
786 1280 939 1316 quoque
960 1267 1168 1304 absurdum
1189 1273 1258 1311 est,
1276 1266 1306 1303 si
1322 1267 1512 1315 ignorant,
1529 1279 1599 1303 nos

150 1333 191 1364 et
208 1327 389 1377 pietatem
405 1327 532 1364 colere
548 1334 586 1364 et
597 1326 786 1377 justitiam
802 1340 979 1365 exercere
994 1334 1033 1364 et
1049 1327 1198 1364 caeteris
1214 1327 1368 1364 studere
1384 1327 1601 1371 virtutibus,

149 1400 225 1425 non
251 1396 293 1425 ut
319 1388 505 1426 deteriore
535 1401 650 1438 quam
681 1388 743 1425 alii
772 1388 991 1426 conditione
1021 1388 1154 1434 simus,
1178 1389 1247 1426 sed
1273 1395 1314 1425 ut
1337 1384 1447 1425 bonis
1467 1387 1504 1424 in
1523 1389 1602 1425 vita

149 1448 441 1499 quamplurimis
474 1450 724 1499 perfruamur.
782 1450 908 1492 Quare
937 1462 1015 1486 non
1043 1449 1277 1486 accusandae
1306 1461 1365 1486 res
1393 1448 1469 1485 illae
1498 1456 1601 1493 sunt,

149 1521 218 1560 per
236 1522 332 1559 quas
353 1522 440 1547 cum
456 1510 596 1546 virtute
618 1509 700 1546 aliis
720 1515 902 1560 praestare
922 1509 1070 1560 possis;
1104 1510 1172 1547 sed
1188 1509 1359 1547 homines
1380 1509 1520 1559 potius,
1537 1508 1601 1558 qui

149 1576 217 1607 aut
235 1583 293 1608 res
313 1569 397 1608 illas
413 1570 513 1607 male
529 1570 729 1608 tractando
744 1577 996 1620 corrumpunt
1011 1577 1079 1608 aut
1093 1570 1352 1620 eloquentiam
1366 1569 1415 1607 ad
1430 1568 1601 1607 fallacias

148 1638 186 1669 et
203 1631 362 1683 injurias
382 1632 596 1669 conferunt.

201 1695 240 1730 2.
264 1693 381 1730 Miror
395 1693 523 1742 itaque
539 1706 607 1730 cur
625 1693 649 1731 ii
666 1693 729 1744 qui
750 1694 803 1731 ita
821 1694 1006 1738 sentiunt,
1025 1707 1101 1731 non
1121 1694 1236 1731 etiam
1255 1693 1406 1731 divitias
1427 1699 1464 1730 et
1483 1693 1602 1730 robur

148 1759 187 1790 et
211 1753 471 1791 fortitudinem
501 1754 538 1790 in
559 1754 702 1791 crimen
725 1761 880 1792 vocent.
939 1754 1040 1791 Nam
1061 1755 1091 1792 si
1110 1762 1265 1805 propter
1291 1767 1357 1792 eos
1383 1754 1601 1791 irascuntur

148 1813 390 1863 eloquentiae,
405 1814 469 1864 qui
484 1813 713 1864 delinquunt
730 1822 768 1851 et
783 1813 1032 1860 mentiuntur,
1048 1815 1165 1852 etiam
1179 1821 1319 1852 caetera
1332 1815 1436 1852 bona
1450 1814 1600 1863 vitupe-

148 1886 230 1911 rare
252 1873 416 1911 debent:
446 1887 517 1911 nec
538 1875 640 1911 enim
661 1875 827 1912 defuturi
848 1881 938 1912 sunt
953 1875 1101 1912 illarum
1123 1888 1276 1925 quoque
1297 1888 1424 1912 rerum
1446 1887 1600 1925 posses-

149 1935 255 1972 sione
274 1935 462 1979 instructi,
485 1948 581 1985 quos
603 1935 810 1985 deliquisse
829 1943 868 1973 et
886 1948 954 1986 per
973 1948 1040 1973 eas
1069 1936 1212 1973 multos
1233 1936 1414 1973 afflixisse
1434 1943 1599 1973 constet.

148 1994 290 2032 Verum
307 2007 382 2032 non
401 1995 594 2040 convenit,
609 1995 639 2031 si
660 1994 724 2044 qui
744 1995 876 2032 obvios
891 1996 1109 2039 verberant,
1125 1996 1240 2033 robur
1262 2007 1459 2039 accusare,
1476 2007 1602 2044 neque

147 2061 304 2104 propter
334 2054 544 2092 homicidas
574 2054 785 2092 fortitudini
816 2055 1027 2099 convitiari,
1048 2069 1174 2105 neque
1208 2055 1376 2105 denique
1403 2055 1600 2092 hominum

148 2115 427 2166 improbitatem
449 2116 485 2152 in
507 2128 566 2153 res
587 2116 815 2160 transferre3
845 2116 913 2154 sed
933 2116 986 2152 illi
1005 2116 1077 2166 ipsi
1098 2116 1279 2166 culpandi
1297 2123 1388 2153 sunt
1406 2116 1471 2165 qui
1490 2115 1602 2153 bonis

149 2177 260 2213 rebus
279 2176 378 2214 male
397 2183 570 2221 utuntur,
590 2184 628 2214 et
648 2177 752 2214 cives
772 2189 862 2214 suos
881 2189 951 2227 per
970 2190 1017 2214 ea
1037 2177 1180 2214 laedere
1201 2189 1276 2214 non
1306 2177 1486 2214 dubitant
1513 2190 1601 2226 quae

148 2238 197 2276 ad
218 2251 346 2275 eorum
366 2238 529 2275 salutem
550 2245 773 2275 convertere
792 2238 1022 2288 potuissent.
1080 2239 1195 2276 Nunc
1221 2238 1401 2289 neglecta
1428 2238 1602 2288 singula-

149 2310 232 2335 rum
253 2311 375 2335 rerum
395 2298 461 2335 tali
482 2298 742 2342 distinctione,
773 2298 991 2336 universam
1020 2298 1279 2348 eloquentiam
1308 2298 1484 2342 oderunt,
1504 2305 1544 2336 et
1563 2298 1601 2335 in

148 2365 256 2396 tanto
273 2371 398 2396 errore
417 2365 616 2396 versantur
632 2366 675 2395 ut
694 2371 769 2397 non
791 2358 1099 2396 animadvertant
1118 2358 1152 2396 ei
1173 2370 1215 2396 se
1234 2358 1287 2395 rei
1309 2371 1396 2396 esse
1416 2358 1603 2403 inimicos,

148 2433 226 2469 qua
245 2432 319 2457 non
340 2420 414 2457 alia
427 2432 616 2458 concessa
634 2425 695 2457 est
713 2419 844 2469 generi
866 2418 1081 2457 mortalium
1100 2431 1188 2468 quae
1209 2419 1259 2456 sit
1275 2417 1440 2469 plurium
1460 2417 1601 2455 utilita-

150 2488 231 2517 tum
250 2493 379 2518 causa.

204 2542 241 2577 3.
272 2540 374 2578 Nam
393 2540 548 2590 reliquis
568 2547 714 2578 naturae
735 2549 876 2578 nostrae
891 2541 1047 2578 dotibus
1069 2540 1161 2578 nihil
1176 2540 1327 2578 caeteris
1343 2539 1602 2577 animantibus

150 2600 426 2647 antecellimus,
446 2601 512 2638 sed
535 2601 583 2638 ab
605 2600 680 2638 illis
700 2601 816 2651 longe
835 2607 917 2637 tum
937 2601 1135 2638 celeritate
1155 2608 1236 2637 tum
1259 2601 1395 2637 robore
1416 2606 1496 2637 tum
1519 2599 1602 2637 aliis

150 2662 398 2700 facultatibus
425 2674 674 2713 superamur:
704 2662 787 2706 sed,
809 2674 929 2711 quum
958 2669 1180 2711 emergente
1209 2667 1357 2698 naturae
1377 2661 1412 2697 vi
1442 2660 1604 2698 consilia

151 2723 411 2761 conferremus
432 2730 470 2761 et
490 2735 579 2772 quae
600 2730 739 2760 nostrae
759 2722 961 2760 sententiae
982 2729 1114 2760 essent
1133 2721 1294 2758 invicem
1310 2720 1602 2771 explicaremus,

152 2795 228 2819 non
258 2783 418 2820 ferinam
445 2783 570 2820 solum
601 2783 718 2820 vitam
744 2782 996 2827 deseruimus,
1027 2782 1092 2819 sed
1120 2781 1291 2819 conciliis
1322 2781 1462 2819 habitis
1490 2782 1604 2818 urbes

153 2845 267 2882 etiam
287 2845 528 2883 condidimus
547 2853 586 2882 et
604 2844 710 2894 leges
729 2844 886 2881 tulimus
907 2850 946 2880 et
966 2850 1066 2880 artes
1088 2843 1315 2887 invenimus,
1333 2843 1381 2879 ad
1397 2842 1526 2879 omnia
1541 2841 1605 2878 de·

156 2906 271 2954 nique
303 2906 580 2956 propemodum
608 2905 766 2943 solerter
786 2918 808 2942 a
830 2905 938 2942 nobis
964 2904 1184 2953 excogitata
1214 2916 1304 2941 suas
1324 2904 1421 2941 vires
1448 2902 1605 2940 contulit
