1870 3277
594 205 814 245 CONTRA
847 202 1185 241 LEOCRATEM.
1530 199 1604 235 479

177 320 258 346 rum
283 306 484 344 affeceritis
512 307 709 358 supplicio.
767 307 822 343 Ac
855 316 945 342 sane
971 302 1198 340 horrendum
1231 308 1289 339 est
1320 307 1358 338 et
1387 299 1606 344 dolendum,

175 369 205 406 si
224 368 376 418 quando
405 368 593 406 existimet
624 370 824 406 Leocrates
850 366 1013 404 eundem
1042 365 1180 402 debere
1205 364 1344 401 habere
1363 370 1401 401 et
1423 363 1546 401 locum
1567 369 1605 400 et

174 428 354 466 honorem
375 429 606 479 transfugam
626 441 710 466 cum
726 429 770 466 iis
784 427 900 477 quiin
913 427 1005 463 urbe
1021 425 1282 469 remanserint,
1297 431 1334 462 et
1348 437 1435 462 eum
1449 424 1511 474 qui
1529 436 1604 461 non

175 488 328 526 subierit
343 489 510 539 pericula
530 501 616 527 cum
637 489 679 526 iis
694 488 758 538 qui
779 500 863 525 sese
878 487 975 524 hosti
995 492 1266 537 opposuerunt,
1287 491 1325 522 et
1340 497 1424 521 eum
1445 484 1507 534 qui
1528 497 1604 522 non

172 550 403 587 conservarit
421 551 550 588 urbem
575 563 662 587 cum
680 550 724 587 iis
744 549 806 599 qui
827 548 938 586 tutati
959 549 1062 595 sint3
1092 547 1159 585 sed
1180 546 1282 584 venit
1302 546 1381 596 jam
1401 558 1605 591 sacrorum,

175 609 258 654 fori,
280 610 423 660 legum,
444 610 661 661 reipublicae
690 617 810 647 status
835 608 983 646 futurus
1015 608 1152 653 socius,
1171 620 1239 658 pro
1268 606 1404 656 quibus
1431 606 1606 643 omnibus

178 682 225 706 ne
246 669 518 720 dissiparentur
536 671 636 707 mille
656 676 865 707 vestrorum
877 669 1011 707 civium
1026 669 1061 705 in
1081 668 1292 707 Chaeronea
1307 674 1394 704 sunt
1406 666 1608 704 desiderati

175 744 219 768 ac
241 731 391 782 publice
412 745 477 769 eos
501 731 631 769 civitas
653 731 857 782 sepulturae
887 730 1095 767 mandavit.
1152 730 1322 770 Quorum
1349 728 1419 765 iste
1441 740 1511 764 nec
1529 727 1606 764 ele-

175 791 286 842 giaca
304 792 472 829 carmina
491 791 669 843 inscripta
688 791 944 829 monumentis
960 803 1087 828 eorum
1107 802 1280 827 reversus
1296 788 1333 825 in
1354 789 1482 826 urbem
1504 801 1606 826 reve-

175 852 265 889 ritus
285 859 355 898 est,
374 853 440 890 sed
461 853 557 891 adeo
582 853 821 904 impudenter
845 851 971 890 adhuc
991 858 1079 889 ante
1105 864 1170 888 ora
1195 850 1360 893 illorum,
1382 848 1446 898 qui
1475 849 1606 886 horum

175 912 410 951 calamitates
437 914 581 961 luxere,
600 921 706 965 putat
732 920 905 964 oportere
931 905 1015 950 sese
1036 912 1187 950 versari.
1244 912 1302 948 Ac
1321 910 1431 947 valde
1455 922 1521 946 vos
1549 921 1608 946 ro-

173 974 281 1023 gabit
300 981 485 1024 actutum,
509 982 553 1013 ut
580 975 741 1013 audiatis
767 975 890 1026 ipsum
918 974 1174 1012 defensionem
1202 972 1259 1010 sui
1287 972 1474 1009 facturum
1498 973 1611 1018 juxta

174 1034 294 1085 leges.
334 1036 413 1073 Vos
436 1042 561 1074 autem
578 1037 733 1086 quaerite
748 1049 793 1075 ex
813 1037 909 1087 ipso,
929 1034 1178 1086 qualesnam?
1207 1046 1297 1071 num
1316 1045 1410 1083 quos
1429 1032 1608 1069 deserens

175 1095 333 1133 abierit?
389 1096 438 1134 Et
455 1097 584 1134 sinetis
604 1097 724 1147 ipsum
745 1098 881 1135 morari
900 1097 937 1134 in
957 1097 1144 1133 moenibus
1164 1095 1296 1145 patriae
1315 1106 1442 1131 eorum
1458 1092 1609 1138 civium,

174 1170 260 1194 cum
281 1158 417 1208 quibus
433 1172 477 1196 ea
494 1172 569 1196 non
590 1159 823 1197 asservavit?
866 1159 915 1196 Et
935 1158 1128 1196 invocabit
1142 1158 1234 1194 deos
1253 1162 1464 1194 servaturos
1485 1154 1607 1205 ipsum

175 1231 195 1256 e
214 1219 421 1269 periculis?
477 1221 702 1264 Quosnam?
732 1234 857 1258 nonne
881 1232 1038 1270 quorum
1067 1219 1225 1256 delubra
1245 1226 1283 1255 et
1302 1217 1412 1254 sedes
1439 1223 1476 1252 et
1503 1216 1608 1252 lucos

175 1280 371 1330 prodidit?
428 1282 476 1318 Et
495 1282 705 1331 precabitur
731 1289 768 1319 et
794 1281 1036 1332 supplicabit,
1055 1288 1096 1317 ut
1117 1278 1412 1317 misericordiam
1443 1277 1512 1314 sibi
1540 1277 1606 1313 im-

175 1341 368 1392 pertiant?
422 1343 569 1384 Quibus
590 1356 676 1380 vero
696 1342 948 1393 supplicabit?
979 1354 1103 1379 nonne
1125 1341 1179 1387 iis,
1205 1353 1289 1378 cum
1305 1340 1440 1389 quibus
1463 1339 1610 1389 symbo-

174 1403 250 1440 lam
270 1403 317 1440 ad
339 1404 498 1441 salutem
521 1404 690 1442 conferre
706 1404 894 1441 noluerit?
944 1402 1104 1439 Rhodiis
1126 1401 1336 1451 supplicet:
1367 1399 1608 1436 securitatem

177 1463 274 1501 enim
305 1463 340 1500 in
362 1464 527 1514 ipsorum
558 1464 645 1501 urbe
664 1464 791 1514 potius
817 1476 930 1514 quam
962 1464 995 1500 in
1030 1476 1099 1500 sua
1128 1463 1245 1512 ipsius
1273 1461 1393 1512 patria
1422 1460 1611 1497 censuerit

177 1537 274 1562 esse.
330 1524 464 1568 Qualis
492 1532 617 1563 autem
637 1533 730 1562 aetas
760 1525 872 1576 hujus
899 1528 984 1573 jure
1017 1523 1266 1562 misereatur?
1324 1523 1474 1560 Natune
1502 1534 1612 1572 gran-

177 1584 354 1622 diorum?
409 1586 461 1623 At
482 1599 604 1636 neque
637 1593 678 1623 ut
707 1587 744 1623 in
769 1587 874 1624 senio
904 1598 973 1623 suo
1000 1585 1189 1623 alerentur
1208 1598 1331 1634 neque
1353 1584 1388 1621 in
1409 1584 1528 1621 libero
1547 1596 1613 1634 pa-

177 1645 258 1683 triae
271 1646 354 1684 solo
371 1647 643 1685 tumularentur
657 1653 840 1697 qnantum
860 1647 897 1683 in
918 1646 1001 1697 ipso
1021 1645 1091 1683 fuit
1106 1646 1309 1683 concessit.
1364 1645 1414 1682 At
1432 1652 1523 1681 natu
1541 1644 1610 1680 mi-

178 1707 339 1744 norum?
370 1708 511 1758 Ecquis
532 1708 718 1746 revocatis
739 1708 786 1745 ad
813 1707 1030 1745 memoriam
1052 1707 1277 1757 aequalibus,
1298 1705 1362 1756 qui
1394 1705 1430 1742 in
1461 1705 1613 1742 Chaero-

175 1780 260 1805 naea
279 1780 406 1805 secum
434 1768 607 1806 hostibus
627 1782 668 1806 se
689 1777 950 1820 opposuerunt
976 1775 1091 1818 atque
1122 1767 1252 1806 eadem
1273 1767 1440 1818 pericula
1457 1766 1611 1817 partici-

178 1836 326 1878 parunt,
348 1830 552 1867 servaverit
566 1829 667 1867 hunc
683 1831 744 1880 qui
767 1829 942 1882 sepulcra
961 1842 1089 1867 eorum
1111 1828 1327 1879 prodiderit,
1342 1835 1454 1878 atque
1474 1827 1610 1865 eodem

171 1889 318 1939 judicio
338 1902 417 1934 eos,
443 1892 508 1940 qui
527 1903 594 1940 pro
623 1891 795 1929 libertate
827 1890 1069 1942 oppetierunt
1097 1896 1269 1933 mortem,
1297 1888 1497 1926 dementiae
1516 1902 1609 1926 con-

179 1951 425 1994 demnaverit,
453 1951 693 1990 deserentem
713 1965 799 1990 vero
823 1952 996 2003 patriam,
1023 1964 1091 1988 ceu
1118 1952 1215 1989 bene
1235 1949 1410 1988 affectum
1433 1958 1609 2000 recteque

180 2012 418 2057 sentientem,
435 2012 671 2051 innocentem
693 2012 883 2050 dimittet?
940 2012 1174 2050 Potestatem
1192 2025 1280 2062 ergo
1308 2011 1443 2049 dabitis
1470 2012 1610 2049 volenti

178 2080 215 2110 et
231 2074 345 2110 verbo
364 2080 403 2111 et
419 2087 534 2125 opere
554 2083 633 2112 tum
653 2074 794 2125 populo
821 2081 902 2112 tum
921 2074 1028 2112 vobis
1054 2072 1346 2111 malefaciendi?
1401 2073 1488 2110 Non
1510 2073 1607 2110 enim

178 2134 250 2172 hoc
271 2134 392 2172 solum
413 2141 581 2186 tempore
599 2136 810 2187 transfugae
829 2135 1006 2180 redeunt,
1030 2135 1181 2185 quando
1215 2135 1245 2171 is
1275 2134 1338 2184 qui
1363 2134 1520 2184 patriam
1545 2133 1610 2171 de-

178 2196 293 2233 seruit
320 2208 364 2234 ac
391 2196 589 2247 profugus,
621 2198 704 2249 ipse
736 2197 900 2248 seipsum
921 2196 1200 2242 condemnavit,
1229 2196 1397 2246 Megaris
1427 2196 1609 2234 habitavit

178 2257 280 2307 apud
303 2265 500 2308 patronum
521 2272 628 2296 suum
656 2259 755 2297 ultra
779 2258 949 2310 quinque
968 2265 1035 2296 aut
1053 2271 1118 2296 sex
1135 2271 1269 2302 annos,
1290 2258 1328 2294 in
1356 2264 1454 2295 terra
1472 2257 1542 2295 hae
1571 2264 1609 2295 et

179 2319 269 2356 urbe
289 2326 480 2363 versetur-3
510 2333 639 2358 verum
665 2321 776 2358 etiam
804 2321 868 2371 qui
898 2320 1137 2359 solitudinem
1170 2320 1336 2357 Atticam
1364 2332 1446 2357 esse
1479 2326 1608 2370 aperto

178 2378 355 2430 suffragio
376 2381 659 2426 condemnavit,
675 2381 737 2419 hic
752 2381 790 2419 in
810 2382 881 2420 hac
897 2381 1048 2432 regione
1062 2381 1208 2419 vicinus
1230 2386 1357 2418 noster
1371 2380 1477 2418 nobis
1496 2379 1610 2418 coha-

177 2441 325 2479 bitabit.

229 2504 292 2539 37.
325 2501 475 2540 Dehinc
504 2504 565 2541 ubi
584 2516 710 2554 pauca
729 2504 904 2556 quaedam
932 2504 977 2542 ad
998 2517 1065 2541 vos
1093 2504 1238 2549 dixero,
1257 2502 1491 2540 descendere
1509 2503 1608 2548 volo,

177 2569 288 2613 atque
309 2563 370 2600 ubi
398 2563 592 2602 decretum
620 2566 750 2616 populi
770 2566 873 2613 quod
891 2566 938 2603 de
957 2566 1098 2616 pietate
1127 2563 1217 2601 fecit
1245 2563 1473 2601 exhibuero:
1504 2576 1608 2601 com-

177 2624 331 2661 modum
360 2625 457 2662 enim
491 2625 526 2663 id
549 2627 654 2664 vobis
686 2635 744 2665 est
773 2627 1001 2666 sententiam
1033 2625 1176 2663 laturis.
1235 2624 1372 2662 Recita
1399 2637 1490 2674 ergo
1520 2623 1607 2661 mihi

177 2684 277 2721 idem
297 2684 507 2723 decretum.
1201 2698 1203 2702 ⁴

734 2780 1045 2817 DECRETUM.

177 2862 260 2912 Ego
279 2862 391 2912 igitur
410 2862 458 2899 ad
476 2875 542 2900 vos
564 2863 693 2902 defero
720 2865 782 2914 qui
801 2864 891 2902 estis
912 2863 1067 2908 domini,
1089 2870 1130 2900 ut
1155 2863 1266 2901 istum
1291 2863 1355 2914 qui
1381 2863 1463 2901 haec
1484 2864 1610 2901 omnia

175 2921 313 2960 delevit
333 2922 518 2973 puniatis;
552 2930 715 2962 vestrum
738 2931 864 2963 autem
884 2931 943 2962 est
974 2932 1012 2962 et
1040 2931 1164 2962 vestro
1197 2924 1347 2962 nomine
1378 2937 1421 2962 ac
1450 2923 1606 2962 deorum
