1870 3277
253 177 303 211 22
830 177 1117 215 lSOCRATIS

252 276 352 313 enirn
373 276 500 313 animo
527 275 557 313 si
583 277 746 327 fueritis,
767 279 978 317 modestius
1009 280 1130 330 agetis
1161 281 1304 317 omnia.
1362 278 1463 319 Nihil
1499 281 1705 326 occultate,

253 337 331 374 sive
350 336 454 385 quod
475 338 681 387 possidetis
703 340 781 376 sive
802 340 903 389 quod
928 340 1052 378 facitis
1074 341 1152 378 sive
1171 341 1276 390 quod
1303 341 1440 379 facturi
1460 343 1570 384 estis;
1602 342 1707 379 scitis

252 397 353 434 enim
374 398 452 434 fieri
473 411 547 435 non
569 411 680 448 posse
708 401 797 449 quin
819 401 1047 438 clandestini
1075 410 1238 439 conatus
1265 415 1427 450 magnos
1457 409 1618 440 terrores
1638 402 1707 439 ad-

249 458 406 505 junctos
439 458 620 496 habeant.
680 461 739 497 Ne
766 461 956 498 studeatis
988 462 1129 499 callide
1160 463 1435 512 rempublicam
1463 470 1529 499 aut
1556 464 1707 501 occulte

251 531 399 567 gerere,
421 519 487 556 sed
516 520 568 556 ita
599 521 821 570 simpliciter
853 529 891 558 et
917 530 1048 571 aperte
1080 531 1122 560 ut
1148 536 1193 560 ne
1225 524 1310 573 quis
1337 523 1486 560 etiamsi
1516 523 1608 561 velit
1638 537 1706 561 vos

253 578 364 616 facile
384 579 607 617 calumniari
635 588 764 630 queat.
824 582 992 619 Probate
1023 584 1207 628 actiones,
1239 591 1275 621 et
1309 591 1440 633 putate
1471 585 1591 621 malas
1622 597 1709 622 esse

252 652 347 688 quas
369 638 534 688 ignorari
555 653 577 677 a
596 654 656 678 me
678 641 806 687 vultis,
827 643 950 680 bonas
976 644 1115 693 quibus
1144 657 1217 694 ego
1244 645 1384 681 auditis
1416 657 1483 682 vos
1510 644 1708 694 probiores

245 699 446 750 judicabo.
505 701 565 738 Ne
592 701 786 740 reticeatis
812 703 843 740 si
871 716 969 752 quos
992 704 1158 741 videritis
1179 705 1335 755 imperio
1356 718 1440 742 meo
1461 718 1616 750 nocere,
1638 705 1706 742 sed

251 767 290 798 et
309 761 471 810 arguite,
490 770 528 799 ct
547 762 763 801 existimate
784 764 883 802 idem
904 765 1135 815 supplicium
1156 765 1283 802 deberi
1303 766 1587 803 occultantibus
1603 766 1708 816 quod

253 821 580 871 delinquentibus.
639 824 788 862 Felices
818 838 904 863 esse
925 833 1057 875 putate
1077 839 1151 863 non
1173 839 1239 864 eos
1261 827 1325 876 qui
1345 827 1443 864 clarn
1464 827 1608 864 habent
1629 841 1709 864 rna-

251 883 376 920 leficia
395 896 478 928 sua,
499 885 568 922 sed
589 898 654 923 eos
675 887 739 936 qui
762 886 853 924 nibil
882 887 1114 937 delinquunt
1132 900 1140 924 ε
1171 894 1475 925 consentaneum
1505 888 1607 925 enim
1634 895 1708 934 est,

251 944 392 982 alteros
413 945 566 983 meritas
588 947 773 985 scelerum
796 961 928 998 poenas
950 948 1121 994 daturos,
1142 948 1281 987 alteros
1312 949 1422 986 factis
1445 949 1524 985 suis
1554 949 1710 998 praemia

252 1006 370 1056 digna
390 1015 648 1058 percepturos.
689 1009 828 1047 Nullas
849 1010 1090 1057 sodalitates,
1111 1010 1218 1047 nulla
1238 1010 1419 1058 concilia,
1440 1010 1523 1047 sine
1545 1009 1711 1047 auctori-

252 1073 329 1104 tate
349 1081 433 1105 mea
452 1070 637 1108 instituite
655 1084 664 1107 ε
695 1083 783 1107 nam
804 1070 1025 1121 hujusmodi
1052 1072 1354 1121 conspirationes
1376 1080 1418 1108 ut
1438 1071 1474 1107 in
1498 1070 1582 1107 aliis
1611 1070 1709 1120 poli-

251 1129 311 1166 tiis
332 1131 491 1167 multum
514 1132 655 1177 valent,
678 1133 731 1169 ita
749 1133 785 1169 in
807 1132 1038 1169 monarchiis
1059 1139 1150 1169 sunt
1170 1132 1413 1183 periculosae.
1472 1132 1611 1181 Fugite
1631 1143 1708 1168 non

251 1197 398 1227 tantum
418 1199 594 1242 peccata,
616 1192 683 1229 sed
704 1192 816 1230 etiam
842 1192 1032 1242 ejusmodi
1055 1192 1183 1230 studia
1201 1206 1289 1242 quae
1311 1193 1392 1230 sine
1414 1192 1563 1243 peccati
1585 1191 1710 1242 suspi-

251 1252 361 1289 cione
382 1266 467 1289 esse
488 1261 696 1303 nequeunt.

310 1314 370 1350 13.
402 1314 532 1351 Meam
572 1315 779 1353 amicitiam
814 1316 1044 1353 tutissimam
1082 1322 1122 1352 et
1153 1315 1409 1352 firmissimam
1447 1327 1532 1352 esse
1565 1320 1713 1364 putate.

251 1375 369 1413 Hunc
386 1383 530 1414 statum
544 1378 719 1423 tuemini,
731 1391 858 1428 neque
872 1377 991 1415 ullam
1006 1377 1185 1427 requirite
1202 1377 1466 1421 mutationem,
1482 1390 1557 1414 nou
1576 1377 1711 1427 ignari,

247 1437 325 1474 fieri
358 1451 435 1475 non
468 1451 582 1491 posse
611 1439 704 1489 quin
735 1453 801 1489 per
831 1439 1018 1476 tumultus
1052 1447 1091 1476 et
1120 1439 1233 1475 urbes
1262 1438 1452 1476 intereant
1481 1445 1520 1476 et
1549 1438 1707 1489 privatae

251 1499 388 1537 domus
419 1507 653 1537 evertantur.
713 1501 909 1538 Saevitiam
937 1507 1003 1537 aut
1029 1500 1362 1537 mansuetudinem
1384 1512 1461 1536 non
1482 1507 1632 1537 tantum
1652 1498 1710 1535 in-

252 1561 374 1610 geniis
405 1562 557 1599 tribuite
589 1561 843 1604 dominorum,
866 1561 934 1598 sed
967 1562 1135 1599 moribus
1167 1560 1282 1598 etiarn
1315 1560 1567 1610 populorum:
1600 1559 1710 1596 multi

250 1620 351 1657 enim
365 1621 447 1671 jam
466 1622 515 1658 ob
535 1621 819 1671 improbitatem
840 1621 979 1658 civium
1001 1621 1176 1671 asperius
1208 1621 1395 1671 imperare
1428 1633 1543 1670 quam
1567 1620 1710 1658 vellent

251 1690 342 1719 sunt
361 1683 499 1720 coacti.
556 1683 658 1720 Freti
680 1690 805 1720 estote
827 1696 902 1720 non
925 1690 1001 1720 tam
1023 1696 1107 1720 mea
1134 1682 1339 1720 clementia
1370 1694 1485 1731 quam
1506 1689 1635 1719 vestra
1653 1682 1709 1718 in-

251 1745 443 1781 nocentia.
499 1745 588 1786 Quo
621 1757 693 1794 ego
722 1744 839 1781 tutior
871 1744 994 1789 fuero,
1020 1757 1066 1781 eo
1092 1757 1160 1781 vos
1193 1744 1405 1780 securiores
1432 1756 1517 1780 esse
1550 1750 1708 1793 putate:

251 1817 352 1849 nam,
372 1805 485 1842 rebus
509 1805 602 1842 meis
628 1806 747 1856 probe
768 1805 1002 1849 constitutis,
1024 1805 1158 1842 eadem
1181 1813 1390 1841 vestrarum
1413 1817 1566 1853 quoque
1587 1816 1708 1840 rerum

252 1865 348 1903 ratio
367 1866 497 1903 sutura
516 1874 587 1903 est.
646 1866 822 1903 Humiles
844 1879 910 1903 vos
933 1879 1018 1903 esse
1039 1865 1152 1903 decet
1173 1878 1265 1915 erga
1285 1878 1411 1902 meum
1433 1865 1648 1914 imperium,
1669 1872 1709 1901 ut

251 1934 290 1964 et
309 1928 344 1963 in
367 1926 549 1965 institutis
577 1927 829 1977 perseveretis
860 1933 896 1964 et
924 1927 1029 1975 leges
1063 1926 1186 1976 regias
1218 1926 1454 1969 observetis;
1485 1925 1706 1975 splendidos

249 1987 387 2025 veroin
405 1988 566 2037 publicis
577 1987 971 2024 administrationibus
985 1994 1022 2024 et
1032 1987 1178 2024 caeteris
1195 1987 1290 2023 meis
1304 1986 1494 2023 mandatis
1504 1985 1708 2023 obeundis.

250 2049 529 2087 Adolescentes
550 2049 599 2086 ad
621 2049 797 2086 virtutem
820 2049 987 2086 excitate
1008 2060 1083 2084 non
1106 2054 1254 2084 tantum
1286 2047 1563 2097 praecipiendo,
1583 2046 1650 2084 sed
1672 2046 1708 2082 in

247 2109 341 2159 ipsis
361 2111 477 2147 etiam
499 2110 709 2147 actionibus
729 2110 783 2146 eis
801 2109 1101 2147 demonstrando
1117 2109 1253 2157 quales
1270 2114 1497 2158 praestantes
1512 2108 1609 2144 viros
1625 2120 1708 2144 esse

249 2178 436 2220 oporteat.
479 2171 628 2208 Docete
645 2170 782 2207 liberos
799 2177 948 2207 vestros
964 2182 1097 2219 parere
1113 2169 1271 2219 imperio
1291 2169 1412 2218 regio,
1427 2176 1466 2205 et
1479 2169 1707 2206 assuefacite

248 2244 315 2269 eos
336 2237 379 2268 ut
396 2232 433 2268 in
454 2231 527 2268 hoc
547 2231 674 2268 studio
697 2231 933 2281 potissimum
952 2237 1175 2268 versentur:
1206 2244 1294 2267 nam
1311 2230 1377 2267 ubi
1397 2230 1557 2267 honeste
1578 2243 1707 2280 parere

249 2292 465 2337 didicerint,
481 2292 607 2329 multis
624 2292 808 2342 imperare
824 2292 1027 2334 valebunt;
1050 2291 1169 2341 quod,
1185 2291 1213 2327 si
1232 2291 1365 2328 fideles
1378 2291 1520 2328 fuerint
1532 2299 1569 2328 et
1582 2291 1706 2341 probi,
1728 2300 1731 2303 ·

248 2355 435 2391 bonorum
457 2360 672 2390 nostrorum
696 2352 898 2403 participes
919 2361 1045 2397 erunt,
1067 2353 1124 2389 sin
1145 2352 1318 2402 improbi,
1341 2365 1430 2389 suas
1458 2365 1550 2402 opes
1569 2353 1607 2389 in
1628 2352 1706 2389 dis-

249 2415 390 2452 crimen
412 2414 621 2451 adducent.
681 2414 872 2451 Maximas
901 2420 1034 2464 putate
1057 2413 1183 2450 liberis
1203 2421 1242 2450 et
1260 2413 1496 2450 firmissimas
1527 2426 1619 2463 opes
1642 2426 1708 2450 vos

248 2475 468 2519 tradituros,
485 2475 516 2511 si
537 2475 591 2511 eis
613 2481 782 2511 nostram
802 2474 1114 2511 benevolentiam
1130 2473 1344 2523 relinquere
1364 2473 1531 2523 possitis.
1574 2474 1711 2511 Miser-

249 2537 362 2573 rimos
377 2535 550 2585 judicate
571 2542 610 2572 et
630 2534 913 2572 infelicissimos
929 2548 1009 2580 eos,
1022 2536 1086 2584 qui
1106 2535 1151 2571 iis
1173 2535 1284 2571 fidem
1303 2535 1500 2584 fregerunt
1513 2534 1577 2584 qui
1593 2534 1707 2570 fidem

249 2598 303 2634 eis
343 2598 579 2634 habuerunt:
620 2609 779 2633 necesse
814 2598 913 2633 enirn
953 2606 1014 2633 est
1046 2596 1141 2633 tales
1171 2596 1207 2633 in
1241 2596 1493 2645 trepidatione
1529 2603 1708 2645 metuque

249 2670 374 2695 rerum
397 2658 571 2694 omnium
599 2657 783 2706 reliquam
802 2664 955 2694 aetatem
977 2657 1144 2706 exigere,
1165 2670 1234 2693 nec
1256 2657 1388 2693 amicis
1410 2657 1530 2706 magis
1551 2657 1708 2694 credere

247 2731 361 2769 quarn
388 2718 562 2755 inimicis.
621 2718 763 2754 Beatos
785 2718 996 2754 existimate
1017 2731 1093 2754 non
1120 2717 1448 2767 opulentissimos,
1470 2717 1539 2754 sed
1568 2716 1706 2754 nullius

249 2779 405 2817 sceleris
426 2778 495 2816 sibi
516 2779 717 2815 conscios:
749 2791 837 2815 nam
857 2778 921 2827 qui
939 2778 1010 2815 hoc
1027 2777 1155 2815 auimo
1169 2785 1272 2820 sunt,
1289 2790 1401 2814 omne
1420 2787 1570 2826 tempus
1587 2778 1709 2814 aetatis

248 2841 330 2877 sine
350 2840 525 2877 molestia
545 2840 690 2889 possint
710 2840 863 2889 degere.
922 2839 981 2875 Ne
1002 2839 1145 2888 putetis
1175 2839 1454 2889 improbitatem
1488 2838 1575 2888 plus
1595 2852 1709 2888 quarn

248 2902 425 2939 virtutem
449 2901 646 2951 prodesse,
669 2907 735 2938 aut
757 2913 897 2938 nomen
918 2907 1067 2938 tanturn
1089 2899 1258 2936 odiosius
1290 2900 1443 2943 babere,
1474 2900 1543 2936 sed
1576 2899 1707 2949 cujus-
