1870 3277
228 181 278 217 36
830 178 1120 216 ISOCRATIS

226 285 305 322 lum
326 297 396 336 pro
415 284 592 323 libertate
610 283 823 334 gerendum
848 289 940 321 sunt
959 281 1137 327 accincti,
1158 288 1238 318 tum
1261 279 1344 317 aliis
1370 280 1437 330 qui
1459 279 1632 317 servituti
1654 292 1694 316 se

223 347 466 385 tradiderant
484 347 730 398 ignoverunt.
776 345 1000 383 Humilibus
1021 345 1120 383 enim
1139 342 1291 395 oppidis
1311 342 1448 393 quavis
1469 342 1693 380 conditione

225 409 390 446 salutem
413 422 498 447 esse
518 407 783 459 quaerendam,
805 407 963 444 urbibus
985 414 1114 444 autem
1135 419 1220 457 quae
1243 404 1412 442 Graeciae
1437 404 1692 455 principatum

223 470 292 508 sibi
323 469 576 508 vendicarent
602 469 708 507 nullo
737 468 851 506 modo
873 468 1044 519 pericula
1076 481 1163 506 esse
1192 465 1461 511 detrectanda‚
1482 467 1692 517 putabant;

225 532 294 570 sed
315 539 359 570 ut
378 533 467 570 viris
488 532 650 570 fortibus
671 530 878 581 optabilius
906 537 965 568 est
985 530 1146 567 honeste
1169 536 1328 566 mortem
1361 534 1545 579 oppetere
1575 540 1692 578 quam

225 594 351 632 vivere
372 595 546 645 turpiter,
569 594 622 630 sic
643 593 756 630 etiam
778 592 966 643 primariis
999 592 1158 629 urbibus
1191 591 1372 643 expedire
1405 589 1528 640 magis
1557 601 1604 626 ex
1623 589 1693 626 ho-

224 656 369 693 minum
398 655 581 693 memoria
608 667 765 705 prorsus
792 654 912 692 deleri
937 667 1053 704 quam
1075 654 1258 691 servitute
1279 664 1488 703 oppressas
1508 650 1693 701 conspici.

225 717 356 767 Atque
375 716 434 754 his
454 729 522 754 eos
543 716 678 753 animis
699 716 821 754 fuisse
842 716 1089 767 perspicuum
1117 724 1193 754 est:
1223 728 1340 766 quum
1373 714 1474 751 enim
1508 713 1588 750 fieri
1616 725 1692 750 non

226 784 359 828 posset
386 785 430 815 ut
455 785 592 816 contra
621 785 809 828 utrasque
836 779 965 829 copias
995 777 1108 815 simul
1137 778 1344 815 exercitum
1367 777 1614 819 instruerent,
1633 788 1694 813 as-

225 846 382 890 sumpta
403 839 506 877 omni
528 839 726 891 oppidana
747 839 991 877 multitudine
1012 839 1049 876 in
1071 839 1233 877 vicinam
1255 839 1420 876 insulam
1448 838 1694 889 trajecerunt,

219 906 264 937 ut
283 913 351 951 per
370 901 473 940 vices
494 915 580 939 cum
603 901 730 939 alteris
750 900 870 953 copiis
889 903 945 952 [et
961 914 1037 939 non
1055 901 1168 939 simul
1183 909 1318 939 contra
1334 901 1467 938 ambos
1485 899 1694 948 exercitus]

224 962 366 1001 Martis
388 964 509 1003 aleam
530 965 806 1016 experirentur.

275 1027 342 1062 27.
375 1025 579 1064 Enimvero
599 1026 668 1064 viri
696 1026 987 1078 praestantiores
1018 1026 1091 1064 illis
1119 1032 1186 1064 aut
1206 1025 1433 1063 Graecorum
1461 1023 1693 1062 amantiores

219 1086 376 1124 ostendi
396 1087 462 1137 qui
483 1087 645 1138 possint,
666 1088 745 1139 qui,
761 1102 809 1126 ne
831 1088 1026 1126 servitutis
1041 1101 1158 1126 causa
1173 1087 1323 1125 Graecis
1341 1094 1484 1131 essent,
1504 1093 1543 1124 et
1557 1087 1691 1124 urbem

222 1148 439 1186 desolatam
459 1156 498 1187 et
517 1162 631 1200 agros
645 1156 819 1188 vastatos
840 1158 876 1188 et
898 1163 1006 1187 sacra
1024 1150 1177 1201 direpta
1195 1155 1235 1187 et
1255 1149 1402 1200 templa
1420 1148 1590 1194 incensa,
1606 1149 1693 1185 uni-

219 1210 318 1248 versi
339 1210 505 1262 denique
527 1211 616 1249 belli
637 1212 777 1249 molem
797 1212 834 1249 in
862 1212 1024 1263 patriam
1055 1224 1165 1250 suam
1193 1223 1435 1256 conversam,
1455 1210 1594 1248 intueri
1617 1223 1694 1248 non

222 1272 478 1311 recusarunt?
514 1286 560 1311 ac
580 1287 628 1311 ne
659 1274 718 1311 his
748 1273 906 1324 quidem
928 1275 1116 1319 contenti,
1136 1280 1270 1311 contra
1297 1285 1414 1310 naves
1435 1272 1539 1310 mille
1561 1280 1600 1309 et
1620 1273 1691 1310 du-

219 1341 355 1372 centas
385 1335 456 1373 soli
485 1349 662 1386 pugnare
683 1328 873 1387 aggressi,
894 1349 970 1373 non
991 1344 1122 1374 tamen
1143 1335 1259 1373 etiam
1281 1336 1341 1372 siti
1364 1335 1537 1375 fuerunt:
1575 1335 1691 1372 Pelo—

220 1408 445 1447 ponnenses
471 1398 573 1435 enim
596 1411 729 1436 eorum
749 1398 890 1436 virtute
909 1398 1124 1449 pudefacti,
1146 1406 1198 1443 et,
1213 1398 1244 1435 si
1264 1397 1384 1435 nostri
1405 1397 1623 1448 periissent,
1644 1411 1691 1435 ne

220 1470 262 1496 se
283 1458 443 1509 quidem
467 1458 549 1498 fore
580 1460 815 1507 incolumes,
836 1461 894 1498 sin
923 1460 1121 1504 vicissent,
1154 1473 1244 1498 suas
1272 1461 1388 1497 urbes
1417 1459 1455 1496 in
1480 1458 1694 1510 ignominia

217 1519 300 1559 fore
326 1522 559 1573 cogitantes,
578 1523 683 1561 adire
708 1523 967 1574 periculorum
996 1523 1225 1560 societatem
1246 1528 1337 1560 sunt
1358 1522 1497 1560 coacti.
1552 1522 1610 1560 Ac
1631 1529 1691 1560 tu-

217 1582 361 1620 multus
391 1583 457 1633 qui
485 1584 524 1621 in
551 1596 599 1622 ea
628 1597 668 1622 re
696 1584 915 1622 inciderunt
941 1590 982 1620 et
1007 1584 1197 1621 clamores
1215 1591 1256 1621 et
1276 1582 1582 1629 cohortationes,
1602 1596 1690 1634 quae

215 1645 437 1682 communia
453 1652 543 1683 sunt
558 1646 729 1684 omnium
749 1645 940 1684 bellorum
955 1645 1164 1690 navalium,
1180 1658 1259 1682 non
1278 1645 1392 1682 video
1407 1658 1593 1696 quorsum
1607 1646 1692 1683 atti-

218 1713 311 1743 neat
331 1718 655 1745 commemorare:
686 1720 773 1758 quae
794 1713 924 1745 autem
953 1706 1069 1757 hujus
1098 1706 1172 1744 loci
1202 1706 1356 1758 propria
1389 1714 1480 1744 sunt
1505 1713 1545 1744 et
1570 1707 1689 1757 digna

217 1766 437 1819 principatu
469 1775 513 1813 et,
537 1781 654 1819 supra
683 1768 797 1806 dictis
823 1775 1103 1813 consentanea,
1133 1780 1179 1805 ea
1206 1768 1359 1805 demum
1386 1775 1443 1806 est
1470 1768 1544 1806 mei
1572 1769 1687 1807 officii

217 1827 361 1867 dicere.
417 1830 585 1868 Tantum
613 1830 715 1868 enim
745 1837 879 1869 nostra
907 1831 1011 1875 urbs,
1039 1829 1130 1866 dum
1162 1830 1366 1867 incolumis
1397 1837 1514 1874 esset,
1537 1831 1686 1869 caeteris

219 1891 457 1936 antecelluit,
480 1898 523 1930 ut
541 1905 678 1930 eversa
704 1892 818 1930 etiam
851 1891 979 1943 plures
1004 1892 1179 1930 triremes
1207 1891 1256 1929 ad
1283 1891 1322 1929 id
1348 1891 1523 1942 praelium
1544 1892 1581 1929 iu
1607 1906 1685 1943 quo
1721 1940 1723 1942 Ι

215 1951 382 1991 Graeciae
412 1954 518 1992 salus
547 1955 736 2005 agebatur
766 1953 975 1992 contulerit
1000 1966 1116 2004 quam
1143 1953 1273 1991 caeteri
1299 1966 1434 1991 omnes
1453 1954 1519 2004 qui
1540 1967 1684 2005 pugnae

213 2013 269 2051 illi
295 2015 564 2060 interfuerunt,
584 2028 711 2065 neque
731 2028 821 2053 vero
851 2016 1056 2066 quisquam
1088 2014 1237 2052 animos
1266 2015 1364 2052 adeo
1383 2027 1405 2052 a
1424 2016 1536 2053 nobis
1566 2016 1686 2055 habet

212 2074 376 2122 alienos,
394 2076 486 2127 quin
507 2076 672 2115 fateatur
688 2077 727 2114 id
744 2077 878 2114 navale
898 2077 1072 2127 praelium
1085 2076 1255 2114 victoriae
1275 2077 1394 2114 totius
1414 2077 1503 2115 belli
1525 2090 1683 2116 causam

213 2139 418 2185 exstitisse,
435 2145 551 2190 atque
570 2139 735 2190 idipsum
753 2146 897 2177 nostrae
914 2138 997 2176 urbi
1013 2146 1216 2189 acceptum
1232 2152 1318 2177 esse
1337 2139 1599 2178 referendum.

265 2202 333 2238 28.
363 2200 572 2239 Enimvero
599 2215 719 2251 quum
747 2201 851 2238 bello
881 2200 1036 2252 petendi
1067 2208 1182 2238 erunt
1208 2201 1372 2246 barbari,
1402 2214 1564 2251 quorum
1593 2215 1680 2241 esse
1717 2216 1720 2219 ·

212 2263 328 2301 decet
347 2263 632 2314 principatum?
669 2263 757 2301 Non
780 2275 913 2300 eorum
941 2263 1007 2313 qui
1034 2262 1138 2300 bello
1165 2261 1360 2312 superiore
1385 2263 1680 2314 praeclarissime

211 2337 253 2363 se
274 2332 493 2375 gesserunt,
515 2325 581 2374 qui
613 2331 653 2362 et
681 2324 859 2375 privatim
886 2324 1059 2375 pericula
1087 2337 1158 2375 pro
1189 2324 1270 2361 aliis
1300 2336 1406 2375 saepe
1435 2322 1614 2363 adierunt
1642 2333 1682 2365 et

209 2387 352 2438 primas
383 2386 422 2424 in
452 2386 722 2424 communibus
752 2385 1034 2423 discriminibus
1062 2385 1306 2423 meruerunt?
1342 2399 1420 2423 non
1449 2400 1581 2424 eorum
1612 2389 1677 2438 qui

208 2461 276 2499 pro
303 2447 428 2485 salute
456 2445 622 2485 Graeciae
651 2446 815 2498 patriam
842 2446 1119 2484 deseruerunt?
1157 2460 1235 2484 non
1265 2460 1399 2485 eorum
1425 2447 1491 2498 qui
1519 2456 1558 2486 et
1585 2449 1676 2487 olim

208 2510 394 2561 plurimas
424 2510 540 2548 urbes
573 2509 833 2549 condiderunt
863 2516 901 2547 et
931 2508 1089 2546 easdem
1123 2510 1304 2547 maximis
1336 2523 1356 2547 e
1389 2510 1676 2550 calamitatibus

208 2572 339 2610 denuo
359 2570 601 2623 eripuerunt?
630 2571 691 2608 An
711 2583 801 2608 vero
821 2583 899 2607 non
924 2569 1160 2620 iniquissime
1187 2571 1390 2609 nobiscum
1412 2580 1592 2622 ageretur
1609 2575 1676 2624 qui

207 2633 415 2671 maximam
443 2639 591 2683 partem
622 2632 810 2670 malorum
839 2631 1136 2678 examinavimus,
1166 2632 1197 2669 si
1229 2632 1267 2669 in
1297 2632 1444 2683 judicio
1473 2632 1674 2684 dignitatis

207 2695 335 2732 minus
351 2693 507 2731 lionoris
523 2692 867 2744 consequeremur?
889 2693 932 2737 si,
949 2692 1014 2744 qui
1030 2699 1110 2730 turn
1127 2706 1196 2744 pro
1213 2693 1337 2732 salute
1353 2697 1524 2732 omnium
1540 2695 1577 2733 in
1593 2693 1674 2735 acie

207 2756 330 2808 prima
350 2755 542 2800 stetimus,
563 2769 666 2793 nunc
687 2755 783 2793 alios
805 2755 914 2805 sequi
934 2754 1185 2806 cogeremur?

260 2818 333 2854 291
356 2816 563 2854 Hactenus
584 2817 763 2867 equidem
784 2814 1061 2855 scio‘constare
1079 2816 1173 2854 inter
1192 2829 1326 2854 omnes
1347 2824 1516 2855 nostram
1538 2819 1671 2858 urbem

207 2887 246 2919 et
266 2879 431 2931 plurima
451 2879 487 2916 in
510 2879 705 2917 Graeciam
729 2879 918 2918 beneficia
943 2879 1156 2917 contulisse
1180 2886 1219 2916 et
1242 2879 1373 2917 deberi
1399 2878 1451 2916 illi
1477 2880 1671 2932 principa-

209 2949 310 2981 tum:
341 2947 428 2993 post
445 2940 530 2979 haec
547 2948 676 2979 autem
697 2949 789 2979 sunt
807 2941 871 2992 qui
893 2954 964 2979 nos
985 2947 1184 2986 accusent,
1205 2948 1246 2978 ut
1265 2941 1329 2990 qui
1352 2948 1536 2992 suscepto
1557 2944 1672 2982 maris

214 3004 373 3055 imperio
397 3003 529 3042 multis
557 3003 732 3042 cladibus
753 3003 915 3041 Graecos
944 3002 1194 3048 affecerimus,
1224 3010 1262 3040 et
1290 3003 1386 3040 inter
1415 3003 1489 3041 alia
1514 3003 1673 3044 crimina
