1870 3277
239 156 315 190 ‘202
835 154 1124 196 lSOCRA'I'lS

787 290 1170 330 ACCUSATIO.

299 377 359 414 13.
388 373 644 414 Adversarius
678 375 793 427 igitur
828 378 1074 417 accusatione
1110 380 1184 418 ista
1218 393 1278 417 me
1312 380 1351 417 in
1385 379 1516 418 odium
1547 384 1710 416 conatur

241 436 452 484 adducere,
491 437 596 488 quod
636 449 880 489 corrumpam
918 439 1186 479 adolescentes
1230 441 1441 493 praeceptis
1478 441 1710 491 eloquentiae

240 498 454 544 tradendis,
478 499 619 550 quibus
642 499 822 537 instructi
842 506 977 539 contra
999 502 1064 553 jus
1085 509 1125 540 et
1144 516 1302 554 aequum
1323 502 1524 542 victoriam
1544 501 1581 539 in
1603 502 1711 553 judi·

239 560 310 598 ciis
349 561 637 612 adipiscantur3
689 561 840 598 caeteris
878 568 1008 600 autem
1042 565 1168 603 verbis
1203 565 1282 604 suis
1321 572 1471 603 tantum
1511 576 1571 601 me
1608 563 1712 608 facit,

241 627 410 672 quantus
430 635 544 661 nemo
565 635 737 673 unquam
764 622 837 660 fuit
865 636 989 674 neque
1015 626 1234 665 causidicus
1259 627 1295 664 in
1316 626 1494 678 judicum
1523 624 1716 662 subselliis

242 684 527 723 versatissimus
552 696 681 734 neque
711 684 748 721 in
777 685 854 723 otio
882 685 1139 739 philosophiae
1169 679 1308 726 studiis
1328 688 1608 727 deditissimus:
1642 698 1714 724 nec

243 747 343 784 enim
364 748 536 799 privatos
557 747 750 786 duntaxat
777 747 952 787 homines
978 750 1069 788 mihi
1097 751 1215 790 fuisse
1242 751 1456 803 discipulos
1485 750 1552 795 ait,
1581 747 1650 786 sed
1676 754 1717 786 et

243 815 417 847 oratores
437 816 476 847 et
497 809 617 847 duces
639 816 678 847 et
701 822 813 860 reges
839 817 878 848 et
904 817 1102 862 tyrannos,
1130 826 1152 850 a
1179 814 1316 864 quibus
1338 825 1518 863 magnam
1541 810 1717 862 pecuniae

244 871 321 908 vim
342 871 480 922 partim
500 871 715 923 acceperim
740 871 879 923 partim
901 886 1005 912 nunc
1027 874 1142 912 etiam
1166 875 1368 926 accipiam.
1416 874 1500 912 Hac
1522 880 1649 911 autem
1670 873 1718 910 de

245 944 365 970 causa
395 933 470 971 hoc
498 932 615 970 modo
644 933 836 971 actionem
867 933 1042 981 instituit,
1074 936 1180 987 quod
1210 936 1450 974 existimaret
1475 935 1550 972 ista
1579 934 1628 972 de
1656 947 1719 972 me

244 1000 360 1044 atque
384 995 523 1045 opibus
551 1000 591 1031 et
618 994 866 1032 multitudine
886 994 1164 1046 discipulorum
1188 996 1410 1046 jactitando
1436 1008 1478 1034 se
1503 994 1596 1032 mihi
1616 995 1719 1046 apud

244 1068 379 1099 omnes
397 1055 595 1094 auditores
612 1056 794 1094 invidiam
812 1058 1084 1104 conflaturum,
1097 1059 1333 1111 judiciorum
1351 1066 1477 1097 autem
1494 1058 1720 1096 tractatione

244 1117 513 1156 interserenda
528 1124 697 1156 vestram
715 1118 952 1157 iracundiam
974 1127 1012 1157 et
1027 1120 1159 1158 odium
1176 1129 1312 1159 contra
1333 1134 1393 1159 me
1413 1120 1719 1159 concitaturum:

247 1180 388 1230 quibus
410 1179 614 1218 affectibus
629 1179 783 1231 judices
805 1182 1018 1232 perturbati
1040 1182 1112 1221 reis
1133 1183 1363 1234 iniquissimi
1383 1184 1493 1221 fiunt.

304 1244 366 1280 14.
398 1242 476 1280 Sed
496 1255 570 1293 ego
591 1256 678 1292 eum
694 1242 875 1294 quaedam
898 1243 1101 1283 immodice
1119 1258 1396 1297 exaggerasse,
1413 1243 1595 1295 quaedam
1614 1257 1723 1296 pror-

248 1317 314 1343 sus
337 1305 566 1343 ementitum
593 1317 694 1350 esse,
714 1304 830 1343 facile
850 1318 911 1343 me
932 1306 1182 1356 probaturum
1203 1306 1371 1345 confido.
1433 1306 1531 1344 Peto
1551 1313 1678 1344 autem
1698 1319 1722 1345 a

247 1368 371 1413 vobis,
398 1381 447 1406 ne
473 1367 600 1406 verbis
631 1367 909 1405 maledicorum
939 1375 979 1406 et
1004 1369 1324 1408 calumniatorum
1343 1382 1431 1420 quae
1459 1368 1508 1407 de
1534 1381 1595 1406 me
1616 1369 1722 1420 prius

248 1428 451 1468 audivistis
481 1428 724 1475 auscultetis‚
751 1442 849 1468 neve
876 1442 923 1467 ea
950 1431 1116 1469 credatis
1141 1443 1228 1481 quae
1259 1432 1341 1469 sine
1372 1431 1453 1469 ulla
1483 1431 1722 1482 probatione,

249 1493 335 1531 sine
360 1493 524 1545 judicio,
554 1492 658 1531 dicta
685 1492 842 1539 fuerint,
873 1500 941 1531 aut
969 1493 1013 1531 iis
1040 1494 1285 1545 opinionibus
1307 1494 1343 1532 in
1364 1507 1463 1545 quas
1485 1493 1538 1530 illi
1558 1505 1625 1531 vos
1655 1506 1724 1544 per

249 1554 426 1606 injuriam
447 1554 696 1592 adduxerunt
715 1554 915 1601 insistam,
934 1555 1005 1593 sed
1025 1556 1150 1606 qualis
1171 1570 1257 1594 esse
1278 1557 1388 1595 vobis
1408 1569 1454 1595 ex
1473 1556 1550 1594 hac
1569 1568 1726 1594 accusa-

249 1617 353 1655 tione
374 1623 413 1655 et
432 1616 659 1655 defensione
679 1616 781 1654 visus
801 1617 925 1662 fuero,
947 1617 999 1655 ita
1020 1618 1068 1656 de
1089 1631 1150 1656 me
1173 1619 1373 1656 statuatis:
1404 1631 1492 1657 nam
1513 1618 1589 1656 hoc
1610 1625 1725 1669 pacto

250 1678 525 1726 decernentes,
546 1684 585 1716 et
605 1678 677 1730 ipsi
698 1684 800 1716 recte
819 1690 863 1716 ac
886 1679 1100 1718 secundum
1124 1679 1230 1731 leges
1248 1680 1486 1732 judicabitis,
1508 1687 1547 1720 et
1565 1680 1630 1732 jus
1651 1692 1725 1732 ego

249 1754 379 1779 meum
401 1741 605 1792 adipiscar.

310 1804 373 1840 15.
405 1802 610 1841 Neminem
631 1801 749 1853 igitur
769 1802 829 1840 vel
849 1802 1071 1854 eloquentia
1090 1804 1148 1842 vel
1178 1804 1328 1855 scriptis
1349 1803 1446 1842 meis
1466 1816 1553 1842 esse
1572 1803 1723 1850 laesum,

250 1864 326 1903 hoc
348 1864 558 1903 discrimen
585 1864 755 1901 maximo
782 1876 867 1902 esse
887 1865 1110 1903 testimonio
1131 1865 1374 1904 crediderim.
1433 1865 1536 1903 Nam
1556 1865 1588 1903 si
1607 1878 1724 1916 quem

251 1925 516 1972 offendissem,
543 1926 589 1972 is,
618 1926 688 1964 etsi
713 1933 888 1977 tempore
908 1927 1105 1978 superiore
1126 1927 1350 1978 quievisset,
1377 1927 1451 1965 hac
1479 1933 1583 1965 certe
1609 1939 1725 1965 occa-

253 1989 361 2027 sione
382 1997 536 2041 arrepta
556 2002 618 2026 me
638 1988 700 2026 vel
722 1996 928 2027 accusaret
947 1989 1007 2027 vel
1033 1990 1256 2029 testimonio
1277 1997 1537 2042 oppugnaret.
1593 1989 1726 2034 Quum

252 2050 354 2087 enim
374 2049 446 2089 iste
468 2049 578 2087 nullo
600 2062 773 2101 unquam
792 2051 911 2088 verbo
932 2064 954 2089 a
975 2063 1034 2089 me
1054 2051 1171 2090 laesus
1192 2053 1231 2090 in
1258 2058 1411 2090 tantum
1431 2064 1492 2090 me
1512 2052 1727 2104 periculum

253 2112 474 2163 adduxerit,
491 2119 637 2163 quanto
657 2112 782 2163 magis
802 2111 856 2150 illi
874 2112 1014 2164 quibus
1036 2114 1315 2153 malefecissem
1337 2127 1360 2152 a
1380 2127 1442 2152 me
1460 2126 1595 2166 poenas
1615 2128 1729 2167 expe-

253 2180 334 2212 tere
355 2180 604 2212 conarentur.
662 2173 766 2211 Nam
792 2173 888 2212 illud
911 2174 1069 2226 quidem
1097 2188 1225 2226 neque
1245 2182 1553 2215 consentaneum
1574 2183 1635 2215 est
1653 2190 1728 2216 nec

255 2236 414 2274 omnino
433 2235 515 2274 fieri
534 2240 679 2287 potest,
703 2242 745 2275 ut
771 2248 846 2286 ego
866 2236 1010 2275 multos
1031 2236 1273 2285 offenderim,
1302 2237 1357 2276 illi
1374 2250 1466 2276 vero
1484 2237 1549 2288 qui
1570 2237 1607 2275 in
1627 2238 1730 2277 cala.-

253 2298 407 2336 mitates
427 2310 495 2348 per
522 2309 584 2335 me
610 2296 776 2345 conjecti
807 2303 900 2336 sunt
919 2298 1126 2348 quiescant
1152 2311 1228 2337 nec
1254 2312 1443 2339 accusare
1469 2299 1611 2346 ausint,
1631 2301 1730 2339 etin

254 2359 437 2411 periculis
468 2358 563 2396 meis
599 2358 744 2410 majore
778 2371 871 2409 erga
901 2372 963 2398 me
997 2362 1296 2400 mansuetudine
1327 2368 1487 2400 utantur
1517 2374 1635 2412 quam
1668 2362 1732 2401 isti

256 2421 399 2472 quibus
419 2420 529 2459 nulla
548 2426 608 2458 est
627 2433 649 2458 a
669 2432 730 2458 me
747 2425 832 2459 orta
846 2420 997 2472 injuria,
1013 2435 1132 2473 quum
1151 2423 1205 2462 eis
1223 2424 1358 2463 liceret
1371 2423 1654 2474 conquestione
1669 2424 1735 2463 jn-

257 2483 554 2522 commodorum
573 2495 731 2520 suorum
750 2494 943 2520 summum
959 2484 1052 2522 mihi
1069 2485 1300 2536 supplicium
1316 2484 1500 2537 irrogare.
1541 2487 1594 2524 At
1609 2499 1732 2537 neque

256 2546 360 2597 prius
381 2558 508 2596 neque
530 2557 635 2583 nunc
656 2543 864 2595 quicquam
885 2545 962 2583 tale
989 2544 1081 2583 mihi
1109 2559 1333 2598 quenquam
1353 2546 1544 2598 objecisse
1563 2554 1733 2586 constat.

258 2606 404 2652 Quare,
425 2606 457 2644 si
478 2605 697 2645 accusatori
723 2605 979 2644 concederem
1007 2614 1046 2645 et
1072 2607 1175 2646 ultro
1203 2609 1363 2660 largirer
1389 2621 1449 2646 me
1469 2609 1640 2648 omnium
1659 2610 1731 2649 ho-

256 2669 403 2706 minum
415 2681 501 2708 esse
515 2667 890 2719 eloquentissimum,
905 2676 945 2706 et
958 2669 1176 2707 orationum
1190 2683 1276 2721 quae
1291 2670 1398 2709 vobis
1412 2669 1587 2709 molestae
1602 2678 1734 2710 essent

257 2729 375 2768 talem
403 2730 628 2782 scriptorem
649 2729 776 2781 qualis
802 2742 916 2768 nemo
943 2729 1041 2768 alius
1068 2731 1294 2777 exstitisset,
1323 2730 1575 2770 humanitatis
1599 2733 1730 2784 potius

256 2791 415 2830 laudem
431 2804 549 2841 quam
567 2804 722 2843 poenam
743 2804 910 2830 merear:
942 2805 1031 2830 nam
1049 2793 1238 2831 excellere
1258 2792 1341 2832 aliis
1357 2794 1418 2831 vel
1434 2793 1655 2845 eloquentia
1669 2795 1730 2834 vel

256 2854 374 2892 rebus
403 2853 584 2905 gerendis
614 2853 782 2893 fortunae
814 2854 950 2893 merito
980 2855 1184 2903 tribuetur,
1212 2868 1345 2894 verum
1375 2857 1533 2908 ingenio
1563 2859 1662 2897 bene
1691 2865 1731 2897 et

258 2915 457 2955 moderate
479 2927 564 2955 esse
587 2929 699 2954 usum
720 2916 924 2968 probitatis
947 2930 1042 2956 meae
1064 2918 1220 2969 propria
1237 2918 1320 2956 laus
1341 2918 1471 2957 fuerit.
