1870 3277
257 125 330 159 4⁴24
846 124 1111 162 DINARCHI

258 236 336 260 suae
356 223 474 260 ullum
494 225 634 262 crimen
664 232 729 263 aut
756 225 962 276 periculum
990 233 1193 264 crearetur.
1251 227 1345 264 Haec
1372 240 1454 265 curn
1476 228 1604 278 populi
1628 231 1687 276 ju-

257 284 356 321 dicio
375 291 477 322 recte
502 291 615 336 atque
642 285 781 324 utiliter
807 295 893 325 acta
921 295 1060 333 essent,
1081 301 1182 326 nunc
1203 287 1382 338 querelae,
1404 289 1688 338 provocationes

256 352 368 395 atque
383 346 582 384 calumniae
599 361 618 384 a
639 348 902 386 Demosthene
915 349 1395 400 afferuntur,posteaquam
1412 350 1616 387 indicatum
1632 358 1689 387 est

254 418 340 442 eum
360 407 490 456 viginti
511 408 591 445 auri
612 408 754 446 talenta
769 409 983 459 accepisse:
1013 410 1043 447 is
1064 423 1153 461 ergo
1174 417 1342 454 senatus,
1363 411 1469 461 cujus
1489 412 1611 460 gravis
1629 419 1688 449 est

255 468 458 506 auctoritas
479 469 515 505 in
537 482 620 507 vere
640 470 943 520 pervestigandis
964 478 1002 508 et
1020 478 1121 509 recte
1139 471 1393 521 dijudicandis
1414 471 1583 508 caedibus
1603 484 1689 508 con-

254 527 354 566 sulto
374 529 496 574 factis,
517 530 579 580 qui
601 537 825 580 potestatem
845 530 959 569 habet
977 539 1056 569 tum
1084 532 1131 570 de
1159 545 1316 582 corpore
1335 539 1374 569 et
1400 532 1475 569 vita
1502 532 1686 581 cujusque

251 589 341 627 civis
371 591 645 640 pronunciandi
680 598 758 628 tum
780 592 946 630 violenta
978 600 1100 630 morte
1133 594 1335 644 peremptis
1367 592 1592 642 opitulandi,
1623 605 1687 630 eos

252 658 376 688 autem
395 652 458 701 qui
480 652 619 703 aliquid
641 653 881 691 interdictum
903 653 1050 704 legibus
1070 654 1106 691 in
1126 655 1216 691 urbe
1243 654 1513 692 commiserunt
1540 653 1597 690 vel
1619 654 1687 703 eji-

251 711 375 750 ciendi
402 713 460 750 vel
481 714 603 764 capite
630 714 837 764 plectendi,
859 715 890 752 is
910 727 1001 765 ergo
1028 729 1128 752 nunc
1149 715 1285 752 indicio
1305 715 1352 753 de
1375 715 1537 765 pecunia
1555 721 1688 752 contra

255 774 549 813 Demosthenem
571 776 748 827 factojus
768 790 875 814 suum
897 784 1010 827 atque
1031 777 1293 815 auctoritatem
1313 776 1489 814 amittet?

305 837 341 874 2.
372 837 473 877 Quid
501 836 563 874 ni?
591 837 688 875 falso
719 839 817 875 enim
851 838 1069 889 praejudicio
1101 845 1255 875 senatus
1283 838 1583 876 Demosthenem
1617 851 1685 889 op-

252 899 402 948 pressit.
459 897 510 934 Et
527 898 619 948 quid
639 897 727 935 addi
742 907 857 948 queat
871 899 918 936 ad
934 899 1039 936 istam
1056 898 1358 949 impudentiam?
1413 899 1466 936 Te
1480 899 1624 936 scilicet
1641 912 1685 936 ac

255 958 464 996 Demadem
485 958 684 997 mendacio
708 959 923 1010 oppressit?
952 959 988 996 in
1008 972 1117 1010 quos,
1146 967 1187 997 ut
1213 972 1271 997 res
1299 959 1481 1004 declarat,
1501 971 1572 996 nec
1599 972 1688 998 vera

252 1018 377 1057 dicere
403 1026 525 1056 tutum
551 1019 638 1057 est?
667 1021 730 1070 qui
761 1021 862 1071 prius
890 1021 1009 1058 multa
1035 1020 1189 1071 publica
1215 1021 1369 1071 negotia
1401 1021 1435 1058 ei
1464 1020 1688 1071 inquirenda

252 1079 460 1117 mandastis
480 1080 674 1131 saetasque
687 1082 946 1133 inquisitiones
961 1082 1170 1120 laudastis?
1199 1090 1237 1120 et
1248 1095 1344 1133 quos
1361 1083 1538 1120 universa
1556 1082 1687 1120 civitas

249 1151 385 1190 cogere
403 1154 479 1179 non
505 1149 631 1193 potest
651 1151 692 1181 ut
710 1156 754 1181 ea
775 1157 861 1194 quae
880 1157 992 1195 aequa
1010 1151 1096 1182 sunt
1118 1143 1271 1189 faciant,
1291 1151 1422 1181 contra
1439 1156 1504 1181 eos
1531 1151 1686 1181 senatus

250 1201 388 1240 falsum
415 1202 594 1241 indicium
621 1204 743 1242 fecit?
798 1205 832 1242 O
853 1206 1016 1256 Jupiter.
1074 1205 1153 1243 Cur
1180 1218 1270 1256 ergo
1298 1205 1333 1241 in
1361 1205 1543 1242 concione
1563 1205 1686 1255 capite

247 1263 339 1301 dare
358 1276 489 1314 poenas
508 1277 583 1303 non
613 1266 817 1304 recusabas
847 1266 1144 1311 Demosthenes,
1173 1266 1202 1303 si
1223 1273 1259 1303 te
1281 1273 1434 1303 senatus
1461 1265 1686 1302 detulisset?

251 1324 330 1362 Cur
348 1331 386 1362 tu
408 1325 546 1363 multos
567 1326 751 1365 sustulisti
779 1327 926 1365 indiciis
947 1335 1100 1365 senatus
1126 1326 1277 1364 nitens?
1332 1326 1419 1369 Quo
1440 1339 1479 1363 se
1498 1339 1599 1363 nunc
1619 1338 1687 1376 po-

247 1386 359 1436 pulus
379 1393 573 1425 convertat
591 1393 657 1425 aut
674 1389 812 1438 quibus
831 1388 1111 1439 inquisitionem
1135 1389 1382 1426 obscurorum
1404 1394 1443 1425 et
1460 1400 1683 1437 magnorum

244 1446 455 1485 sacInorum
475 1448 633 1486 mandet
647 1449 695 1486 ad
715 1450 1024 1501 comperiendam
1044 1448 1268 1486 veritatem?
1298 1449 1396 1486 Nam
1412 1447 1449 1485 id
1469 1448 1684 1493 concilium,

247 1507 349 1558 quod
368 1509 471 1558 prius
490 1509 566 1547 fide
586 1509 742 1560 dignum
763 1510 935 1548 habitum
958 1517 1028 1556 est,
1057 1517 1097 1547 tu
1117 1511 1183 1560 qui
1203 1518 1238 1547 te
1259 1510 1477 1560 popularem
1498 1509 1683 1560 perhiberi

245 1568 419 1619 postulas
450 1570 599 1616 evertis,
630 1570 740 1621 cujus
766 1571 853 1608 fidei
883 1571 1046 1621 populus
1078 1570 1192 1607 vitam
1223 1571 1362 1608 civium
1393 1571 1595 1614 commisit,
1624 1571 1685 1607 cui

245 1629 519 1680 rempublicam
540 1637 579 1668 et
598 1630 808 1669 libertatem
829 1645 931 1682 saepe
947 1631 1236 1669 custodiendam
1259 1631 1427 1676 tradidit,
1447 1631 1548 1681 quod
1577 1639 1685 1668 tuum

245 1703 383 1741 corpus
402 1697 445 1729 ut
465 1705 505 1729 se
533 1705 633 1730 nunc
654 1692 835 1731 conviciis
862 1692 1072 1730 incesseres
1094 1693 1240 1730 scilicet
1260 1693 1432 1731 defendit
1452 1705 1552 1743 saepe
1574 1714 1624 1720 —-
1645 1699 1685 1730 ut

244 1758 285 1789 tu
307 1752 361 1790 ais
381 1775 432 1781 ——
449 1752 596 1790 insidiis
615 1754 838 1803 appetitum,
857 1754 960 1801 quod
982 1766 1120 1792 arcana
1138 1762 1248 1804 pacta
1262 1761 1476 1800 conservat,
1495 1754 1533 1791 in
1547 1754 1683 1804 quibus

244 1813 317 1851 sita
336 1820 396 1850 est
409 1814 514 1851 salus
531 1812 762 1862 reipublicae;
1527 1849 1529 1851 ,

300 1876 337 1912 3.
367 1874 514 1925 Atjure
532 1873 714 1921 hoc,jure
730 1872 1014 1924 quodammodo
1034 1874 1173 1912 accidit
1189 1875 1352 1913 concilio
1369 1889 1378 1913 :
1407 1888 1478 1913 nec
1494 1875 1592 1913 enirn
1607 1876 1684 1913 dis-

244 1935 431 1973 simulabo
451 1935 676 1973 sententiam
695 1947 832 1972 meam.
890 1935 1030 1972 Decuit
1049 1936 1149 1972 enim
1169 1949 1247 1981 eos,
1268 1943 1334 1974 aut
1351 1936 1454 1987 prius
1473 1937 1522 1974 de
1543 1944 1686 1975 trecen-

247 1996 294 2034 tis
315 1996 466 2035 talentis
486 2009 611 2048 arege
628 1996 832 2034 Persarum
856 1996 980 2034 allatis
1008 1996 1207 2047 inquirere,
1224 1998 1546 2048 quemadmodum
1567 2011 1687 2050 popu·

245 2057 304 2095 lus
324 2058 587 2105 constituerat,
607 2066 650 2096 ut
667 2066 747 2096 tum
773 2058 847 2096 ista
863 2058 992 2096 bellua
1016 2059 1202 2110 supplicio
1229 2059 1378 2106 affecta,
1409 2067 1448 2098 et
1466 2059 1510 2098 iis
1536 2061 1599 2110 qui
1619 2074 1685 2111 pe-

246 2119 396 2156 cuniam
416 2119 516 2157 illam
535 2119 662 2169 partiti
682 2126 790 2158 erant
814 2119 989 2170 cognitis,
1009 2126 1046 2157 et
1066 2120 1278 2171 proditione
1299 2133 1375 2171 qua
1393 2121 1596 2159 Thebanos
1615 2121 1686 2159 iste

246 2179 412 2230 perdidit
430 2180 466 2216 in
486 2180 608 2218 lucem
630 2181 789 2231 prolata,
810 2181 884 2219 isto
904 2181 1034 2232 populi
1053 2181 1150 2219 duce
1168 2181 1315 2219 liberati
1335 2195 1505 2220 essemus
1525 2196 1593 2234 pro
1608 2195 1685 2220 me-

246 2240 317 2278 rito
343 2240 554 2278 mulctato:
585 2248 665 2287 aut,
695 2242 724 2278 si
744 2255 808 2279 vos
839 2242 914 2279 ista
945 2241 1162 2279 condonare
1192 2242 1444 2280 Demostheni
1468 2243 1684 2280 voluissetis

246 2313 324 2351 quo
335 2300 443 2338 multi
457 2301 496 2338 in
514 2302 605 2339 urbe
625 2301 854 2340 exsisterent
873 2302 937 2354 qui
956 2310 1088 2340 contra
1104 2315 1172 2341 vos
1198 2316 1356 2341 munera
1371 2311 1564 2355 caperent,
1583 2304 1682 2342 hanc
1719 2304 1722 2308 ”

245 2362 424 2400 indicatae
439 2362 519 2413 jam
539 2363 711 2413 pecuniae
731 2363 1013 2414 inquisitionem
1032 2378 1109 2403 non
1125 2365 1332 2416 suscipere,
1349 2373 1391 2404 ut
1410 2367 1472 2417 qui
1485 2367 1589 2417 prius
1604 2366 1685 2417 qui-

246 2423 317 2461 bus
347 2423 481 2461 animis
501 2423 633 2462 essetis
665 2424 875 2475 periculum
903 2425 1108 2470 fecissent;
1138 2427 1278 2478 quippe
1306 2440 1394 2465 cum
1413 2425 1561 2466 'indicio
1582 2439 1684 2463 nunc

246 2484 342 2522 adeo
355 2490 458 2522 recte
477 2491 515 2522 et
529 2486 632 2534 juste
651 2491 786 2523 contra
804 2485 920 2524 istum
939 2493 978 2524 et
997 2494 1155 2525 caeteros
1175 2488 1278 2526 facto
1298 2495 1454 2526 senatus
1473 2487 1683 2538 Areopagi-

246 2547 346 2586 ticus
367 2560 491 2599 neque
510 2546 785 2587 Demosthenis
803 2562 927 2599 neque
954 2549 1139 2588 Demadis
1155 2563 1247 2601 opes
1263 2550 1487 2596 formidarit,
1506 2549 1574 2588 sed
1603 2563 1682 2588 ma—

241 2607 363 2658 jorem
381 2609 571 2660 aequitatis
591 2616 631 2648 et
648 2610 816 2648 veritatis
842 2610 1027 2649 rationem
1053 2610 1241 2656 habuerit,
1263 2611 1508 2649 nihilominus
1537 2611 1683 2649 Demo-

248 2669 402 2708 sthenes
429 2671 633 2710 circumeat
650 2679 689 2710 et
715 2678 890 2710 senatum
915 2673 1104 2710 insectans
1133 2679 1173 2710 et
1201 2673 1444 2724 semetipsum
1465 2672 1615 2724 jactans
1640 2672 1682 2710 iis

246 2731 369 2768 verbis
387 2732 525 2782 quibus
542 2733 706 2772 fortasse
720 2733 821 2785 apud
837 2747 905 2773 vos
924 2734 1048 2772 statim
1068 2740 1195 2772 utetur
1214 2734 1427 2785 decipiendi
1448 2734 1581 2784 gratia,
1595 2747 1682 2772 cum

247 2790 348 2829 dicet
390 2793 448 2830 Se
489 2794 715 2833 effecisse
763 2801 814 2833 ut
858 2795 1071 2833 Thebani
1115 2795 1393 2833 societatem
1438 2795 1683 2833 vobiscum

247 2852 440 2891 inirent.
498 2854 609 2894 Non:
638 2856 705 2895 sed
724 2856 762 2895 id
791 2856 896 2907 quod
921 2870 1031 2907 aeque
1057 2856 1199 2895 civitati
1228 2857 1380 2908 utrique
1399 2856 1624 2908 expediebat
1643 2863 1683 2896 tu
