1870 3277
680 165 1085 206 PANEGYRICUS.
1562 166 1612 203 39

151 270 375 309 defensione
395 283 482 310 curn
503 271 646 309 exteris
668 284 743 309 non
766 270 1001 320 confligitur,
1033 268 1101 306 sed
1123 269 1223 306 intra
1244 268 1328 319 ipsa
1348 267 1491 305 moenia
1510 268 1614 306 cives

150 332 248 371 inter
278 346 362 372 sese
395 333 644 385 praeliantur?
687 345 764 383 quo
796 332 923 383 plures
958 331 1071 368 urbes
1101 337 1227 381 captae
1259 336 1349 367 sunt
1378 342 1495 380 quam
1524 335 1613 367 ante

148 407 284 444 pacem
314 394 589 434 constitutam?
627 407 704 445 quo
735 400 890 445 propter
924 392 1179 430 mutationum
1210 391 1464 441 frequentiam
1497 392 1521 429 ii
1547 391 1613 442 qui

149 456 263 493 urbes
286 462 419 494 tenent
439 458 550 494 rebus
572 456 650 493 suis
672 455 855 493 diffidunt
877 455 998 505 magis
1019 466 1136 504 quam
1156 454 1220 503 qui
1240 453 1382 490 exsiliis
1403 460 1492 490 sunt
1514 453 1611 490 mul-

147 516 266 554 ctati?
289 517 386 555 Nam
405 518 457 555 illi
473 517 630 567 quidem
651 516 915 567 impendentia
931 515 1031 553 mala
1045 515 1266 559 formidant,
1280 514 1318 551 hi
1333 514 1612 552 restitutionem

149 590 299 629 semper
317 586 556 630 exspectant.
606 579 638 615 A
659 579 833 616 libertate
853 590 941 615 vero
962 584 1000 614 et
1019 577 1098 614 suis
1116 577 1267 626 legibus
1287 583 1434 613 tantum
1456 577 1612 621 absunt,

150 647 193 677 ut
213 641 299 678 aliae
319 643 487 692 tyrannis
508 648 681 692 pareant,
705 641 789 678 aliae
812 654 834 678 a
855 639 1052 677 Laconicis
1073 639 1265 689 praefectis
1287 644 1507 683 teneantur,
1527 638 1612 676 aliae

150 701 322 740 funditus
339 716 497 749 eversae,
515 703 599 740 aliae
616 716 638 740 a
653 702 824 740 barbaris
840 714 1037 752 oppressae
1052 701 1228 751 jaceant:
1251 712 1347 749 quos
1364 699 1401 736 in
1419 699 1614 750 Europam

149 763 321 814 trajicere
347 778 464 802 ausos
485 772 523 802 et
542 764 678 802 animis
699 764 798 801 ultra
816 776 931 814 quam
956 775 1024 812 par
1043 768 1124 799 erat
1150 762 1273 799 elatos
1294 761 1347 798 ita
1366 773 1438 798 nos
1458 773 1614 811 compe-

150 825 335 871 scuimus,
357 833 399 863 ut
418 839 494 863 non
515 832 665 864 tantum
686 825 811 862 nullas
833 831 968 862 contra
987 836 1057 861 nos
1077 823 1343 874 expeditiones
1361 822 1614 873 susciperent,

152 886 221 924 sed
245 900 335 925 suos
362 887 475 924 etiam
498 901 611 938 agros
634 887 774 925 vastari
795 892 1032 937 paterentur,
1062 892 1101 922 et
1123 897 1205 930 eos,
1227 884 1292 934 qui
1313 883 1414 920 mille
1434 884 1616 922 ducentis

151 948 312 986 navibus
331 948 524 987 Graeciam
540 949 929 998 circumnavigarant‚
945 947 995 984 ad
1010 960 1092 985 eam
1108 945 1363 983 humilitatem
1381 946 1615 995 redegimus,

152 1016 195 1046 ut
215 1009 314 1048 intra
332 1010 578 1048 Phaselidem
600 1011 719 1061 longa
740 1022 836 1047 nave
857 1021 934 1046 non
958 1007 1210 1059 appellerent,
1226 1006 1294 1044 sed
1314 1006 1559 1056 quiescerent
1579 1015 1619 1045 et

150 1072 376 1109 occasiones
397 1080 678 1123 exspectarent,
705 1084 833 1122 neque
862 1069 1048 1121 potentiae
1070 1082 1150 1107 suae
1172 1068 1425 1106 confiderent.
1483 1071 1618 1119 Atque

152 1131 238 1170 haec
258 1134 307 1170 ob
329 1134 517 1184 majorum
542 1141 762 1171 nostrorum
782 1132 960 1168 virtutem
979 1132 1032 1168 ita
1058 1143 1097 1167 se
1123 1129 1319 1173 habuisse,
1347 1129 1448 1166 urbis
1474 1137 1618 1167 nostrae

153 1195 392 1234 calamitates
414 1197 616 1248 perspicue
646 1196 882 1233 docuerunt:
914 1193 1027 1231 simul
1054 1193 1154 1230 enim
1181 1198 1219 1229 et
1245 1191 1356 1229 nobis
1382 1190 1619 1242 principatus

152 1264 210 1295 est
229 1265 384 1308 ereptus
405 1265 444 1296 et
469 1257 732 1295 calamitatum
761 1255 988 1306 principium
1016 1252 1165 1290 Graecis
1188 1258 1248 1289 est
1268 1258 1457 1288 exortum.
1516 1252 1617 1289 Nam

153 1326 242 1368 post
279 1319 430 1356 cladem
469 1316 828 1368 Hellespontiacam
867 1314 950 1352 aliis
980 1313 1181 1364 imperium
1221 1311 1369 1363 adeptis
1401 1312 1553 1349 barbari
1583 1320 1622 1350 et

153 1379 280 1417 navali
304 1379 437 1430 praelio
465 1380 649 1424 vicerunt,
676 1385 717 1415 et
740 1376 854 1414 maris
879 1375 1079 1427 imperium
1105 1380 1322 1418 tenuerunt,
1352 1379 1390 1410 et
1415 1373 1619 1424 plerasque

152 1441 298 1480 insulas
320 1449 574 1493 occuparunt,
595 1449 634 1478 et
653 1451 885 1478 exscensum
901 1438 940 1475 in
958 1437 1170 1475 Laconiam
1189 1436 1377 1482 fecerunt,
1394 1442 1430 1472 et
1447 1436 1621 1484 Cythera

153 1503 188 1541 vi
221 1511 508 1555 expugnarunt,
542 1509 582 1541 et
615 1502 836 1540 universam
869 1500 1185 1551 Peloponnesum
1218 1498 1343 1536 classe
1373 1497 1620 1538 circumvecti

155 1566 389 1604 afflixerunt,

207 1629 271 1665 34.
304 1627 538 1678 Magnitudo
565 1632 694 1665 autem
716 1625 940 1663 mutationis
968 1623 1068 1661 illius
1095 1623 1149 1661 ita
1172 1622 1335 1660 maxime
1354 1621 1620 1673 perspicietur,

153 1688 182 1726 si
204 1689 361 1734 foedera,
384 1697 466 1726 tum
497 1702 544 1726 ea
573 1702 660 1739 quae
689 1687 800 1725 nobis
828 1685 1106 1737 imperantibus
1127 1685 1232 1722 facta
1251 1691 1331 1721 tum
1353 1697 1439 1734 quae
1461 1697 1562 1722 nunc
1582 1685 1620 1721 in

154 1750 286 1788 literas
307 1751 426 1788 relata
447 1757 550 1795 sunt,
571 1751 766 1801 legantur.
826 1748 908 1785 Nos
936 1747 1038 1784 enim
1069 1754 1164 1784 tunc
1195 1752 1234 1783 et
1263 1746 1359 1783 fines
1390 1745 1621 1796 designasse

152 1812 298 1863 imperii
319 1812 418 1862 regis
439 1819 477 1849 et
502 1812 646 1850 tributa
669 1810 850 1861 quaedam
878 1809 1078 1847 ordinasse
1099 1815 1137 1845 et
1155 1808 1269 1845 maris
1290 1820 1378 1845 eum
1399 1820 1469 1844 usu
1492 1807 1620 1858 prohi-

152 1874 284 1911 buisse
304 1873 517 1911 constabit:
549 1886 653 1910 nunc
674 1872 736 1909 ille
764 1871 795 1908 is
825 1877 885 1908 est
912 1870 976 1920 qui
1004 1869 1197 1906 Graeciam
1219 1869 1422 1919 gubernet,
1440 1869 1505 1918 qui
1525 1869 1620 1918 quid

153 1935 316 1985 singulis
338 1934 556 1973 faciendum
579 1934 628 1972 sit
646 1934 823 1983 imperet,
845 1939 883 1969 et
905 1938 1055 1969 tantum
1076 1944 1154 1968 non
1174 1930 1380 1981 praefectos
1402 1930 1439 1966 in
1463 1931 1620 1968 urbibus

154 1996 378 2034 constituat.
428 1996 531 2038 Quid
550 1995 648 2032 enim
669 1993 805 2043 reliqui
821 1999 880 2030 est
899 2005 977 2029 uno
997 1992 1070 2029 hoc
1086 1990 1272 2041 excepto?
1302 1991 1390 2027 Non
1412 1998 1451 2028 et
1478 1991 1619 2029 bellum

156 2058 192 2095 in
213 2063 404 2107 potestate
426 2056 575 2101 habuit,
595 2062 634 2092 et
659 2055 766 2105 pacis
793 2055 981 2104 interpres
1009 2053 1093 2098 fuit,
1115 2059 1155 2090 et
1180 2065 1304 2090 rerum
1327 2065 1414 2102 quae
1436 2061 1623 2102 geruntur

155 2120 326 2157 omnium
347 2119 472 2156 factus
493 2125 550 2156 est
575 2116 813 2155 moderator?
844 2129 918 2153 non
950 2115 999 2153 ad
1027 2128 1114 2153 eum
1136 2121 1320 2164 tanquam
1348 2114 1396 2151 ad
1419 2115 1619 2153 dominum

155 2180 396 2230 navigamus,
415 2179 475 2217 alii
497 2179 590 2217 alios
610 2177 850 2216 accusaturi?
880 2190 956 2215 non
979 2190 1066 2215 eum
1087 2176 1199 2227 quasi
1226 2175 1328 2213 bello
1347 2176 1449 2226 capti
1468 2176 1619 2228 Regem

157 2243 347 2293 Magnum
380 2239 646 2292 appellamus?
686 2252 813 2277 annon
847 2239 883 2276 in
914 2238 1022 2277 bellis
1056 2238 1154 2275 inter
1179 2250 1250 2275 nos
1283 2237 1474 2276 intestinis
1510 2251 1619 2289 spem

157 2304 290 2343 salutis
311 2304 348 2341 in
370 2316 429 2348 eo,
451 2303 516 2353 qui
546 2314 618 2340 nos
645 2308 826 2350 utrosque
852 2300 1114 2339 internecione
1131 2299 1280 2338 deletos
1302 2299 1431 2344 vellet,
1453 2300 1621 2339 colloca-

156 2365 267 2404 mus?
318 2364 490 2415 AEquum
508 2364 623 2415 igitur
642 2363 759 2400 fuerit
777 2362 837 2400 his
859 2363 972 2400 rebus
994 2361 1248 2400 consideratis
1270 2367 1351 2398 tum
1371 2360 1474 2399 hunc
1495 2375 1618 2400 rerum

156 2436 297 2468 statum
320 2428 458 2478 iniquis
479 2427 567 2464 ferri
589 2426 738 2472 animis,
761 2433 842 2463 tum
870 2432 1040 2463 nostram
1064 2423 1277 2475 imperandi
1305 2423 1488 2461 rationem
1517 2424 1620 2462 desi-

156 2490 293 2535 derari,
313 2496 395 2527 tum
416 2488 721 2526 Lacedaemoniis
744 2487 980 2531 succenseri,
1004 2486 1083 2537 qui,
1107 2499 1224 2537 quum
1247 2485 1354 2522 initio
1373 2484 1515 2522 bellum
1537 2499 1621 2525 sus-

157 2552 352 2603 cepissent
371 2550 480 2601 quasi
503 2550 666 2588 Graecos
687 2550 899 2594 liberaturi,
921 2548 971 2586 ad
991 2555 1203 2586 extremum
1224 2554 1301 2584 tam
1323 2546 1464 2584 multos
1487 2559 1619 2586 eorum

155 2613 329 2652 barbaris
349 2612 596 2657 dediderunt,
612 2618 649 2649 et
671 2611 786 2649 Iones
807 2610 969 2648 colonos
990 2616 1143 2647 nostros
1163 2619 1342 2658 saepeque
1358 2620 1380 2645 a
1399 2608 1508 2645 nobis
1528 2621 1622 2647 con-

158 2683 331 2714 servatos
353 2687 375 2712 a
395 2680 528 2711 nostra
548 2673 641 2711 urbe
663 2674 879 2711 abstractos
907 2671 1079 2709 barbaris
1111 2669 1372 2720 subjecerunt,
1393 2670 1532 2720 quibus
1560 2671 1619 2709 in-

158 2737 244 2774 vitis
273 2743 312 2774 et
339 2735 534 2786 regionem
562 2747 668 2772 suam
698 2740 832 2771 tenent
852 2740 891 2771 et
908 2740 1044 2770 contra
1064 2744 1160 2781 quos
1182 2730 1398 2781 belligerari
1421 2744 1620 2782 nunquam

160 2797 402 2835 destiterunt.
458 2796 517 2833 Ac
548 2802 630 2833 tum
658 2794 814 2845 quidem
843 2793 1155 2844 indignabantur,
1175 2804 1294 2842 quum
1315 2804 1387 2829 nos
1406 2792 1621 2843 legitimum

160 2859 197 2896 in
217 2857 405 2908 quosdam
430 2857 631 2909 imperium
653 2868 944 2907 usurparemus:
976 2867 1078 2892 nunc
1106 2866 1196 2891 vero
1223 2853 1308 2891 illos
1337 2852 1404 2892 tali
1438 2853 1621 2891 servitute

162 2931 366 2973 oppressos
385 2919 478 2958 nihil
495 2925 649 2964 curant;
678 2931 750 2957 nec
770 2919 869 2957 enim
891 2917 965 2956 hoc
984 2916 1074 2955 mali
1094 2915 1188 2956 satis
1207 2923 1279 2964 est,
1299 2916 1406 2968 quod
1425 2923 1463 2954 et
1481 2916 1625 2954 tributa

614 3040 636 3065 ,Ι
