1870 3277
517 173 590 210 DE
622 173 853 211 HAGNIAE
883 173 1255 210 HEREDITATE.
1536 170 1612 206 415

166 286 242 324 quo
260 274 385 311 minus
401 282 525 312 autem
541 276 612 326 ipsi
631 288 691 313 me
711 275 858 313 actione
879 280 1197 324 persequerentur
1216 274 1321 323 leges
1341 271 1612 316 intercessisse,

167 348 235 385 per
268 348 363 385 quas
398 336 551 386 pupillis
584 336 688 374 haud
722 336 835 373 liceat
866 335 1034 372 actiones
1068 334 1239 372 forenses
1273 335 1310 371 in
1344 346 1431 371 suos
1467 340 1612 369 tutores

170 394 381 433 intentare:
410 397 732 434 verumenimvero
757 396 816 433 vel
844 395 918 433 hoc
942 408 1095 445 quoque
1119 395 1265 432 veritati
1287 407 1420 445 parum
1443 402 1500 431 est
1520 407 1612 431 con-

168 461 405 494 sentaneum.
464 456 600 506 Neque
627 457 725 494 enim
752 456 876 506 'regern
902 456 1041 493 habeat
1059 455 1176 492 ullam
1200 455 1379 505 proferre,
1399 468 1485 504 quae
1509 461 1613 491 vetet

165 516 289 566 ipsum
308 529 377 567 pro
393 517 540 568 pupillo
561 530 707 555 mecum
728 517 765 553 in
780 517 865 567 jure
886 529 1000 566 agere
1021 528 1232 566 poenasque
1251 515 1470 565 injuriarum
1491 515 1611 553 facta-

166 592 251 615 rum
277 579 308 616 si
338 593 424 630 quae
451 580 564 617 factae
584 580 743 617 fuissent
763 585 955 630 repetere;
985 578 1091 615 nulla
1110 579 1209 615 enim
1229 584 1289 615 est
1316 576 1532 626 hujusmodi
1551 576 1612 613 lex

168 654 255 691 quae
276 641 314 678 id
344 654 458 691 agere
482 641 624 678 volenti
651 641 790 686 obstet,
811 640 879 677 sed
910 647 953 677 ut
969 639 1029 677 lex
1056 640 1093 676 in
1114 653 1188 683 me,
1210 639 1240 676 si
1265 638 1451 690 pupillum
1473 637 1611 675 laedam

166 702 276 753 cujus
292 708 395 739 tutor
410 701 494 747 sim,
516 701 724 749 majestatis
744 701 929 738 actionem
949 700 1027 745 dat,
1048 701 1100 737 ita
1115 700 1235 737 multo
1248 699 1369 750 magis
1385 698 1467 735 vult
1485 698 1613 735 locum

168 776 252 800 esse
272 763 428 813 privatis
449 774 602 812 quoque
627 762 723 799 inter
743 774 800 799 me
830 761 1092 812 pupillumque
1119 760 1357 798 actionibus:
1388 771 1512 808 neque
1532 771 1613 795 rur-

172 837 237 861 sus
259 836 388 860 verum
407 823 481 861 hoc
501 830 560 861 est
580 823 684 873 quod
705 823 825 867 aiunt,
846 835 869 860 a
887 821 1132 860 contentione
1153 834 1242 859 cum
1262 820 1332 857 illis
1350 820 1488 869 quibus
1505 819 1614 856 here-

168 885 268 923 ditas
298 885 480 936 competit
507 885 592 922 ideo
620 898 660 922 se
694 885 898 929 destitisse,
926 884 1031 934 quod
1058 896 1131 934 ego
1157 883 1247 934 ipsis
1277 881 1533 932 promisissem
1553 893 1614 917 me

167 946 366 983 semissem
380 945 604 983 hereditatis
625 958 710 983 cum
729 945 818 996 ipsis
831 945 1223 987 communicaturum;
1255 956 1332 980 non
1349 942 1433 979 haec
1453 948 1512 979 est
1525 954 1616 979 vera

166 1020 296 1052 causa,
317 1008 385 1045 sed
405 1008 507 1058 quod
528 1008 674 1046 conscii
692 1008 762 1045 sibi
778 1014 886 1045 erant
899 1007 962 1058 jus
978 1007 1016 1043 in
1034 1006 1120 1043 haec
1139 1007 1241 1043 bona
1259 1004 1328 1042 sibi
1350 1003 1496 1040 nullum
1516 1015 1614 1040 esse.

167 1069 518 1115 Verumenimvero,
542 1071 572 1107 si
594 1070 654 1107 vel
676 1069 837 1107 maxime
856 1069 1003 1107 veniam
1031 1068 1118 1106 huic
1144 1080 1263 1120 puero
1292 1067 1486 1104 dedissem
1505 1065 1615 1102 here-

168 1130 298 1169 ditatis
320 1131 515 1169 semissem
543 1145 566 1169 a
588 1144 649 1169 me
675 1131 712 1168 in
732 1131 818 1182 jure
845 1131 1015 1182 petendi,
1045 1138 1176 1180 atque,
1194 1129 1259 1166 ubi
1279 1141 1360 1166 eam
1381 1141 1404 1165 a
1421 1126 1616 1178 judicibus

170 1192 239 1229 sibi
265 1192 523 1243 adjudicatam
540 1192 797 1243 impetrasset,
817 1192 1009 1243 exigendi,
1029 1199 1153 1229 certus
1173 1198 1301 1228 tamen
1327 1202 1411 1226 sum
1431 1201 1496 1225 eos
1517 1200 1616 1224 nun-

167 1265 283 1302 quam
300 1266 478 1303 passuros
496 1254 616 1291 fuisse
629 1253 668 1291 id
682 1254 719 1290 in
743 1253 907 1291 animum
925 1253 995 1291 sibi
1010 1253 1138 1290 venire
1156 1258 1199 1289 ut
1217 1253 1413 1289 facerent:
1443 1249 1616 1299 profecto

168 1327 216 1351 ne
241 1316 367 1351 conati
393 1314 547 1364 quidem
575 1320 718 1360 essent,
741 1316 837 1353 bene
869 1315 990 1365 gnari,
1020 1314 1052 1351 si
1081 1319 1256 1351 tenerent
1284 1312 1449 1361 aliquam
1473 1309 1615 1347 solum-

168 1376 283 1413 modo
304 1383 447 1426 partem
472 1377 659 1413 bonorum
681 1376 727 1413 ad
751 1390 791 1413 se
811 1376 864 1413 nil
883 1375 1127 1413 attinentium
1148 1387 1236 1412 cum
1256 1379 1386 1411 essent
1404 1378 1509 1410 extra
1527 1384 1616 1422 pro-

169 1436 436 1487 pinquitate‘m,
459 1438 650 1488 proximos
678 1444 864 1488 cognatos
885 1437 959 1474 cito
986 1437 1087 1474 illam
1113 1442 1258 1486 partem
1285 1447 1416 1472 rursus
1445 1440 1618 1484 ereptum

167 1499 286 1537 ituros
309 1499 487 1550 facilique
504 1499 659 1550 negotio
674 1507 870 1550 erepturos
887 1512 986 1536 esse.
1043 1498 1158 1543 Nam,
1172 1498 1211 1534 id
1225 1497 1330 1548 quod
1349 1497 1483 1534 iterum
1499 1503 1616 1546 atque

168 1560 303 1598 iterum
331 1561 433 1606 dico,
452 1560 515 1598 lex
543 1560 668 1598 liberis
696 1561 834 1598 nostris
859 1567 948 1611 post
970 1573 1171 1597 excessum
1197 1565 1370 1596 nostrum
1397 1559 1614 1608 propinqui-

169 1621 257 1658 tatis
278 1621 428 1658 titulum
456 1634 530 1659 non
555 1622 716 1672 amplius
742 1622 833 1659 facit
858 1621 1058 1672 reliquum,
1075 1620 1148 1658 ⁴sed
1172 1620 1318 1665 adimit,
1345 1632 1507 1669 eumque
1529 1632 1615 1670 pro-

168 1684 269 1721 tinus
303 1685 351 1722 ad
385 1685 690 1735 consanguineos
719 1697 741 1722 a
771 1691 878 1734 parte
911 1683 1039 1721 matris
1071 1683 1262 1720 transfert.
1319 1681 1458 1719 Veniet
1486 1681 1615 1731 itaque

168 1744 275 1782 istaec
297 1746 344 1782 ab
359 1758 404 1782 eo
420 1746 637 1796 repetitum,
655 1745 742 1782 hinc
758 1745 909 1782 Glauco
931 1744 1094 1795 Hagniae
1108 1745 1222 1782 frater
1235 1766 1287 1772 —-
1301 1742 1484 1780 adversus
1500 1755 1615 1793 quem

169 1819 245 1843 non
274 1805 516 1844 solummodo
549 1807 742 1844 meliorem
776 1805 1014 1857 cognationis
1041 1806 1192 1842 titulum
1221 1805 1388 1855 allegare
1421 1816 1496 1841 non
1525 1817 1614 1854 pos-

170 1873 267 1911 sent,
284 1867 353 1904 sed
369 1880 416 1904 ne
438 1867 557 1904 ullum
574 1867 746 1917 quidem,
762 1867 903 1918 quippe
923 1866 986 1917 qui
1001 1874 1106 1904 extra
1124 1866 1444 1917 propinquitatem
1465 1865 1612 1909 sint—‚

169 1927 272 1965 illinc
299 1936 418 1966 mater
446 1928 611 1978 Hagniae
632 1928 900 1979 Glauconique
928 1928 1154 1973 communis,
1181 1928 1211 1965 si
1232 1926 1362 1971 vellet,
1388 1926 1530 1976 quippe
1554 1926 1616 1964 cui

167 1988 237 2039 ipsi
254 2001 405 2039 quoque
423 1989 554 2027 titulus
573 1990 810 2040 cognationis
828 2003 914 2027 cum
930 1989 1007 2026 filio
1028 2002 1098 2026 suo
1117 1988 1319 2039 competit;
1349 2000 1424 2038 quo
1445 1987 1615 2024 futurum

169 2058 269 2089 esset
294 2059 350 2096 ut,
371 2052 402 2089 si
424 2059 545 2090 mater
566 2053 847 2090 contentionem
870 2065 956 2090 cum
982 2051 1026 2088 iis
1045 2052 1156 2089 iniret
1175 2052 1239 2101 qui
1260 2050 1451 2101 Hagniam
1471 2062 1615 2100 cogna-

168 2112 270 2151 tione
290 2126 446 2165 prorsus
468 2113 575 2150 nulla
595 2113 802 2163 attingunt,
823 2112 1020 2150 semissem
1042 2126 1088 2150 ea
1107 2112 1155 2150 sit
1169 2111 1467 2162 vobis,judices,
1482 2111 1616 2161 procul

168 2175 272 2211 omni
298 2174 415 2212 dubio
440 2174 628 2220 ablatura,
648 2174 788 2224 quippe
809 2187 924 2224 quam
945 2173 978 2211 ei
998 2180 1036 2211 et
1055 2174 1161 2224 leges
1182 2181 1220 2211 et
1242 2174 1327 2225 ipsa
1346 2173 1414 2210 dat
1438 2173 1614 2223 aequitas.

170 2236 253 2273 Has
273 2236 387 2287 igitur
413 2237 462 2274 ob
482 2250 620 2274 causas
643 2236 833 2274 actionem
852 2236 889 2273 in
910 2249 969 2274 me
990 2236 1144 2274 sortitus
1168 2244 1247 2274 tum
1269 2248 1343 2273 non
1369 2235 1443 2272 fuit
1462 2235 1614 2285 [adver-

169 2297 326 2345 sarius],
347 2311 421 2335 non
444 2306 568 2335 autem
592 2298 652 2347 [ut
665 2310 766 2335 nunc
785 2311 865 2348 prae
884 2310 923 2335 se
943 2297 1030 2345 fert]
1051 2298 1138 2336 ideo
1158 2297 1260 2348 quod
1276 2303 1380 2334 esset
1393 2309 1416 2333 a
1436 2309 1493 2333 me
1510 2302 1576 2333 aut
1594 2308 1617 2333 a

168 2357 313 2407 legibus
333 2358 553 2409 impeditus,
575 2359 643 2396 sed
663 2371 730 2409 per
749 2359 817 2396 hos
843 2366 1051 2410 praetextus
1071 2372 1166 2409 quos
1185 2359 1266 2410 ipse
1288 2358 1357 2396 sibi
1376 2363 1615 2396 commentus

168 2424 242 2463 est,
261 2418 310 2458 ad
329 2419 395 2456 bas
414 2432 510 2470 quas
530 2419 567 2457 in
585 2433 645 2457 me
665 2420 791 2471 jactat
817 2420 980 2458 nefarias
999 2420 1282 2458 criminationes
1303 2425 1512 2469 grassatur,
1533 2418 1616 2468 qui-

168 2481 240 2519 bus
261 2482 549 2519 accusationem
575 2482 782 2533 majestatis
803 2482 1060 2528 inaedificavit,
1087 2495 1153 2532 per
1172 2494 1286 2532 quam
1308 2494 1367 2518 me
1388 2487 1516 2531 sperat
1534 2493 1555 2517 a
1575 2492 1615 2518 se

170 2543 273 2594 apud
292 2556 360 2581 vos
389 2543 424 2580 in
455 2542 633 2581 invidiam
655 2551 771 2594 atque
791 2543 1043 2595 suspicionem
1069 2542 1278 2580 adductum
1306 2553 1428 2591 eoque
1455 2555 1477 2578 a
1494 2541 1616 2579 tutela

168 2604 275 2653 pueri
303 2603 505 2654 depulsum
535 2604 590 2641 iri.
648 2605 737 2646 Quo
767 2605 871 2643 facto
897 2606 1000 2642 bona
1032 2603 1139 2654 pueri
1170 2610 1296 2653 sperat
1319 2602 1357 2639 in
1389 2609 1617 2651 potestatem

170 2676 278 2701 suam
299 2673 542 2714 perventura,
563 2665 788 2717 videturque
808 2667 877 2705 sibi
896 2678 964 2716 per
990 2665 1059 2702 has
1080 2663 1382 2702 machinationes
1402 2663 1469 2701 viri
1488 2664 1614 2716 impri-

171 2724 242 2762 mis
259 2724 391 2763 callidi
410 2733 541 2776 partes
568 2734 746 2765 acturus:
778 2741 879 2772 nam,
901 2727 931 2764 si
957 2733 1120 2764 conatus
1142 2727 1266 2763 minus
1287 2737 1464 2775 prospere
1484 2738 1614 2764 succe·

170 2786 250 2831 dat,
281 2798 323 2823 se
349 2785 401 2823 nil
432 2786 562 2837 utique
594 2788 829 2838 perditurum
860 2794 1062 2830 autumat;
1094 2787 1151 2824 sin
1177 2793 1304 2824 autem
1337 2798 1385 2823 ex
1413 2785 1525 2823 animi
1557 2786 1614 2824 sui

170 2847 362 2884 sententia
386 2859 466 2885 rem
487 2855 608 2897 gerat,
628 2849 697 2886 sibi
726 2849 871 2888 licitum
900 2849 980 2886 fore
999 2847 1134 2899 pupilli
1160 2860 1312 2897 quoque
1332 2848 1433 2885 bona
1461 2847 1613 2898 impune

174 2907 371 2958 dissipare.
