1870 3277
240 145 316 181 4152
903 141 1019 178 ISAEI

241 243 394 294 quidem
416 255 461 279 ex
481 248 590 292 parte
609 241 935 280 criminationibus
957 243 1015 279 his
1040 253 1101 278 me
1126 242 1333 279 obnoxium
1359 254 1444 280 esse
1465 242 1603 292 quibus
1626 247 1687 278 me

242 307 417 344 obrutum
442 312 557 342 eunt:
587 305 727 344 certius
754 312 878 342 tamen
907 304 1034 342 adhuc
1061 310 1177 355 atque
1191 303 1371 342 subtilius
1389 317 1410 342 e
1430 303 1583 353 reliquis
1602 314 1687 352 quae

243 367 332 405 mihi
365 367 531 405 dicenda
559 374 768 418 supersunt
797 366 1032 417 intelligetis,
1063 367 1100 403 ni
1135 366 1259 412 fallor,
1288 366 1352 404 ubi
1383 365 1514 403 audire
1536 364 1690 413 juverit,

244 429 438 479 quomodo
463 429 565 467 facta
595 429 644 466 sit
673 441 757 465 mea
786 427 897 475 hujus
923 428 1143 466 hereditatis
1173 427 1306 478 petitio
1333 439 1492 476 eamque
1515 426 1691 462 insecuta

243 491 490 542 adjudicatio.
549 491 749 529 Actionem
779 489 1001 527 hereditatis
1029 491 1163 527 sortito
1190 501 1266 534 me,
1288 489 1453 539 judices,
1482 500 1604 537 neque
1630 487 1692 524 hio

244 552 310 602 qui
330 559 463 590 contra
482 564 543 590 ine
563 564 666 589 nunc
690 550 927 588 denuntiavit
950 552 1174 588 autumabat
1201 551 1256 587 sas
1279 563 1361 587 esse
1388 562 1454 598 pro
1481 561 1598 599 puero
1621 548 1691 584 ad·

247 626 379 651 versus
413 627 470 651 me
505 620 786 651 sacramentum
817 613 1022 662 deponere,
1052 625 1175 663 neque
1209 613 1338 650 Stratii
1372 611 1475 648 liberi
1508 611 1571 661 qui
1606 620 1694 647 cum

247 687 365 725 puero
393 675 527 712 eodem
555 675 675 723 gradu
701 675 854 724 cognati
882 682 984 717 sunt,
1008 687 1132 724 neque
1153 688 1197 711 ex
1218 674 1328 711 titulo
1350 671 1696 721 consanguinitatis

247 748 371 785 neque
399 748 442 772 ex
470 735 582 771 titulo
611 735 813 784 legationis
843 736 1154 780 testamentariae,
1176 748 1296 784 neque
1320 734 1395 770 ulla
1416 733 1490 770 alia
1511 734 1558 769 de
1580 744 1697 769 causa

247 796 415 833 animum
445 796 675 833 induxerunt
704 808 852 833 mecum
881 796 1126 842 contendere,
1147 798 1409 833 existimantes
1435 795 1471 830 id
1499 793 1567 831 sibi
1590 793 1696 830 nefas

248 869 356 894 esse:
387 870 434 893 ne
459 857 520 894 hic
547 857 629 907 ipse
650 857 800 906 quidem
827 869 933 893 meus
961 856 1202 894 adversarius
1226 858 1377 894 fecisset
1397 868 1522 905 neque
1542 853 1699 903 negotia

249 919 339 955 mihi
359 918 593 962 facessisset,
610 919 640 954 si
656 930 742 954 eum
764 918 896 954 sis-sem
919 919 1018 954 bona
1037 917 1140 967 pueri
1163 930 1230 967 pro
1250 918 1370 954 lubitu
1394 917 1552 966 diripere
1574 928 1698 966 neque

249 992 309 1018 me
327 980 525 1030 cupiditati
544 987 661 1029 atque
682 979 881 1028 rapacitati
903 981 982 1026 ejus
1004 979 1280 1028 opposuissem.
1339 978 1389 1014 Hi
1409 986 1518 1027 ergo,
1537 976 1575 1013 id
1596 976 1698 1026 quod

250 1041 486 1092 occipiebam
512 1040 651 1086 dicere,
672 1040 770 1077 bene
797 1040 905 1089 gnari
932 1046 1039 1077 extra
1066 1039 1389 1090 propinquitatem
1422 1046 1461 1076 se
1488 1047 1586 1082 esse,
1615 1037 1700 1074 nul-

252 1102 327 1139 lam
348 1102 440 1139 mihi
461 1108 660 1139 moverunt
679 1100 902 1138 hereditatis
925 1101 1238 1143 controversiam,
1259 1099 1328 1137 sed
1349 1100 1575 1150 quieverunt
1596 1111 1605 1136 :
1635 1095 1700 1149 qui

253 1168 379 1201 autem
399 1171 557 1200 causam
579 1162 664 1199 filiae
685 1160 888 1199 Eubulidis
910 1162 1124 1212 agitabant,
1147 1175 1233 1212 quae
1253 1161 1331 1199 filia
1352 1161 1544 1212 Hagniam
1564 1161 1699 1198 eodem

251 1224 494 1275 cognationis
525 1223 647 1274 gradu
675 1224 843 1273 attingit,
863 1229 978 1273 atque
1009 1223 1138 1261 Stratii
1168 1223 1281 1268 filius,
1307 1235 1378 1260 nec
1405 1231 1481 1259 non
1508 1228 1703 1260 curatores

252 1285 383 1323 matris
414 1284 578 1335 Hagniae
604 1284 725 1335 parati
751 1291 859 1322 erant
884 1294 1032 1322 mecum
1053 1284 1300 1322 contendere.
1357 1284 1497 1322 Verum
1519 1285 1555 1321 in
1576 1289 1704 1321 tantas

251 1347 497 1385 incurrebant
525 1346 774 1384 difficultates
800 1354 915 1397 atque
940 1347 1224 1398 perplexitates,
1250 1354 1292 1384 ut
1314 1346 1535 1384 dubitarent
1553 1346 1644 1397 quid
1666 1347 1704 1384 in

252 1408 381 1446 libello
399 1418 470 1446 suo
490 1408 665 1458 petitorio
686 1408 736 1444 de
754 1408 1041 1458 propinquitate
1062 1419 1132 1446 sua
1151 1418 1239 1446 curn
1263 1408 1446 1445 defuncto
1473 1414 1703 1446 commemo-

254 1475 394 1506 rarent.
453 1469 592 1505 Mulier
612 1468 769 1518 quidem
788 1468 836 1505 de
859 1470 962 1506 facto
983 1476 1122 1506 sortem
1143 1481 1245 1506 nune
1266 1468 1482 1518 possidens,
1504 1468 1707 1506 Eubulidls

254 1530 344 1575 filia,
361 1532 520 1580 ejusque
536 1529 686 1580 patroni
704 1530 753 1567 ad
770 1530 1010 1567 mendacium
1027 1530 1224 1580 receptum
1243 1529 1439 1567 habebant
1452 1537 1491 1566 et
1506 1529 1554 1567 de
1569 1541 1709 1579 cognas

255 1591 359 1629 tione
375 1592 459 1642 eJus
473 1590 570 1628 falsa
584 1589 813 1640 prodebant,
830 1597 903 1640 ego
919 1599 1008 1627 vero
1026 1584 1127 1627 facili
1142 1590 1299 1640 negotio
1318 1590 1558 1628 mendacium
1576 1598 1707 1628 eorum

256 1652 504 1690 refellebam:
536 1651 701 1701 Hagniae
720 1651 873 1701 quidem
895 1657 1020 1689 mater
1046 1651 1182 1688 eodem
1212 1651 1334 1702 gradu
1361 1662 1448 1689 cum
1475 1661 1521 1689 eo
1545 1659 1711 1702 cognata

257 1721 339 1752 erat
363 1721 479 1764 atque
507 1725 580 1765 ego
609 1722 693 1750 sum
714 1735 764 1741 ——-
786 1719 846 1751 est
872 1713 971 1750 enim
1001 1725 1107 1750 soror
1135 1712 1265 1750 Stratii
1286 1735 1351 1757 -,
1371 1722 1501 1750 verum
1527 1713 1615 1763 qnia
1643 1720 1711 1764 per

257 1776 383 1826 legem
403 1776 452 1813 ab
471 1774 651 1812 adeunda
668 1773 734 1811 filii
752 1773 963 1812 hereditate
984 1774 1214 1819 excluditur,
1231 1781 1319 1824 quae
1339 1774 1401 1811 lex
1427 1774 1613 1824 praecipit,
1632 1775 1711 1812 duo

260 1836 292 1874 si
313 1837 404 1881 sint,
423 1843 505 1874 mas
523 1843 564 1873 et'
583 1835 756 1884 foemina,
777 1836 914 1873 eadem
941 1836 990 1874 'de
1017 1835 1229 1873 hereditate
1256 1848 1386 1873 secum
1417 1836 1713 1883 contendentes,

260 1897 424 1935 eundem
452 1896 680 1935 defunctum
709 1897 789 1947 pari
822 1897 945 1947 gradu
977 1898 1220 1948 cognationis
1254 1898 1501 1948 attingentes,
1526 1898 1711 1948 potiorem

259 1965 345 1996 esse
372 1958 511 1995 debere
539 1951 799 1995 conditionem
825 1958 965 2002 maris3
995 1959 1110 2010 hujus
1134 1959 1262 2010 itaque
1282 1959 1462 2005 foemlnae,
1482 1960 1610 1997 matris
1632 1960 1711 1998 Ha-

262 2020 377 2071 gniae‚
392 2027 547 2057 causam
568 2025 742 2069 agentes,
757 2019 861 2057 hunc
881 2034 1016 2071 urgere
1035 2020 1236 2058 articulum
1258 2021 1306 2058 de
1325 2016 1609 2071 propinquitate
1625 2031 1711 2059 cum

263 2082 419 2133 Hagnia
437 2082 490 2119 nil
509 2082 710 2127 curabant,
730 2088 770 2120 at
791 2082 866 2119 hoc
885 2083 1077 2133 urgebant
1100 2089 1259 2120 matrem
1286 2083 1460 2120 defuncti
1485 2095 1583 2120 esse.
1641 2082 1715 2121 Est

263 2145 417 2195 quidem
445 2144 590 2193 utique,
618 2150 791 2182 naturam
815 2144 868 2182 rei
895 2144 925 2181 si
956 2149 1120 2195 spectes,
1149 2144 1280 2181 matris
1311 2152 1397 2181 curn
1425 2143 1504 2182 filio
1533 2145 1715 2194 cognatio

264 2205 534 2256 cognationum
550 2205 720 2242 omnium
739 2205 978 2250 arctissima;
1007 2212 1138 2243 verutn
1155 2205 1255 2242 illiu's
1275 2204 1518 2255 cognationis
1537 2204 1575 2242 in
1595 2205 1718 2256 gradi-

263 2269 337 2306 bus
363 2267 709 2318 consanguinitatis
731 2274 753 2304 a
771 2267 857 2318 lege
882 2268 1100 2306 constitutis
1125 2267 1231 2305 nulla
1252 2267 1416 2305 habetur
1439 2268 1550 2312 ratio,
1570 2268 1617 2305 de
1637 2276 1733 2319 q'uo,

263 2330 361 2367 inter
387 2335 520 2367 omnes
546 2335 712 2366 constat.
769 2328 921 2366 Deinde
942 2338 1030 2379 eg'o,
1053 2338 1140 2367 cum
1161 2338 1227 2367 eas
1247 2328 1284 2366 in
1303 2329 1452 2367 tabulas
1471 2329 1599 2366 inferri
1619 2330 1716 2368 filias

263 2393 481 2432 consobrini
503 2392 713 2436 curassem,
735 2391 847 2428 docui
868 2392 1023 2442 quidem
1051 2392 1136 2430 illas
1165 2391 1339 2429 foeminas
1363 2398 1473 2429 extra
1491 2392 1715 2443 propinqui-

264 2461 383 2493 tatem
404 2466 502 2491 esse.
557 2453 620 2491 Ad
639 2452 744 2490 hunc
770 2451 940 2499 modum,
964 2453 1131 2503 juditzes,
1151 2453 1402 2491 hereditatem
1434 2453 1597 2503 Hagniae
1625 2453 1715 2491 ade-

261 2524 353 2568 ptus
387 2528 472 2554 sum
507 2515 598 2553 mihi
631 2510 904 2565 adjudicatam,
937 2527 1062 2565 neque
1095 2513 1240 2565 profuit
1273 2515 1347 2553 illis
1385 2509 1603 2565 quicquam,
1637 2523 1714 2553 non

262 2578 372 2616 alteri
397 2577 463 2623 illi,
486 2583 573 2627 quae
599 2575 853 2614 hereditatem
871 2575 956 2626 'jam‘
985 2583 1208 2625 possessum
1231 2578 1329 2613 ierat
1352 2581 1390 2613 et
1412 2577 1450 2612 in
1478 2577 1715 2626 usucapione

262 2639 444 2684 habebat,
460 2638 545 2683 hoc,
560 2637 663 2688 quod
682 2649 750 2675 eos
767 2636 831 2688 qui
848 2636 1095 2675 hereditatem
1113 2650 1159 2674 ex
1174 2637 1287 2674 titulo
1302 2637 1519 2675 testamenti
1533 2638 1716 2688 petissent

259 2700 426 2744 vicisset,
446 2707 569 2750 neque
585 2698 674 2737 huic
693 2699 802 2736 alteri
822 2697 939 2744 istud,
954 2697 1058 2748 quod
1080 2701 1199 2735 mater
1219 2703 1324 2736 es'set
1343 2698 1426 2749 ejus'
1446 2706 1468 2736 a
1488 2711 1563 2749 quo
1580 2696 1713 2737 relicta

259 2762 396 2799 fuisset
414 2761 610 2799 hereditas
630 2760 716 2798 haec
734 2760 773 2798 in
792 2760 1091 2798 controversiam
1108 2759 1301 2803 adducta;
1334 2760 1417 2805 sed,
1431 2760 1588 2810 quitum
1605 2760 1711 2799 sede-

262 2823 358 2860 bant
382 2821 548 2871 judiceS,
568 2821 607 2859 hi
636 2821 733 2859 tanti
760 2821 954 2860 faciebant
978 2821 1041 2873 jus
1072 2828 1226 2872 aequum
1260 2827 1298 2858 et
1322 2821 1591 2873 jusjurandum
1622 2835 1643 2860 a
1673 2836 1714 2861 se

264 2882 423 2929 dictum,
443 2889 484 2920 ut
508 2882 612 2919 litem
638 2882 850 2920 secundum
874 2892 933 2920 me
957 2881 1090 2920 darent
1112 2880 1175 2932 qui
1200 2881 1451 2921 hereditatem
1477 2882 1577 2922 hanc
1604 2879 1715 2922 titulo
