1870 3277
741 194 1056 233 PLATAICUS.
1561 194 1632 231 197

170 308 304 347 agrum
321 302 360 333 et
379 296 511 333 urbem
533 296 756 341 restituatis,
770 308 814 333 ac
831 294 1002 333 seniores
1023 295 1389 334 commonefacimus
1405 302 1449 334 ut
1462 296 1636 347 cogitent

170 369 286 407 quam
306 356 522 395 miserabile
543 357 592 395 sit
619 357 691 395 hac
719 363 836 395 aetate
863 355 1134 394 calamitosum
1162 356 1335 406 conspici
1364 364 1402 395 et
1420 358 1636 409 quotidiani

168 418 293 456 victus
319 419 480 468 penuria
508 418 762 464 laborantem,
783 417 1056 455 adolescentes
1079 429 1234 455 oramus
1261 424 1299 454 et
1325 418 1565 457 obtestamur
1593 426 1638 458 ut

169 479 340 530 aequales
367 493 458 518 suos
473 481 611 530 juvent
632 492 692 524 ne,
721 492 842 530 quum
868 478 980 530 plura
1004 478 1107 517 mala
1126 491 1243 529 quam
1274 478 1441 518 diximus
1468 481 1638 529 tulerint,

167 540 280 591 plura
312 540 475 579 tolerare
510 547 713 592 cogantur.
771 540 938 578 Debetis
972 547 1103 579 autem
1140 539 1252 579 nobis
1285 540 1378 579 solis
1412 541 1638 580 Graecorum

168 602 271 640 hanc
301 602 418 641 veluti
449 603 602 654 stipem,
635 609 678 641 ut
710 602 924 654 profligatis
956 602 1210 653 opitulemini.
1269 601 1371 641 Nam
1405 609 1445 641 et
1475 604 1639 655 majores

170 673 325 705 nostros
350 666 471 713 aiunt,
500 679 621 717 quum
647 666 764 705 vestri
793 674 922 718 patres
954 666 1056 704 bello
1081 666 1238 705 Persico
1266 667 1341 705 hac
1373 674 1475 706 terra
1503 681 1640 707 exces-

171 728 325 773 sissent,
354 728 459 766 solos
486 741 535 766 ex
560 727 621 766 his
649 727 716 778 qui
746 734 857 766 extra
888 727 1206 779 Peloponnesum
1236 727 1429 777 habitant,
1458 729 1642 768 societate

170 789 428 840 periculorum
456 789 572 836 adita,
603 789 882 828 conservandae
911 789 1077 828 civitatis
1106 790 1305 840 adjutores
1335 791 1483 830 fuisse:
1513 791 1643 842 itaque

164 855 252 901 jure
271 852 381 890 nobis
401 851 504 890 idem
519 852 748 890 beneficium
771 851 955 898 reddetis,
970 851 1076 902 quod
1091 851 1238 902 priores
1254 852 1292 889 in
1308 865 1375 891 vos
1391 853 1642 891 contulimus.

227 918 293 954 24.
324 916 441 959 Quod
461 917 492 954 si
512 916 621 954 vobis
651 916 850 954 decretum
872 922 978 954 esset
1004 928 1191 967 personas
1217 923 1370 955 nostras
1399 917 1557 955 omnino
1577 931 1645 955 ne-

174 977 337 1028 gligere,
370 984 499 1016 tamen
519 990 542 1015 a
570 985 697 1016 vestra
730 977 869 1015 virtute
901 977 1071 1015 alienum
1103 978 1218 1015 fuerit
1250 978 1492 1017 committere
1526 985 1569 1017 ut
1598 992 1646 1017 ea

173 1043 280 1093 regio
315 1049 425 1081 vasta
455 1050 494 1081 et
525 1042 672 1080 inculta
700 1042 861 1093 jaceret,
895 1041 934 1079 in
968 1055 1046 1092 qua
1081 1041 1294 1080 clarissima
1327 1052 1466 1081 vestrae
1494 1043 1644 1081 virtutis

176 1118 221 1143 ac
241 1111 468 1143 caeterorum
484 1104 549 1156 qui
569 1104 623 1141 illi
640 1104 770 1155 praelio
786 1103 992 1141 interfuere
1010 1110 1261 1142 monumenta
1274 1104 1351 1142 sint
1371 1104 1524 1143 relicta:
1556 1118 1646 1143 nam

176 1166 323 1217 reliqua
342 1166 518 1217 trophaea
545 1167 592 1204 ab
614 1165 689 1204 alia
716 1165 869 1204 civitate
898 1171 1032 1204 contra
1062 1164 1178 1204 aliam
1199 1172 1288 1204 sunt
1316 1172 1457 1213 erecta,
1484 1165 1551 1205 illa
1577 1179 1646 1217 pro

175 1237 257 1268 tota
278 1230 433 1268 Graecia
459 1236 593 1268 contra
621 1229 739 1266 totius
766 1229 870 1266 Asiae
899 1227 1111 1279 potentiam
1142 1235 1233 1266 sunt
1262 1228 1489 1267 constituta.
1547 1228 1647 1272 Quae

178 1290 334 1342 quidem
349 1290 519 1328 Thebani
535 1291 622 1342 jure
639 1289 989 1328 aboleverint—iis
1004 1290 1105 1327 enirn
1119 1289 1270 1328 illorum
1285 1303 1447 1341 operum
1463 1290 1650 1329 memoria

176 1352 457 1391 contumeliosa
486 1360 544 1390 est
564 1375 632 1397 —,
653 1352 762 1390 vobis
784 1360 910 1390 autem
941 1353 1209 1391 conservanda
1235 1361 1340 1399 sunt,
1362 1354 1467 1404 quod
1493 1353 1561 1391 illa
1589 1354 1647 1392 fa-

175 1416 308 1453 cinora
328 1428 395 1453 vos
418 1414 582 1452 Graeciae
598 1415 717 1452 duces
739 1413 963 1452 effecerunt.
997 1414 1134 1465 Neque
1157 1427 1244 1453 vero
1264 1414 1424 1453 heroum
1441 1415 1504 1465 qui
1520 1414 1648 1452 locum

175 1477 283 1515 illum
312 1483 444 1514 tenent
471 1475 779 1514 obliviscendum
805 1483 878 1521 est,
906 1475 1201 1526 cavendumque
1223 1489 1270 1513 ne
1300 1475 1451 1513 illorum
1482 1476 1649 1514 honores

178 1537 424 1583 intercidant,
455 1538 593 1588 quibus
621 1550 689 1575 vos
711 1550 830 1587 quum
852 1537 1031 1575 litassetis
1059 1537 1098 1575 id
1126 1537 1340 1588 periculum
1370 1537 1552 1584 subiistis,
1572 1551 1649 1589 quo

179 1607 218 1638 et
238 1600 330 1638 istos
352 1606 392 1637 et
411 1599 505 1636 alios
525 1598 688 1636 Graecos
702 1611 837 1636 omnes
854 1598 890 1635 in
907 1598 1124 1636 libertatem
1145 1598 1388 1637 vind1castis.
1447 1598 1518 1637 Est
1532 1599 1649 1637 etiam

180 1665 366 1716 majorum
387 1663 568 1714 quaedam
589 1662 769 1700 habenda
788 1663 898 1708 ratio,
919 1676 1044 1713 neque
1063 1662 1214 1713 pietatis
1235 1663 1271 1700 in
1299 1662 1384 1701 illos
1410 1663 1540 1702 officia
1561 1671 1653 1702 sunt

180 1738 337 1776 prorsus
358 1723 605 1775 negligenda,
626 1724 690 1774 qui
712 1723 852 1774 quibus
874 1723 1009 1761 animis
1031 1730 1176 1770 essent,
1198 1724 1229 1762 si
1248 1724 1364 1763 modo
1386 1725 1560 1763 defuncti
1581 1726 1650 1764 ali—

181 1787 274 1838 quid
295 1800 420 1825 rerum
445 1793 660 1824 nostrarum
691 1785 924 1836 intelligunt,
951 1785 982 1823 si
1009 1786 1359 1824 animadverterent
1386 1787 1492 1824 vobis
1523 1800 1649 1825 rerum

181 1848 415 1899 potientibus
435 1861 501 1885 eos
521 1849 589 1898 qui
610 1848 781 1885 barbaris
805 1847 943 1885 servire
960 1847 1165 1886 voluerunt
1184 1848 1345 1886 aliorum
1367 1849 1544 1887 dominos
1564 1863 1652 1888 esse

181 1910 318 1954 factos,
341 1922 410 1947 nos
430 1922 534 1954 vero,
555 1908 620 1959 qui
640 1909 677 1946 in
706 1908 836 1959 praelio
858 1921 927 1958 pro
947 1909 1094 1946 tuenda
1114 1908 1292 1947 libertate
1322 1917 1432 1960 gesto
1454 1917 1651 1949 strenuam

181 1984 337 2024 operam
368 1971 602 2016 navavimus,
633 1969 737 2008 solos
758 1983 778 2007 e
799 1970 949 2008 Graecis
982 1971 1158 2009 omnibus
1191 1984 1275 2009 esse
1303 1971 1542 2022 profligatos,
1574 1973 1649 2011 for-

183 2034 356 2085 tiumque
389 2034 553 2071 virorum
586 2032 846 2070 monumentis
876 2032 985 2082 justa
1015 2047 1091 2071 non
1120 2034 1286 2085 persolvi
1317 2041 1520 2085 propterea
1547 2036 1652 2086 quod

183 2096 279 2133 nulli
298 2095 428 2133 adsint
450 2095 513 2145 qui
541 2095 579 2132 id
601 2094 758 2145 faciant,
780 2094 848 2132 sed
869 2095 1044 2132 Thebani
1069 2096 1133 2146 qui
1158 2097 1350 2134 contraria
1371 2097 1546 2135 fecerunt
1566 2111 1652 2136 earn

182 2157 380 2208 regionem
401 2163 583 2194 teneant:
615 2156 710 2194 illud
739 2157 854 2194 etiam
883 2157 1136 2195 recordamini
1166 2157 1481 2197 Lacedaemonios
1503 2172 1525 2197 a
1545 2160 1652 2198 vobis

183 2220 364 2257 acerrime
385 2219 433 2256 ob
455 2218 531 2256 hoc
560 2218 680 2256 fuisse
710 2225 929 2262 accusatOS,
957 2219 1062 2268 quod
1083 2219 1291 2266 Thebanis,
1314 2220 1540 2259 Graecorum
1567 2235 1656 2273 pro-

184 2281 386 2327 ditoribus,
417 2280 693 2331 gratificantes,
728 2293 797 2317 nos
828 2280 1087 2318 benemeritos
1120 2281 1390 2331 perdidissent.
1450 2283 1510 2320 Ne
1538 2284 1653 2335 igitur

184 2342 398 2381 admittatis
429 2348 470 2379 ut
496 2341 582 2380 haec
604 2341 773 2380 convitia
792 2340 830 2378 in
851 2348 1016 2379 vestram
1044 2343 1176 2380 urbem
1197 2349 1507 2395 retorqueantur,
1528 2359 1652 2397 neque

183 2405 343 2443 istorum
364 2403 560 2441 libidinem
580 2403 853 2441 existimationi
873 2410 1011 2441 vestrae
1031 2405 1258 2455 praeferatis.

240 2468 306 2504 25.
339 2465 425 2503 Etsi
439 2471 568 2503 autem
583 2464 703 2503 multa
716 2464 791 2503 dici
807 2473 980 2516 possent,
993 2465 1132 2516 quibus
1149 2466 1198 2504 ad
1215 2480 1345 2505 curam
1362 2474 1504 2506 nostrae
1518 2469 1654 2508 salutis

185 2527 418 2574 excitemini,
445 2533 572 2564 tamen
600 2539 675 2564 non
705 2540 864 2578 possum
898 2527 1020 2578 [brevi
1046 2528 1237 2577 oratione]
1270 2519 1474 2580 complecti
1502 2532 1655 2577 omnia;

185 2590 435 2641 quamobrem
455 2601 523 2626 vos
545 2588 658 2626 decet
678 2595 760 2625 tum
782 2588 1040 2640 praetermissa
1066 2591 1293 2641 perspicere,
1314 2598 1394 2628 tum
1423 2605 1515 2631 vero
1534 2594 1654 2645 juris-

181 2651 338 2704 jurandi
376 2657 414 2688 et
452 2650 654 2696 foederum,
692 2651 860 2702 itemque
900 2657 1044 2688 nostrae
1085 2652 1362 2690 benevolentiae
1397 2661 1436 2692 et
1467 2655 1654 2694 inimiciti-

187 2726 294 2751 arum
314 2725 402 2763 quoe
424 2712 529 2750 vobis
549 2725 636 2750 cum
660 2712 741 2750 istis
761 2719 863 2760 sunt,
885 2712 1123 2759 recordatos,
1144 2713 1197 2752 ita
1217 2721 1388 2754 statuere
1407 2716 1455 2755 de
1483 2717 1592 2757 nobis
1613 2726 1654 2757 ut

183 2775 246 2827 jus
267 2781 306 2813 et
325 2787 476 2824 oequum
499 2774 725 2826 postulabit.
