1870 3277
276 175 347 210 358
942 175 1055 212 {SAEI

274 281 382 310 natos
409 274 533 312 fuisse.
594 275 756 314 Facinus
784 279 950 315 omnium
980 278 1091 327 longe
1120 278 1502 329 impudentissimum.
1565 280 1709 316 Merum

272 334 372 370 enim
395 334 462 372 hoc
482 348 568 374 esse
586 337 824 375 mendacium
843 340 994 389 planum
1013 340 1212 383 faciemus,
1231 341 1393 390 primum
1413 353 1457 378 ex
1475 342 1566 391 ipsis
1582 342 1712 379 horum

273 396 582 446 responsionibus
611 398 646 434 in
681 398 742 435 illo
769 400 946 437 scrutinio
974 401 1096 438 editis.
1156 401 1254 438 Nam
1286 415 1330 438 ex
1362 402 1427 439 illa
1457 402 1541 439 inde
1570 403 1713 447 militia,

272 456 380 507 cujus
407 469 523 495 causa
548 457 775 496 Pistoxenus
804 460 921 497 fertur
947 461 982 498 in
1011 461 1177 499 Siciliam
1207 475 1293 499 cum
1324 463 1445 500 classe
1473 463 1612 511 abisse,
1644 464 1713 501 hoc

272 526 344 562 est,
371 519 417 556 ab
448 519 667 558 Arimnesto
692 520 872 558 archonte
898 521 986 559 inde
1013 523 1062 560 ad
1089 523 1162 561 hoc
1183 522 1351 564 dieiduo
1377 530 1416 561 et
1441 524 1716 574 quinquaginta
1732 527 1776 568 ’ὴ

274 579 362 616 anni
394 581 599 624 effluxere;
643 595 768 632 neque
801 589 890 620 natu
926 583 1112 622 maximus
1148 584 1281 622 horum
1311 585 1512 635 juvenum,
1542 598 1638 637 quos
1669 569 1749 624 aff*

275 641 511 680 Euctemone
543 655 587 679 ex
621 641 685 679 illa
716 643 891 694 Callippe
924 653 1142 694 procreatos
1172 646 1384 697 perhibent,
1414 647 1540 684 aetatis
1574 659 1714 684 annum

273 703 496 753 vigesimum
527 702 746 741 adhucdum
777 706 957 743 excessit.
1014 706 1209 745 Detractis
1233 708 1347 758 igitur
1371 707 1427 744 his
1447 704 1580 759 viginti
1606 708 1715 746 annis
1744 726 1754 737 x

271 764 318 805 ab
332 763 432 800 illius
447 763 587 800 Sieulae
600 764 851 814 expeditionis
868 774 1107 817 tempestate,
1119 774 1317 806 remanent
1331 768 1417 818 plus
1433 781 1546 818 quarn
1560 769 1717 819 triginta

274 825 380 863 anni:
410 825 511 875 atqui
534 824 748 876 CaHippen,
771 827 894 865 aetatis
916 841 1057 865 annum
1086 829 1319 880 trigesimum
1342 830 1487 867 dudum
1509 842 1717 880 egressam,

272 886 398 925 adhuc
417 899 535 937 penes
557 887 829 925 Euctemonem
856 889 891 925 in
921 889 1002 939 ejus
1032 890 1153 927 tutela
1180 891 1298 928 fuisse
1324 891 1520 941 pupillam,
1547 891 1716 929 nondum

272 948 457 986 elocatam
486 947 733 997 nondumque
765 955 921 986 matrem
951 949 1117 999 legitime
1143 951 1296 995 factam,
1329 951 1512 989 credibile
1538 963 1613 989 non
1643 959 1718 997 est,

274 1010 342 1048 sed
370 1008 548 1046 credibile
578 1008 704 1057 potius
730 1009 804 1047 hoc
832 1017 902 1055 est,
931 1023 1014 1048 eam
1046 1011 1083 1048 in
1114 1024 1228 1049 manu
1262 1012 1459 1063 tutelaque
1488 1013 1610 1050 mariti
1637 1014 1718 1064 jam

273 1071 421 1109 dudum
439 1075 527 1107 ante
545 1069 678 1115 fuisse,
705 1070 920 1121 cuicunque
941 1071 1054 1110 fuerit
1072 1072 1150 1109 sive
1171 1086 1193 1110 a
1215 1074 1518 1111 necessariorum
1539 1074 1720 1124 quopiam

273 1132 350 1169 sive
370 1131 417 1168 ab
438 1131 520 1181 ipso
548 1138 674 1169 tutore
697 1132 734 1168 in
755 1145 888 1170 manus
908 1132 1000 1170 data
1019 1140 1133 1184 atque
1153 1135 1393 1173 matrimonio
1412 1135 1614 1180 collocata,
1637 1137 1719 1174 sive

275 1195 439 1245 denique
459 1193 688 1245 ajudicibus
703 1194 806 1232 velut
820 1195 928 1233 heres
946 1208 968 1233 a
986 1203 1092 1246 patre
1110 1196 1240 1234 relicta
1260 1198 1389 1235 nescio
1405 1198 1466 1235 cui
1485 1197 1719 1248 adjudicata.

276 1258 467 1295 Praeterea
480 1256 679 1307 Callippen
696 1256 794 1294 hanc
810 1270 968 1295 necesse
983 1266 1040 1295 est
1056 1266 1098 1294 ut
1116 1258 1365 1297 Euctemonis
1381 1259 1582 1298 necessarii
1603 1260 1722 1297 famu-

273 1319 376 1370 lique
396 1317 534 1362 norint,
556 1318 586 1355 si
608 1331 654 1355 ea
670 1318 821 1368 quidem
843 1318 879 1356 in
899 1319 1019 1357 tutela
1033 1319 1225 1370 domoque
1242 1320 1489 1358 Euctemonis
1504 1328 1667 1366 versata,
1683 1327 1722 1358 et

275 1388 351 1419 tam
374 1380 437 1418 diu
457 1380 623 1430 quidem,
649 1381 806 1430 triginta
834 1394 900 1431 per
929 1394 1064 1427 annos,
1091 1388 1156 1419 aut
1181 1395 1352 1432 unquam
1380 1382 1667 1420 materfamilias
1688 1384 1721 1421 ei

274 1444 397 1482 fuerit.
456 1443 544 1480 Non
561 1443 658 1480 enim
681 1443 820 1480 sufficit
840 1443 1027 1494 ejusmodi
1047 1444 1202 1481 nomina
1222 1444 1464 1481 solummodo
1485 1444 1521 1481 in
1541 1444 1718 1481 confron-

275 1504 483 1542 tationibus
502 1503 654 1553 jactari,
676 1503 744 1541 sed
765 1504 878 1541 etiam
899 1504 1012 1542 rebus
1032 1504 1123 1555 ipsis
1144 1516 1275 1542 eorum
1295 1506 1433 1543 veritas
1453 1506 1722 1556 patefacienda

275 1573 347 1612 est,
367 1566 438 1603 hoc
457 1571 529 1609 est,
551 1564 775 1602 testimoniis
801 1566 1116 1603 necessariorum.
1173 1566 1351 1604 Decebat
1374 1567 1504 1617 itaque
1530 1568 1639 1605 nobis
1659 1568 1724 1606 de-

277 1627 489 1670 monstrari,
516 1634 554 1663 et
580 1626 843 1676 flagitantibus
868 1627 1037 1677 quidem,
1067 1628 1126 1664 vel
1155 1639 1273 1665 unum
1306 1628 1470 1679 aliquem
1501 1642 1547 1666 ex
1578 1629 1722 1669 Eucte-

274 1688 398 1726 monis
424 1686 660 1731 necessariis,
681 1687 745 1737 qui
766 1686 969 1739 Callippen
988 1689 1180 1738 quandam
1206 1688 1285 1726 sive
1314 1701 1381 1739 pro
1406 1702 1523 1727 uxore
1550 1689 1723 1741 legitima

273 1751 352 1788 sive
370 1762 439 1800 pro
460 1748 604 1800 pupilla
623 1748 748 1787 saltim
764 1749 802 1786 in
822 1749 937 1787 domo
955 1749 1201 1787 Euctemonis
1218 1757 1406 1788 versatam
1426 1757 1580 1795 nosset;
1610 1751 1721 1790 dece·

276 1813 345 1850 bat
372 1824 525 1862 operam
556 1811 650 1856 dari,
679 1818 721 1849 ut
746 1811 807 1848 hae
832 1824 892 1849 res
917 1818 1214 1860 coarguerentur
1243 1812 1321 1850 sive
1346 1825 1368 1849 e
1397 1813 1549 1850 famulis
1581 1813 1720 1851 Eucte-

277 1873 411 1918 monis,
441 1873 553 1924 siqui
582 1872 710 1910 adhuc
734 1886 866 1910 eorum
892 1873 929 1910 in
950 1873 1044 1910 vivis
1072 1880 1328 1923 superessent,
1355 1873 1433 1911 sive
1460 1887 1479 1911 e
1506 1874 1657 1912 famulis
1677 1875 1721 1913 iis

276 1936 340 1986 qui
359 1948 478 1986 penes
496 1935 598 1985 ipsos
615 1934 861 1985 [Androclem
875 1934 1035 1986 ejusque
1049 1934 1266 1983 consortes]
1285 1941 1427 1979 essent,
1443 1934 1474 1972 si
1489 1934 1575 1985 quis
1591 1948 1721 1974 eorum

275 2003 336 2035 est
355 1995 420 2047 qui
447 2009 488 2034 se
514 1995 591 2033 aiat
609 1996 683 2033 ista
703 2008 832 2033 nosse:
862 2008 993 2033 verum
1013 1995 1202 2046 ejusmodi
1224 2008 1354 2033 servos
1376 2008 1397 2032 e
1417 1996 1561 2033 familia
1580 1995 1721 2034 Eucte-

276 2059 399 2096 monis
417 2058 584 2108 reliquos
604 2057 841 2095 tradentibus
857 2058 967 2095 nobis
983 2057 1030 2094 ad
1048 2057 1313 2107 quaesitionem
1330 2070 1395 2107 per
1414 2064 1602 2095 tormenta
1617 2059 1720 2096 acci-

276 2133 378 2171 pere,
394 2132 516 2167 neque
531 2132 621 2157 suos
637 2119 882 2170 poscentibus
899 2126 1081 2169 praestare
1095 2126 1132 2156 et
1150 2131 1279 2156 coram
1297 2118 1487 2157 adducere
1504 2118 1721 2157 voluerunt.

278 2182 384 2232 Cape
403 2188 445 2217 tu
466 2182 532 2218 has
553 2181 710 2217 istorum
732 2181 995 2231 responsiones
1014 2180 1050 2217 in
1068 2181 1250 2218 scrutinio
1269 2180 1334 2218 illo
1351 2182 1399 2218 ab
1415 2181 1497 2218 istis
1512 2181 1634 2219 editas
1655 2195 1722 2219 no-

275 2252 446 2294 strasque
462 2242 735 2280 obtestationes
751 2249 789 2280 et
801 2243 1092 2294 provocationes
1108 2242 1155 2280 ad
1170 2242 1413 2280 traditionem
1429 2243 1721 2293 mancipiorum.

395 2345 721 2384 RESPONSIO.
777 2345 1181 2384 TESTIMONIUM.
1240 2344 1606 2383 PROVOCATIO.

331 2428 369 2463 5.
397 2425 559 2462 Tantam
582 2437 673 2474 ergo
693 2437 786 2468 rem,
807 2431 885 2460 tarn
905 2423 1031 2473 gravis
1051 2424 1231 2461 utramvis
1251 2425 1288 2461 in
1309 2430 1455 2475 partem
1476 2423 1671 2475 ponderis,
1685 2423 1722 2461 hi

277 2489 432 2540 quidem
454 2487 705 2537 defugerunt;
736 2498 809 2535 ego
829 2497 918 2522 vero
947 2485 1224 2523 demonstrabo
1243 2486 1363 2531 vobis,
1383 2492 1422 2523 et
1451 2486 1552 2523 unde
1583 2485 1620 2522 hi
1650 2485 1724 2523 sint

278 2549 420 2601 [pueri]
440 2556 479 2587 et
497 2549 651 2599 quinam
674 2547 733 2585 isti
753 2546 817 2597 qui
846 2547 1123 2596 interponenda
1151 2547 1448 2584 obnunciatione
1475 2546 1606 2584 testati
1633 2555 1724 2585 sunt

279 2624 342 2648 eos
363 2611 551 2661 genuinos
572 2608 824 2647 Euctemonis
852 2608 991 2646 liberos
1022 2621 1119 2651 esse,
1142 2621 1220 2658 quo
1251 2607 1410 2645 student
1431 2620 1497 2645 eos
1522 2608 1559 2644 in
1582 2607 1722 2646 Eucte-

276 2673 397 2710 monis
417 2671 668 2709 hereditatem
685 2669 902 2709 immittere.
936 2668 1196 2708 Phanostrato
1212 2669 1366 2719 quidem
1387 2669 1502 2719 igitur
1521 2670 1652 2707 nescio
1672 2683 1720 2708 an

279 2733 434 2770 insuave
461 2733 509 2770 sit
537 2731 785 2770 Euctemonis
816 2730 947 2768 ulcera
975 2730 1180 2768 denudari:
1210 2730 1291 2767 fieri
1320 2738 1447 2767 tamen
1480 2731 1624 2781 nequit,
1644 2744 1723 2783 quo

281 2795 402 2832 minus
421 2794 478 2831 vel
500 2807 586 2844 pars
606 2794 734 2844 aliqua
752 2793 906 2830 modica
925 2792 1110 2830 malorum
1135 2792 1173 2828 in
1201 2804 1288 2842 quae
1319 2791 1536 2829 Euctemon
1567 2792 1724 2831 incurrit

278 2857 479 2907 aperiatur,
498 2870 574 2908 quo
595 2870 662 2894 vos
683 2856 734 2894 rei
765 2861 887 2907 gestae
913 2855 1094 2892 certiores
1113 2854 1204 2892 facti
1226 2854 1300 2891 hoc
1320 2854 1473 2891 facilius
1492 2856 1719 2893 sententiam

278 2918 479 2970 aequojuri
500 2918 800 2957 consentientem
820 2917 964 2955 feratis.
1022 2916 1160 2966 Exegit
1177 2916 1337 2954 vivendo
1358 2928 1478 2954 annos
1499 2917 1584 2955 96⁴2:
1605 2916 1719 2968 hujus
