1870 3277
235 173 284 210 38
824 168 1113 209 ISOCRATIS

232 275 312 313 fieri
333 274 398 325 qui
419 273 536 325 pulsis
566 273 735 313 finitimis
766 275 961 326 copiosam
986 280 1026 312 et
1050 273 1203 311 facilem
1233 271 1304 310 sibi
1330 273 1485 312 vivendi
1514 273 1700 312 rationem

233 336 533 382 constituerunt,
554 336 662 374 nulla
691 343 819 374 tamen
849 335 985 373 harum
1012 348 1138 373 rerum
1171 347 1305 372 sumus
1334 334 1383 372 ad
1413 334 1602 373 insulares
1623 335 1704 372 vio-

232 396 371 435 landos
401 397 567 448 impulsi,
600 397 669 436 sed
702 397 772 435 soli
806 409 854 434 ex
887 397 928 434 iis
961 397 1026 447 qui
1058 409 1200 446 magna
1230 397 1401 446 potentia
1430 397 1581 448 praediti
1612 403 1702 434 sunt

232 458 385 497 tenuius
411 459 538 497 vivere
567 472 644 497 non
675 458 938 496 recusavimus
959 470 1074 508 quam
1095 457 1133 494 hi
1155 457 1220 507 qui
1246 458 1389 495 servire
1421 458 1571 495 scilicet
1599 458 1703 494 dicc-

231 518 384 557 bantur.
443 520 644 557 Enimvero
665 520 696 557 si
717 519 835 556 nostri
861 518 1112 556 emolumenti
1135 519 1319 557 rationem
1343 519 1602 563 duxissemus,
1625 532 1702 556 non

232 580 366 631 utique
388 581 654 619 Scionaeorum
684 593 818 630 agrum
849 580 1155 631 appetiissemus‚
1183 593 1296 630 quem
1326 594 1394 618 nos
1417 581 1591 631 profugis
1611 580 1701 617 Pla-

232 643 439 680 taeensibus
472 643 678 681 tradidisse
712 649 880 687 constat,
909 648 1058 680 tantam
1093 648 1221 679 autem
1257 643 1466 693 regionem,
1505 655 1594 692 quae
1631 654 1701 679 nos

233 716 370 742 omnes
391 704 566 749 ditasset,
588 704 911 755 neglexissemus.

287 767 353 803 32.
384 765 447 811 Et,
468 779 586 816 quum
608 766 661 803 ita
680 778 751 803 nos
774 766 1003 816 gesserimus
1025 778 1069 803 ac
1099 767 1368 805 abstinentiam
1392 772 1560 803 nostram
1582 765 1700 802 tantis

233 827 350 865 veluti
375 827 600 878 pignoribus
627 827 996 873 confirmaverimus,
1023 827 1075 865 illi
1104 836 1232 867 tamen
1253 840 1436 866 accusare
1468 840 1537 864 nos
1558 827 1705 864 audent

232 890 298 941 qui
318 891 355 928 in
377 891 629 929 decurionum
659 903 820 928 numero
849 890 1020 938 fuerunt,
1044 892 1107 942 qui
1135 894 1298 944 patriam
1328 905 1435 930 suam
1466 892 1700 936 afflixerunt,

231 952 297 1003 qui
327 959 372 990 ut
400 959 571 990 veterum
602 953 748 1004 injuriae
777 966 906 1004 parvae
935 953 1158 992 viderentur
1186 954 1410 999 effecerunt,
1441 954 1504 1004 qui
1535 953 1703 1002 denique

232 1013 326 1051 nihil
347 1013 390 1052 iis
404 1015 538 1065 reliqui
554 1014 741 1060 fecerunt,
759 1016 823 1066 qui
840 1015 875 1052 in
893 1022 1088 1066 posterum
1107 1017 1270 1055 studiosi
1289 1026 1400 1054 erunt
1422 1016 1678 1067 improbitatis
1694 1029 1703 1059 ;

232 1076 461 1127 profitentur
491 1077 542 1114 illi
562 1078 626 1127 qui
647 1077 802 1127 quidem
832 1090 873 1115 sc
901 1078 1054 1116 studere
1077 1079 1296 1117 Laconibus
1327 1087 1442 1129 atque
1471 1079 1621 1116 illorum
1645 1079 1701 1116 in-

232 1137 367 1195 stituta
384 1137 570 1183 aemulari,
593 1138 660 1175 sed
683 1138 874 1176 diversam
897 1139 943 1176 ab
959 1139 1033 1176 illis
1057 1140 1243 1179 rationem
1267 1147 1496 1190 sequuntur,
1519 1153 1564 1178 ac
1586 1140 1700 1177 Meli-

231 1210 341 1236 orum
362 1198 601 1237 calamitates
616 1199 833 1250 deplorant,
855 1213 971 1250 quum
995 1212 1085 1239 snos
1105 1202 1175 1252 ipsi
1196 1202 1298 1239 cives
1319 1202 1538 1252 inexpiabili
1557 1201 1701 1240 scelere

231 1259 375 1298 violare
404 1274 480 1298 non
511 1261 736 1300 dubitarint.
795 1263 923 1304 Quam
951 1263 1051 1300 enim
1081 1263 1253 1315 injuriam
1287 1263 1639 1315 praetermiserunt?
1679 1277 1702 1302 a

232 1336 309 1374 quo
329 1323 577 1374 turpitudinis
597 1331 637 1361 et
656 1323 814 1362 saevitiae
836 1337 978 1374 genere
1000 1325 1070 1363 sibi
1093 1325 1381 1377 temperarunt?
1411 1338 1489 1363 non
1510 1326 1701 1376 iniquissi-

232 1398 316 1423 mos
335 1398 402 1436 pro
422 1385 653 1424 fidelissimis
671 1386 902 1432 habuerunt,
918 1393 956 1424 et
972 1387 1189 1438 proditores
1207 1394 1250 1424 ut
1266 1387 1459 1425 beneficos
1476 1387 1702 1425 coluerunt?

233 1459 310 1484 non
332 1447 534 1498 mancipiis
556 1448 788 1498 quibusdam
810 1449 949 1486 servire
969 1449 1188 1495 voluerunt,
1210 1462 1288 1499 quo
1310 1449 1443 1499 patriae
1465 1463 1544 1486 suae
1567 1449 1703 1487 liceret

232 1508 441 1547 insultare?
470 1522 547 1546 non
574 1522 640 1547 eos
667 1510 733 1560 qui
760 1523 800 1547 se
828 1510 982 1548 nefariis
1007 1510 1147 1548 civium
1177 1510 1348 1548 caedibus
1377 1511 1702 1557 contaminarant,

233 1570 357 1621 magis
376 1583 492 1622 quarn
514 1578 691 1621 parentes
712 1584 802 1609 suos
824 1571 1089 1610 honorarunt?
1118 1585 1196 1609 non
1216 1573 1254 1609 in
1272 1584 1355 1613 eam
1376 1585 1446 1610 nos
1464 1585 1597 1610 omnes
1618 1585 1703 1610 cru-

232 1631 430 1670 delitatem
452 1632 700 1683 impulerunt,
720 1640 775 1679 ut,
797 1647 915 1684 quum
947 1633 1048 1672 felici
1080 1634 1320 1685 superiorum
1349 1640 1565 1685 temporum
1587 1640 1704 1679 statu,

232 1700 407 1731 nostrum
427 1695 695 1746 unusquisque
716 1695 777 1733 vel
803 1696 842 1732 in
867 1696 995 1746 parvis
1017 1696 1270 1734 incommodis
1291 1696 1434 1734 multos
1455 1697 1616 1735 liaberet
1638 1698 1702 1747 qui

231 1754 355 1792 vicem
376 1754 497 1806 ipsius
518 1754 709 1801 dolerent,
733 1757 814 1794 istis
836 1757 1116 1807 imperantibus
1139 1757 1362 1795 domesticis
1392 1758 1566 1808 oppressi
1591 1759 1702 1797 malis

233 1816 396 1854 aliorum
429 1817 493 1854 alii
523 1818 693 1856 misereri
722 1818 1008 1856 destiterimus?
1055 1832 1179 1869 neque
1210 1819 1310 1856 enim
1341 1819 1518 1870 cuiquam
1553 1826 1703 1857 tanturn

233 1878 301 1916 otii
331 1878 583 1929 reliquerunt,
618 1888 661 1917 ut
700 1879 835 1917 alienis
869 1879 980 1917 malis
1016 1880 1244 1918 afficeretur.
1317 1879 1418 1917 Nam
1450 1881 1537 1930 quis
1557 1894 1702 1919 ⁴eorum

231 1931 403 1992 effugere
435 1941 560 1992 potuit
584 1941 830 1979 violentiam?
865 1942 951 1993 quis
977 1955 1000 1980 a
1027 1942 1192 1993 publicis
1224 1942 1490 1980 functionibus
1519 1943 1617 1981 adeo
1644 1957 1703 1982 re-

231 2009 358 2040 motus
378 2002 462 2049 fuit,
489 2003 582 2054 quin
605 2003 752 2040 vicinus
779 2016 865 2041 esse
885 2003 1190 2050 calamitatibus,
1210 2004 1249 2040 in
1271 2017 1366 2054 quas
1388 2005 1462 2041 ista
1482 2017 1549 2042 nos
1571 2005 1702 2056 conje-

231 2071 370 2102 cerunt
387 2065 555 2115 ingenia,
571 2065 796 2116 cogeretur?
830 2066 966 2116 Neque
983 2079 1096 2117 porro
1112 2066 1233 2117 pudet
1248 2079 1328 2112 eos,
1345 2079 1464 2117 quum
1482 2080 1571 2104 suas
1588 2068 1701 2106 urbes

233 2133 311 2164 tam
339 2126 547 2164 crudeliter
575 2127 791 2173 tractarint,
823 2127 1011 2165 immerito
1042 2135 1211 2166 nostram
1240 2141 1440 2174 accusare,
1459 2129 1536 2178 ,sed
1566 2138 1703 2179 praeter

234 2187 310 2225 alia
328 2194 368 2225 et
385 2187 536 2239 privata
565 2194 604 2232 et
633 2188 789 2239 publica
811 2188 960 2239 judicia
989 2189 1093 2240 apud
1123 2202 1194 2226 nos
1225 2190 1327 2226 facta
1347 2189 1521 2239 proferre
1542 2190 1701 2236 audent,
1726 2196 1729 2200 “

234 2262 354 2300 quum
380 2249 451 2300 ipsi
470 2249 592 2287 tribus
614 2242 810 2287 mensibus
831 2250 977 2288 indicta
998 2264 1116 2288 causa
1142 2250 1271 2301 plures
1299 2249 1565 2289 interfecerint
1584 2266 1702 2303 quarn

232 2317 367 2349 nostra
397 2312 489 2349 urbs
516 2311 632 2349 totius
661 2311 808 2362 imperii
836 2318 1009 2363 tempore
1038 2312 1075 2350 in
1097 2312 1289 2364 judicium
1323 2310 1509 2350 adduxit?
1560 2314 1704 2353 Exsilia

233 2386 349 2426 porro
368 2381 408 2412 et
428 2374 637 2412 seditiones
658 2382 695 2412 et
716 2375 847 2424 legum
873 2375 1122 2413 confusiones
1148 2385 1187 2413 et
1206 2388 1331 2413 rerum
1353 2375 1597 2426 publicarum
1618 2390 1702 2414 mu—

234 2435 416 2481 tationes,
436 2442 569 2487 stupra
589 2443 778 2486 praeterea
804 2435 967 2474 liberum
994 2443 1033 2474 et
1060 2438 1202 2487 probra
1223 2450 1385 2474 uxorum
1408 2445 1447 2475 et
1467 2438 1702 2489 direptiones

233 2498 498 2548 pecuniarum,
529 2498 613 2546 quis
635 2499 758 2549 possit
780 2499 1029 2537 enumerare?
1061 2499 1160 2536 Illud
1182 2507 1287 2537 certe
1308 2500 1465 2551 quidem
1483 2501 1521 2538 in
1551 2502 1703 2541 univer-

234 2571 321 2596 sum
339 2559 466 2597 habeo
486 2559 628 2606 dicere,
649 2560 795 2612 imperii
815 2560 933 2598 nostri
954 2562 1197 2599 severitatem
1218 2561 1329 2600 facile
1349 2576 1427 2600 uno
1448 2571 1702 2602 senatuscon-

235 2620 338 2657 sulto
359 2621 492 2664 averti,
513 2622 642 2660 caedes
663 2629 792 2660 autem
813 2629 852 2660 et
874 2622 1030 2673 injurias
1052 2623 1124 2660 sub
1145 2623 1230 2661 istis
1247 2631 1488 2675 perpetratas
1509 2638 1531 2663 a
1550 2627 1702 2665 nemine

234 2687 407 2732 potuisse
427 2683 565 2719 sanari.

291 2744 354 2781 33.
384 2742 473 2780 Jam
496 2756 545 2781 ne
564 2757 639 2795 pax
660 2745 730 2782 ista
753 2745 922 2795 quidem,
951 2752 991 2783 et
1018 2745 1174 2783 libertas
1200 2759 1303 2796 quae,
1332 2759 1447 2796 quum
1477 2747 1514 2785 in
1542 2749 1702 2788 urbibus

235 2803 344 2842 nulla
363 2805 424 2850 sit,
445 2805 653 2844 foederibus
673 2807 861 2859 inscripta
878 2807 1058 2853 habetur,
1077 2808 1347 2859 amplectenda
1363 2809 1485 2859 magis
1507 2817 1565 2848 est
1585 2825 1700 2861 quam

236 2872 368 2904 noster
387 2866 638 2918 principatus.
688 2869 786 2912 Quis
807 2869 906 2907 enim
923 2869 1039 2908 talem
1059 2875 1202 2907 statum
1224 2877 1393 2920 expetat,
1412 2884 1489 2920 quo
1509 2879 1548 2910 et
1568 2873 1701 2923 piratae

235 2941 340 2967 mare
355 2935 503 2976 tenent,
519 2936 558 2968 et
577 2931 740 2981 parmati
762 2932 878 2971 urbes
899 2931 1118 2984 occupant?
1148 2945 1226 2983 quo
1246 2945 1324 2971 non
1342 2934 1456 2972 modo
1472 2947 1539 2986 pro
1555 2936 1702 2987 imperii
