1870 3277
698 189 1106 229 PANEGYRICUS.
1589 190 1640 226 25

169 292 309 344 quibus
340 293 403 333 alii
435 294 539 346 prius
573 300 750 346 egerunt,
782 293 852 332 sed
887 306 1005 345 opera
1035 293 1165 331 danda
1191 299 1250 331 est
1281 298 1325 331 ut
1354 305 1421 332 eos
1451 291 1635 331 orationis

167 354 341 393 bonitate
363 368 603 407 superemus.
646 355 726 393 Res
747 356 848 393 enim
870 355 959 392 olim
980 362 1102 405 gestae
1123 367 1170 392 ex
1191 367 1305 404 aequo
1323 354 1432 392 nobis
1456 353 1636 393 omnibus

165 423 257 454 sunt
286 417 443 464 relictae,
473 430 539 455 eas
560 430 648 455 vero
678 416 717 454 in
745 424 919 467 tempore
946 415 1115 468 proferre
1147 422 1186 453 et
1217 416 1454 466 argumentis
1485 415 1634 453 idoneis

166 478 393 517 confirmare
421 485 459 516 et
477 478 604 516 verbis
624 477 816 515 illustrare
844 477 1092 529 prudentium
1119 476 1317 515 hominum
1339 477 1534 528 peculiare
1550 490 1637 514 mu-

165 551 238 576 nus
256 547 329 577 est.
369 540 433 577 Sic
446 546 572 577 autem
594 539 769 578 existimo
791 552 879 577 curn
898 546 1059 578 caeteras
1075 545 1175 577 artes
1197 547 1277 577 tum
1298 539 1532 590 eloquentiae
1554 545 1636 576 stu-

164 600 269 638 dium
293 603 456 639 maxime
477 608 634 639 auctum
655 602 711 646 iri,
733 601 764 640 si
784 601 962 640 honorati
991 609 1106 652 atque
1127 601 1165 639 in
1187 601 1441 640 admiratione
1463 602 1539 640 sint
1557 615 1633 639 non

163 661 185 699 ii
208 675 229 700 a
250 663 388 713 quibus
406 662 538 714 primis
565 664 615 701 sit
632 663 780 701 initium
799 664 955 702 dicendi
974 664 1205 715 profectum,
1226 664 1294 701 sed
1317 663 1355 701 hi
1374 664 1439 714 qui
1461 663 1636 714 singulas

163 724 377 762 orationum
412 733 542 776 partes
576 725 721 776 optime
760 726 1004 777 perfecerint,
1037 739 1164 776 neque
1199 725 1252 763 illi
1284 725 1348 776 qui
1385 725 1434 763 de
1467 725 1581 763 rebus
1614 737 1637 763 a

162 786 314 823 nemine
335 787 438 838 prius
472 787 646 825 tractatis
677 787 807 825 dicere
837 787 1088 835 instituerint,
1112 787 1181 826 sed
1214 786 1279 838 qui
1315 787 1370 825 sic
1392 788 1510 824 verba
1529 786 1632 824 fece-

158 848 236 886 rint
252 856 295 886 ut
313 862 426 887 nemo
447 849 545 887 alius
565 850 703 887 eodem
725 849 842 887 modo
862 849 1000 901 possit.

213 913 251 949 2.
282 912 489 950 Enimvero
520 920 611 950 sunt
636 912 702 962 qui
734 912 951 963 vituperent
983 911 1174 950 orationes
1211 923 1299 961 quae
1330 909 1435 960 vulgi
1473 915 1629 960 captum

159 973 355 1011 excedunt
378 981 418 1012 et
439 974 667 1024 exquisitius
688 974 896 1012 elaboratae
914 980 1028 1017 sunt;
1061 985 1106 1011 ac
1137 980 1246 1011 tanto
1267 972 1304 1009 in
1334 984 1460 1009 errore
1475 984 1630 1009 versan-

159 1042 220 1072 tur
237 1043 278 1073 ut
298 1049 446 1073 summo
464 1036 593 1074 studio
613 1035 820 1088 perpolitas
840 1049 929 1074 cum
949 1036 1184 1086 privatorum
1206 1040 1478 1072 contractuum
1501 1033 1629 1071 causis

158 1097 374 1143 conferant,
395 1098 508 1147 quasi
526 1110 617 1135 vero
637 1098 775 1136 eadem
802 1104 1052 1148 utrarumque
1083 1097 1180 1135 ratio
1212 1109 1298 1134 esse
1319 1096 1473 1141 debeat,
1496 1103 1534 1133 et
1552 1108 1629 1133 non

157 1157 287 1195 alterae
311 1158 360 1196 ad
386 1158 585 1196 victoriam
613 1158 745 1196 alterae
773 1159 822 1196 ad
845 1159 1146 1197 ostentationem
1179 1158 1254 1195 sint
1281 1164 1530 1208 comparatae,
1562 1165 1630 1195 aut

160 1218 464 1258 mediocritatem
492 1220 563 1270 ipsi
595 1220 844 1273 perspiciant,
867 1220 897 1257 is
917 1233 1010 1257 vero
1031 1220 1096 1269 qui
1124 1225 1307 1257 accurate
1337 1225 1467 1269 potest
1486 1218 1630 1265 dicere,

156 1293 235 1317 non
256 1280 480 1331 simpliciter
508 1281 624 1318 etiarn
655 1281 783 1319 dicere
809 1282 948 1332 possit.
1009 1283 1066 1319 Ac
1092 1281 1187 1319 istos
1208 1280 1362 1331 quidem
1390 1293 1467 1318 non
1490 1281 1629 1319 obscu-

155 1354 239 1379 rum
269 1348 329 1380 est
361 1355 427 1380 eos
461 1342 651 1381 duntaxat
679 1343 838 1381 laudare
869 1356 892 1381 a.
925 1343 1065 1394 quibus
1097 1343 1169 1394 ipsi
1202 1355 1322 1394 prope
1343 1343 1508 1380 absunt:
1541 1343 1629 1382 mihi

155 1410 283 1442 autem
315 1417 403 1442 cum
424 1403 496 1442 isto
516 1403 713 1442 hominurn
736 1418 878 1456 genere
899 1405 953 1443 rei
974 1405 1065 1443 nihil
1092 1411 1165 1450 est,
1187 1417 1254 1443 eos
1276 1404 1364 1442 volo
1383 1404 1449 1455 qui
1477 1404 1627 1443 nullum

153 1466 311 1504 verbum
333 1474 476 1504 temere
500 1466 680 1517 probent,
710 1467 778 1505 sed
800 1474 840 1505 et
871 1480 1026 1505 morose
1050 1467 1231 1518 judicent
1256 1473 1296 1504 et
1322 1466 1402 1504 tale
1423 1466 1568 1517 aliquid
1589 1467 1627 1505 in

152 1528 246 1565 meis
273 1529 510 1566 orationibus
541 1529 752 1579 requirant,
784 1529 900 1579 quale
932 1529 1037 1580 apud
1069 1529 1165 1566 alios
1197 1541 1277 1566 non
1314 1529 1390 1566 sint
1422 1529 1627 1567 inventuri.

153 1589 215 1627 Ad
236 1602 302 1627 eos
323 1589 438 1640 igitur
456 1591 517 1628 ubi
539 1603 598 1628 me
616 1590 772 1642 paulum
796 1591 910 1629 etiam
925 1591 1094 1642 jactaro,
1115 1590 1244 1629 statim
1269 1591 1317 1629 de
1339 1604 1377 1628 re
1398 1591 1480 1641 ipsa
1500 1590 1628 1630 dicere

152 1652 368 1703 aggrediar.
429 1652 621 1702 Equidem
645 1652 741 1691 alios
768 1653 807 1690 in
827 1653 994 1691 exordiis
1022 1653 1219 1691 auditores
1249 1652 1319 1690 sibi
1346 1653 1553 1691 conciliare
1574 1653 1627 1691 vi-

152 1715 240 1761 deo,
269 1723 309 1753 et
326 1728 513 1754 excusare
542 1728 588 1754 ea
618 1728 707 1765 quae
736 1715 903 1754 dicenda
932 1722 1038 1760 sunt,
1062 1715 1121 1753 vel
1153 1714 1258 1765 quod
1287 1727 1364 1752 non
1392 1713 1506 1764 spatii
1533 1714 1628 1752 satis

154 1779 289 1817 datum
310 1779 382 1816 sibi
403 1778 516 1816 fuerit
537 1778 585 1817 ad
608 1777 889 1824 meditandum,
907 1778 967 1815 vel
996 1777 1097 1828 quod
1125 1777 1276 1816 difficile
1306 1776 1356 1813 sit
1386 1789 1471 1814 eam
1493 1775 1628 1815 afferre

153 1840 365 1878 orationem
393 1854 480 1891 quae
508 1853 633 1878 rerum
663 1839 918 1890 magnitudini
951 1839 1196 1890 respondeat.
1256 1839 1343 1890 Ego
1363 1850 1465 1883 vero,
1488 1838 1562 1876 nisi
1590 1845 1629 1877 et

151 1914 222 1953 pro
243 1902 430 1953 dignitate
451 1903 505 1940 rei
526 1902 658 1940 dixero
688 1909 727 1940 et
747 1902 847 1940 sicut
869 1909 908 1939 et
929 1901 1162 1939 existimatio
1192 1913 1277 1939 mea
1296 1907 1335 1938 et
1364 1906 1518 1951 tempus
1547 1913 1624 1938 non

151 1964 267 2002 modo
282 1965 320 2002 in
336 1965 408 2003 liae
428 1965 601 2002 oratione
619 1964 825 2002 scribenda
844 1971 1117 2014 consumptum
1140 1962 1207 2000 sed
1227 1971 1265 1999 et
1284 1962 1399 2000 totius
1420 1975 1516 1999 meae
1537 1962 1625 2000 vitae

150 2026 335 2077 postulat,
356 2027 487 2064 hortor
507 2039 553 2063 ne
573 2026 775 2076 quisquam
797 2025 886 2062 mihi
909 2025 976 2063 det
994 2025 1160 2068 veniam,
1180 2024 1248 2062 sed
1275 2031 1318 2061 ut
1341 2037 1400 2061 me
1421 2023 1626 2062 derideant

155 2095 193 2126 et
221 2095 473 2126 contemnant
496 2101 651 2125 omnes:
687 2086 780 2123 nihil
810 2087 909 2124 enim
943 2086 1078 2124 horum
1106 2085 1288 2135 estquod
1316 2097 1391 2122 non
1417 2085 1504 2136 jure
1533 2086 1627 2124 mihi

151 2157 380 2189 eventurum
411 2150 472 2196 sit,
501 2149 566 2200 qui
594 2149 711 2186 nihilo
731 2148 976 2199 praestantior
1003 2148 1098 2191 aliis,
1121 2146 1220 2185 adeo
1242 2147 1448 2197 magnifica
1472 2148 1628 2197 promit-

151 2219 244 2250 tam.
301 2212 358 2249 Ac
379 2211 427 2248 de
449 2224 509 2248 ine
531 2211 688 2261 quidem
709 2211 795 2249 haec
821 2210 923 2248 volui
945 2210 1118 2261 praefari:
1149 2209 1199 2246 de
1219 2209 1419 2260 republica
1440 2222 1543 2255 vero,
1559 2209 1624 2259 qui

152 2287 271 2326 quum
292 2275 455 2325 primum
477 2273 553 2311 huc
582 2273 808 2324 prodierunt
824 2272 976 2310 abolitis
998 2271 1096 2309 odiis
1117 2278 1155 2308 et
1169 2271 1373 2308 inimicitiis
1391 2271 1481 2308 belli
1502 2271 1624 2308 aciem

149 2343 283 2374 contra
310 2336 514 2373 barbarum
539 2334 781 2385 dirigendam
804 2334 961 2379 docent,
980 2341 1018 2371 et
1046 2332 1181 2370 clades
1213 2345 1258 2370 ex
1288 2332 1480 2370 intestinis
1512 2332 1624 2370 bellis

147 2406 330 2450 acceptas
363 2404 669 2436 commemorant
707 2398 935 2448 fructusque
975 2397 1062 2434 item
1100 2396 1202 2433 illius
1242 2395 1512 2447 expeditionis,
1534 2407 1624 2432 vera

148 2461 305 2512 quidem
322 2460 470 2504 dicunt,
491 2459 559 2497 sed
582 2472 659 2496 non
676 2459 765 2497 inde
786 2459 989 2497 ordiuntur
1009 2457 1111 2495 unde
1133 2457 1272 2494 confici
1295 2456 1537 2507 potissimum
1558 2455 1625 2494 illa

147 2522 315 2574 possint.
373 2521 473 2558 Nam
506 2521 562 2558 ita
592 2533 632 2558 se
666 2533 726 2558 rcs
753 2520 892 2558 habet:
923 2520 1154 2557 Graecorum
1185 2519 1247 2555 alii
1276 2531 1345 2554 nos
1381 2517 1528 2563 colunt,
1559 2517 1623 2556 alii

147 2582 459 2622 Lacedaemoniis
482 2589 642 2633 parent;
672 2582 813 2620 etenim
834 2595 959 2620 rerum
989 2581 1228 2632 publicarum
1256 2580 1403 2625 formae,
1424 2579 1565 2629 quibus
1585 2580 1621 2617 in

149 2647 229 2684 suis
249 2646 392 2696 quique
412 2644 631 2682 civitatibus
652 2650 826 2690 utuntur,
848 2644 902 2681 sic
930 2644 1136 2695 plerosque
1169 2641 1445 2679 distinxerunt.
1506 2642 1623 2685 Quis-

147 2707 231 2758 quis
252 2707 366 2758 igitur
386 2719 426 2744 se
447 2705 601 2756 publice
628 2706 675 2743 de
696 2705 846 2743 caeteris
880 2706 978 2743 bene
1007 2703 1232 2742 meriturum
1250 2709 1377 2754 putat,
1394 2702 1620 2754 priusquam

149 2781 279 2806 eorum
298 2768 488 2819 principes
508 2767 775 2814 reconciliarit,
803 2767 836 2805 is
858 2780 994 2818 parum
1012 2773 1115 2803 rectc
1143 2765 1258 2802 sentit
1273 2772 1311 2803 et
1332 2765 1448 2816 longe
1469 2766 1579 2803 abest
1600 2777 1623 2803 a

150 2830 202 2868 rci
219 2831 388 2868 veritate.
446 2830 522 2872 Qui
543 2836 672 2867 autem
693 2842 769 2867 non
792 2836 941 2868 tantum
963 2828 1105 2879 ingenii
1135 2827 1273 2865 famam
1296 2835 1524 2879 aucupatur,
1551 2828 1621 2865 sed

149 2892 263 2930 etiam
285 2891 425 2941 aliquid
447 2891 632 2943 perficere
659 2892 780 2943 cupit,
800 2904 866 2929 eas
893 2897 1044 2941 quaerat
1070 2889 1237 2928 rationes
1258 2902 1418 2927 necesse
1440 2896 1513 2934 est,
1542 2890 1624 2939 qui-

149 2955 222 2992 bus
242 2952 303 2990 hae
324 2953 436 2991 urbes
452 2953 699 2992 adducantur
717 2960 759 2990 ut
783 2960 821 2991 et
844 2952 926 3003 pari
946 2964 1136 3003 aequoque
1161 2952 1250 3002 jure
1270 2952 1368 2989 inter
1389 2964 1475 2989 sese
1492 2951 1623 2988 vivant

878 3025 901 3050 ε.
