1870 3277
275 139 347 173 224
856 141 1136 178 lsOCRATlS

329 241 415 278 aa*
454 243 508 278 16.
543 241 627 280 Non
649 255 733 280 sum
756 251 883 280 autem
914 245 1077 287 nescius,
1098 244 1264 281 nondum
1287 258 1331 282 ea
1358 260 1443 296 [pun
1470 247 1547 283 dixi
1571 260 1718 284 movere

276 301 448 339 inimicos
471 317 580 353 posse
611 304 658 341 de
682 312 864 354 suscepta
891 306 1091 349 sententia,
1114 306 1179 342 sed
1209 306 1325 343 multa
1360 308 1484 346 adhue
1511 321 1607 359 opus
1634 321 1718 345 esse

276 363 453 413 variaque
467 366 650 410 oratione,
667 373 706 403 ut
721 366 833 403 aliam
848 367 894 403 ab
909 380 953 404 ea
967 380 1081 417 quam
1097 381 1198 405 nunc
1214 376 1352 418 gerunt
1366 377 1527 407 mentem
1548 371 1719 407 induant.

277 423 393 462 Porro
425 435 574 476 oportet
611 441 656 464 ne
694 440 760 465 nos
791 428 946 477 quidem
978 430 1122 478 priores
1158 442 1179 466 a
1213 430 1388 467 docendo
1422 431 1719 481 disserendoque

275 485 460 530 deficere;
493 501 539 525 ex
562 502 637 538 quo
666 489 886 526 alterutrum
915 490 1231 540 [consequemur]
1263 498 1304 527 ut
1324 491 1383 528 vel
1417 504 1545 529 eorum
1573 501 1718 529 mentes

275 545 530 593 immutemus,
554 550 610 587 vel
632 551 885 588 contumelias
906 551 1038 589 saltem
1069 560 1108 589 et
1129 553 1414 591 criminationes
1441 567 1534 604 quas
1563 568 1662 592 nuuc
1683 555 1719 592 in

275 621 346 645 nos
374 611 582 661 conjiciunt
608 611 812 650 mendaces
841 626 1109 663 coarguamus.
1167 615 1236 652 Est
1256 623 1382 652 autem
1411 616 1554 667 duplex
1574 617 1719 666 vitupe-

276 671 382 708 ratio.
439 672 556 710 Aiunt
576 674 676 711 enim
702 688 824 723 nugas
845 688 929 712 esse
951 683 989 712 et
1013 675 1308 714 ludificationem
1332 678 1586 727 sophistarum
1608 677 1719 715 scho-

274 730 368 770 lam:
401 733 543 772 nullam
560 735 702 786 quippe
718 749 802 774 esse
815 736 1103 781 institutionem,
1117 750 1165 775 ex
1181 752 1257 788 qua
1270 740 1355 789 quis
1372 748 1438 776 aut
1453 738 1718 776 addicendum

276 793 535 834 veliementior
555 804 620 835 aut
640 798 689 835 ad
710 811 767 836 res
788 799 977 849 gerendas
997 799 1219 850 prudentior
1239 802 1401 844 evadat;
1435 815 1561 838 verum
1587 801 1650 850 qui
1672 801 1720 838 ad

274 854 358 892 haec
382 865 516 895 natura
539 860 748 909 paratiores
770 869 870 905 sunt,
891 873 954 898 eos
976 861 1149 899 nimirum
1177 863 1324 900 caeteris
1348 863 1589 901 antecellere.
1647 863 1722 901 Alii

274 926 403 956 autem
435 920 666 960 efficaciores
693 923 848 972 quidem
881 924 1134 974 pronunciant
1165 938 1230 963 eos
1259 925 1322 975 qui
1353 926 1390 962 iu
1416 925 1488 963 liae
1519 926 1721 976 disciplina

274 991 484 1027 versantur,
503 984 571 1021 sed
592 985 692 1022 enim
715 986 903 1036 corrumpi
924 998 966 1022 ac
990 985 1234 1035 improbiores
1256 987 1356 1024 fieri:
1387 988 1450 1024 ubi
1480 987 1577 1024 enim
1601 996 1718 1025 artem

273 1046 470 1081 consecuti
490 1054 592 1091 sunt,
621 1046 752 1083 alienis
781 1047 962 1086 insidiari.
1024 1048 1138 1091 Quod
1169 1049 1282 1099 igitur
1302 1049 1424 1085 neutri
1450 1049 1583 1086 horum
1609 1050 1719 1099 quid-

271 1117 385 1154 quam
403 1119 539 1143 sanum
559 1115 625 1144 aut
640 1121 768 1145 verum
789 1108 931 1153 dicant,
948 1110 1192 1148 vehementer
1206 1123 1316 1160 spero
1333 1124 1391 1147 me
1407 1111 1582 1148 omnibus
1598 1119 1722 1148 osten-

271 1180 416 1205 surum.
474 1169 529 1206 Ae
568 1170 728 1220 primum
760 1171 912 1221 quidem
945 1173 1200 1218 considerate,
1235 1172 1298 1223 qui
1335 1173 1441 1209 aiunt
1479 1186 1599 1223 nugas
1639 1187 1720 1211 esse

271 1231 476 1270 literariam
507 1234 795 1279 institutionem,
818 1249 883 1274 eos
907 1237 1063 1274 omnino
1089 1237 1191 1288 ipsos
1214 1243 1344 1288 aperte
1371 1237 1518 1286 nugari.
1575 1237 1720 1275 Tradu-

271 1302 365 1331 cunt
385 1296 485 1332 enim
507 1296 611 1334 illam
634 1298 743 1347 quasi
765 1297 856 1334 nihil
884 1292 1068 1349 prodesse
1088 1306 1216 1349 queat,
1237 1298 1304 1335 sed
1325 1299 1502 1349 deceptio
1529 1312 1573 1337 ac
1594 1299 1719 1336 ludifi-

270 1357 371 1394 catio
390 1358 461 1400 sit;
494 1359 635 1396 vellent
654 1366 782 1396 autem
803 1360 1009 1411 discipulos
1031 1369 1191 1406 nostros,
1213 1361 1340 1398 statim
1360 1374 1404 1398 ac
1426 1361 1475 1398 ad
1497 1374 1565 1398 nos
1586 1374 1718 1398 acces-

271 1417 399 1462 serint,
422 1418 572 1457 differre
585 1420 666 1469 jam
688 1434 709 1457 a
730 1434 769 1458 se
782 1421 888 1472 ipsis,
904 1423 1114 1474 paucisque
1134 1423 1268 1460 diebus
1284 1422 1453 1460 contritis
1471 1423 1718 1473 sapientiores

270 1478 308 1515 in
339 1479 502 1517 dicendo
521 1488 559 1518 et
579 1483 792 1533 superiores
814 1482 931 1520 videri
958 1484 999 1521 iis
1031 1497 1052 1521 a
1072 1485 1210 1534 quibus
1239 1491 1352 1521 aetate
1383 1491 1421 1521 et
1449 1484 1719 1522 exercitatione

270 1541 487 1587 vincuntur,
512 1557 611 1581 anno
642 1551 769 1582 autem
792 1558 868 1581 uno
902 1547 1001 1596 apud
1035 1559 1093 1583 me
1122 1553 1256 1583 exacto
1281 1545 1450 1582 rhetores
1481 1558 1615 1583 omnes
1638 1560 1719 1584 esse

270 1604 391 1641 bonos
412 1604 527 1642 immo
547 1606 738 1654 perfectos
760 1620 832 1644 nec
858 1607 1062 1658 ineptiores
1085 1608 1242 1657 ignavos
1263 1607 1462 1645 laboriosis
1483 1616 1550 1645 aut
1569 1607 1719 1645 humilis

270 1665 412 1716 ingenii
439 1666 484 1703 iis
504 1668 569 1717 qui
598 1680 803 1717 generosos
831 1669 975 1706 animos
997 1670 1119 1707 sortiti
1141 1678 1243 1707 sunt.
1302 1671 1432 1719 Atque
1461 1669 1542 1706 liaec
1562 1669 1719 1720 exigunt

269 1741 386 1778 quum
407 1743 530 1780 neque
551 1744 611 1767 me
632 1744 802 1782 unquam
821 1732 1034 1769 audiverint
1052 1732 1142 1769 talia
1160 1731 1423 1782 spondentem,
1441 1744 1564 1781 neque
1585 1731 1620 1767 in
1636 1731 1718 1768 aliis

270 1791 417 1829 artibus
445 1799 482 1829 et
509 1792 721 1842 disciplinis
750 1793 870 1830 simile
898 1794 988 1844 quid
1018 1794 1240 1843 contingere
1269 1793 1443 1834 viderint,
1463 1793 1578 1829 immo
1599 1806 1715 1843 quum

264 1864 402 1889 >omnes
436 1853 673 1903 cognitiones
708 1853 835 1891 labore
869 1854 1010 1905 acquiri
1045 1855 1206 1899 soleant,
1243 1868 1368 1905 neque
1405 1855 1531 1891 cuncti
1559 1855 1619 1904 qui
1653 1867 1717 1892 eas

268 1913 452 1952 discimus
467 1927 576 1965 aeque
597 1915 634 1952 in
655 1916 698 1952 iis
719 1916 973 1966 proficiamus,
995 1917 1064 1953 sed
1079 1916 1156 1953 dno
1172 1925 1238 1953 aut
1258 1923 1333 1953 tres
1356 1929 1403 1952 ex
1423 1916 1600 1953 omnibus
1616 1916 1717 1953 ludis

270 1976 420 2026 pugiles
441 1976 622 2022 evadant,
645 1977 780 2027 reliqui
796 1985 922 2016 autem
943 1979 1134 2028 ignobiles
1155 1979 1307 2016 abeant.
1367 1978 1504 2015 Verum
1527 1978 1717 2015 enimvero

270 2038 354 2086 quis
377 2050 451 2075 non
476 2038 614 2076 stultos
628 2039 778 2089 judicet
798 2052 862 2077 eos
884 2039 947 2090 qui
967 2040 1071 2077 illam
1088 2040 1174 2084 vim,
1198 2052 1284 2090 quae
1304 2039 1452 2076 caeteris
1468 2038 1571 2075 haud
1591 2039 1716 2076 dubiis

271 2099 414 2136 artibus
437 2112 513 2137 non
542 2100 645 2146 insit,
666 2101 712 2138 ab
740 2101 812 2139 bac
840 2101 990 2152 exigere
1019 2101 1164 2138 audent
1190 2113 1303 2150 quam
1324 2100 1467 2138 nullam
1489 2107 1607 2137 artem
1629 2113 1716 2138 esse

272 2159 415 2205 dicunt,
442 2161 580 2211 quique
612 2163 659 2199 ab
681 2175 726 2200 ea
755 2176 871 2213 quam
902 2164 975 2213 ipsi
999 2163 1186 2200 exsistere
1213 2169 1358 2212 negant
1378 2162 1505 2212 plures
1533 2161 1716 2199 utilitates

269 2223 467 2272 requirunt
490 2237 604 2274 quam
634 2224 681 2261 ab
702 2225 746 2262 iis
777 2238 863 2275 quae
883 2232 988 2262 certo
1017 2225 1182 2262 inventae
1203 2237 1287 2261 esse
1308 2223 1513 2262 videntur?
1556 2223 1721 2274 Oportet

270 2291 396 2321 autem
412 2285 590 2323 cordatos
609 2285 781 2323 homines
801 2300 876 2323 non
891 2286 1312 2337 inaequaliterjudicare
1328 2285 1375 2322 de
1392 2285 1575 2322 similibus
1589 2286 1717 2330 rebus,
1767 2318 1770 2319 ⁷

269 2359 393 2397 neque
412 2347 626 2398 improbare
647 2347 886 2398 disciplinam
907 2348 1007 2386 hanc
1027 2362 1114 2398 quae
1132 2349 1235 2386 idem
1252 2361 1296 2386 ac
1315 2347 1488 2398 plurimae
1511 2347 1595 2384 aliae
1614 2356 1715 2386 artes

269 2407 394 2446 efficit.
451 2410 547 2454 Quis
575 2410 675 2448 enim
695 2418 863 2447 vestrum
886 2412 1009 2448 nescit
1034 2411 1172 2448 multos
1197 2424 1220 2448 a
1237 2409 1415 2460 sophistis
1434 2422 1560 2460 neque
1581 2409 1715 2448 illusos

267 2483 353 2507 esse
370 2485 493 2522 neque
509 2472 562 2510 ita
573 2471 730 2510 affectos
746 2480 788 2509 ut
801 2471 861 2509 isti
877 2472 996 2516 aiunt,
1012 2472 1078 2509 sed
1091 2472 1185 2510 alios
1198 2471 1350 2522 quidem
1366 2472 1488 2509 bonos
1503 2471 1716 2516 causidicos

268 2532 443 2578 effectos,
472 2534 566 2572 alios
586 2534 635 2572 ad
655 2534 873 2572 docendum
899 2534 1083 2578 idoneos;
1113 2535 1177 2584 qui
1198 2547 1286 2571 vero
1307 2547 1353 2571 ex
1378 2533 1436 2570 his
1457 2534 1571 2571 vitam
1590 2534 1713 2584 priva-

268 2601 347 2631 tam
366 2595 629 2646 praetulerunt,
647 2603 728 2634 tum
751 2597 788 2634 in
803 2595 1070 2647 congressibus
1087 2595 1341 2644 elegantiores
1362 2608 1447 2632 esse
1469 2608 1584 2645 quarn
1600 2603 1711 2635 antea

268 2655 433 2702 fuerant,
453 2666 532 2695 tum
549 2650 927 2709 sermonumjudices
947 2670 991 2695 ac
1007 2656 1245 2695 consiliarios
1265 2656 1496 2694 oculatiores
1515 2670 1631 2707 quain
1651 2658 1715 2696 alii

268 2716 446 2767 plurimi?
489 2718 566 2762 Qui
597 2732 688 2770 ergo
721 2726 966 2757 contemnere
995 2718 1097 2756 hanc
1130 2718 1368 2769 disciplinam
1395 2718 1521 2763 liceat,
1551 2733 1714 2770 quaese

270 2785 422 2816 utentes
449 2780 543 2818 tales
573 2781 731 2820 reddere
757 2781 907 2832 possit?
949 2781 1036 2818 Jam
1064 2787 1102 2818 et
1127 2780 1202 2818 hoe
1227 2780 1356 2818 cuncti
1387 2781 1618 2828 fatebuntur,
1643 2797 1712 2821 nos

268 2839 355 2877 il'los
376 2840 680 2880 absolutissimos
698 2843 736 2880 in
753 2843 885 2894 quavis
905 2850 985 2880 arte
1005 2849 1121 2892 atque
1139 2841 1291 2893 opificio
1306 2841 1496 2893 judicare,
1518 2843 1581 2893 qui
1600 2843 1712 2894 disci-

268 2902 379 2953 pulos
391 2916 504 2953 quam
523 2903 602 2941 fieri
616 2911 743 2955 potest
757 2903 969 2942 simillimos
981 2904 1078 2942 inter
1092 2917 1137 2941 se
1154 2903 1318 2940 artifices
1331 2902 1538 2941 effecerint.
1595 2903 1711 2954 Atqui
