1870 3277
622 157 1106 199 PANATHENAICUS.
1522 159 1596 195 185

133 260 199 312 qui
227 259 327 298 hanc
347 260 556 298 orationem
585 261 751 311 probant
770 260 912 312 quique
933 258 1170 304 existimant,
1199 272 1265 296 eas
1293 259 1488 299 orationes
1507 273 1595 311 quae

135 323 278 361 docent
305 327 345 360 et
374 329 494 360 artem
523 329 752 368 monstrant,
780 322 824 358 iis
854 333 939 371 quae
966 320 1025 357 vel
1055 320 1104 358 ad
1133 321 1429 359 ostentationem
1454 321 1513 360 vel
1545 321 1596 359 ad

133 383 300 422 forensia
319 384 532 422 certamina
552 390 784 435 comparatae
812 388 915 427 sunt,
941 381 1202 433 praeferendas
1225 388 1264 418 et
1282 382 1508 421 eruditiores
1527 383 1593 434 ju-

133 444 319 483 dicandas
339 458 438 491 esse,
454 458 518 483 eas
538 445 628 483 item
641 457 728 495 quae
746 442 898 481 veritati
918 442 1102 480 studeant
1116 442 1190 480 illis
1211 455 1299 480 esse
1319 443 1485 493 potiores
1506 457 1594 492 quae

132 505 370 544 auditoribus
391 505 521 544 fucum
536 506 663 544 facere
679 517 723 543 ac
739 511 914 554 receptas
930 503 1129 554 opiniones
1147 509 1376 554 extorquere
1392 512 1593 551 conentur,

129 566 250 618 pluris
270 567 385 606 etiam
405 580 469 606 eas
490 566 568 605 fieri
589 566 729 605 debere
749 578 838 616 quae
858 564 1002 603 delicta
1021 565 1308 616 reprehendant
1323 571 1440 615 atque
1459 566 1595 604 admo-

129 635 249 666 neant
274 641 390 679 quam
416 641 503 679 quae
526 627 715 678 voluptati
741 633 780 665 et
806 639 908 664 aurae
938 626 1115 678 populari
1142 626 1329 670 serviant3
1369 639 1435 665 eos
1462 634 1592 665 autem

129 689 195 740 qui
222 689 415 728 diversum
441 690 489 727 ab
516 688 575 726 his
596 688 768 726 sentiunt
793 700 950 725 monere
971 687 1089 733 volui,
1115 687 1153 724 in
1182 687 1311 738 primis
1338 700 1387 724 ne
1408 688 1486 726 suis
1509 701 1594 726 sen-

129 751 258 789 tentiis
282 750 367 801 plus
392 763 505 801 aequo
532 749 716 795 tribuant,
742 761 869 799 neque
895 761 987 787 vera
1012 761 1145 786 eorum
1166 748 1317 800 judicia
1344 761 1430 787 esse
1454 756 1594 800 putent

132 812 198 863 qui
224 818 311 850 sunt
339 811 474 850 animis
501 811 649 856 otiosis,
671 810 846 848 secundo
871 809 957 848 loco
984 822 1034 847 ne
1061 816 1203 849 temere
1232 822 1278 848 ac
1305 810 1592 849 inconsiderate

130 874 380 925 pronuntient
398 873 446 911 de
472 873 531 911 his
551 886 640 924 quae
661 884 817 923 prorsus
843 871 1038 923 ignorant,
1060 871 1129 910 sed
1157 871 1346 923 tantisper
1364 878 1594 923 exspectent

132 946 177 972 ac
203 933 384 973 differant
408 934 501 973 dum
525 934 602 972 illis
629 934 806 973 assentiri
825 940 968 986 queant
987 934 1053 985 qui
1074 934 1122 973 de
1148 934 1194 973 iis
1218 947 1306 985 quae
1333 935 1593 973 ostenduntur

131 995 370 1035 orationibus
390 995 618 1048 peritissime
635 995 831 1048 judicant:
863 1008 978 1036 nemo
997 996 1098 1036 enim
1123 1008 1188 1035 eos
1208 995 1274 1048 qui
1299 995 1372 1035 hac
1400 995 1593 1035 modestia

129 1055 273 1095 fuerint
290 1057 442 1110 ineptos
462 1064 501 1097 et
519 1057 681 1097 stolidos
698 1057 902 1109 judicabit.

832 2955 898 2991 ‘213
