1870 3277
694 181 1103 222 PANEGYRICUS.
1574 177 1623 212 35

156 288 326 327 ducenta
348 286 474 326 stadia
494 299 580 329 cum
600 286 772 325 exercitu
791 285 1023 324 confecisse.
1083 284 1217 334 Usque
1249 282 1347 320 adeo
1372 279 1620 323 festinarunt,

156 349 265 387 alteri
285 356 328 387 ut
350 348 443 387 socii
464 348 715 400 periculorum
740 353 887 392 essent,
910 346 1017 385 alteri
1037 353 1080 383 ut
1107 352 1196 383 ante
1225 343 1453 381 auxiliorum
1476 341 1621 379 adven-

153 419 234 450 turn
255 412 476 451 conflixisse
497 411 732 450 viderentur.

209 476 274 511 25.
306 475 402 512 Post
419 475 504 511 haec
536 473 658 510 altera
685 471 881 523 expeditio
912 478 1095 521 suscepta
1125 475 1199 513 est,
1222 468 1334 519 cujus
1361 467 1444 517 ipse
1474 467 1622 503 Xerxes

156 534 235 573 dux
263 536 349 582 fuit,
371 535 580 585 relictaque
612 533 716 583 regia
748 533 956 583 imperator
986 545 1104 569 ausus
1135 531 1216 568 fieri
1246 529 1365 568 totius
1388 528 1491 565 Asiae
1524 527 1622 564 vires

155 597 367 634 contraxit:
399 596 447 633 de
473 608 548 646 quo
577 594 661 645 quis
691 607 862 644 unquam
892 593 1055 631 instituit
1084 592 1274 629 immensa
1302 590 1429 628 dicere
1455 588 1519 638 qui
1545 600 1620 625 non

156 656 295 694 dixerit
323 656 470 694 minora
500 655 624 694 veris?
672 655 774 693 Nam
802 661 911 692 tanta
938 654 1119 705 superbia
1139 653 1280 697 elatus,
1302 658 1344 689 ut
1364 663 1442 688 rem
1463 662 1621 700 parvam

157 719 392 756 existimaret
423 718 601 768 subigere
629 716 838 761 Graeciam,
858 722 897 754 et
928 715 967 753 id
996 715 1054 753 sui
1084 719 1378 752 monumentum
1405 710 1623 760 relinquere

157 779 316 830 cupiens
336 779 441 831 quod
455 779 666 816 humanam
686 784 859 815 naturam
878 777 1097 822 excederet,
1119 788 1195 814 non
1219 775 1320 825 prius
1343 772 1493 811 destitit
1505 783 1622 822 quam

156 841 194 879 id
215 842 479 891 excogitasset
498 852 643 890 perque
663 839 736 876 vim
764 838 992 876 extorsisset
1021 838 1125 888 quod
1146 836 1324 875 omnibus
1346 835 1382 872 in
1403 847 1467 872 ore
1487 840 1559 878 est,
1581 839 1624 870 ut

156 916 245 940 cum
265 903 434 940 exercitu
466 901 727 939 continentem
749 900 951 951 navigarit,
971 899 1137 950 pedibus
1167 911 1270 936 mare
1300 894 1518 940 ambularit,
1540 902 1622 932 tum

157 963 414 1014 Hellesponto
438 969 554 1013 ponte
574 963 728 1014 juncto,
759 968 839 999 tum
873 961 977 999 Atho
1008 968 1139 998 monte
1168 960 1358 1011 perfosso.
1417 957 1477 994 Illi
1506 956 1624 1008 igitur

157 1026 267 1075 cujus
287 1031 396 1062 tanta
414 1023 485 1061 fuit
504 1024 620 1062 animi
641 1024 770 1069 elatio,
791 1023 856 1073 qui
875 1036 932 1061 res
953 1029 1081 1061 tantas
1104 1028 1292 1073 gesserat,
1313 1020 1378 1071 qui
1397 1026 1454 1058 tot
1470 1019 1623 1070 populis

156 1087 382 1137 imperabat,
402 1092 652 1124 occurrerunt
681 1085 887 1123 distributo
907 1084 1092 1136 periculo,
1114 1081 1401 1121 Lacedaemonii
1424 1081 1473 1119 ad
1503 1080 1624 1119 Ther-

158 1150 334 1201 mopylas
364 1149 583 1200 pedestrem
610 1147 817 1186 exercitum
845 1145 1084 1198 prohibituri,
1106 1146 1269 1183 delectis
1291 1144 1396 1182 mille
1416 1144 1465 1181 de
1485 1143 1564 1181 suis
1587 1150 1626 1181 et

158 1212 348 1249 sociorum
368 1210 500 1260 paucis
521 1210 747 1260 assumptis,
770 1218 813 1246 ut
832 1221 919 1246 eum
949 1208 983 1245 in
1008 1207 1194 1257 angustiis
1215 1206 1395 1244 ulteriore
1415 1217 1625 1256 progressu

159 1273 430 1316 excluderent3
467 1271 587 1309 nostri
621 1279 751 1321 patres
787 1269 836 1307 ad
871 1268 1140 1312 Artemisium,
1174 1267 1378 1317 sexaginta
1407 1266 1624 1303 triremibus

157 1341 294 1371 contra
322 1333 541 1371 universam
574 1331 741 1369 hostium
773 1330 936 1368 classem
975 1328 1189 1367 instructis.
1249 1329 1299 1365 Et
1328 1328 1414 1365 haec
1449 1327 1626 1364 fecerunt

156 1409 233 1433 non
259 1402 338 1433 tam
365 1394 535 1432 hostium
567 1392 794 1444 contemptu
823 1405 938 1442 quam
969 1391 1137 1442 quadam
1169 1390 1266 1428 inter
1293 1402 1333 1426 se
1359 1389 1623 1434 contentione,

159 1455 454 1500 Lacedaemonii,
477 1455 583 1505 quod
605 1454 766 1504 gloriam
787 1454 890 1491 urbis
912 1460 1053 1491 nostrae
1074 1454 1123 1490 ob
1146 1451 1433 1489 Marathoniam
1454 1463 1623 1501 pugnam

156 1518 387 1555 aemulantes
410 1529 450 1554 se
471 1516 675 1554 nobiscum
696 1528 900 1566 exaequare
922 1514 1147 1560 studebant,
1167 1513 1276 1550 veriti
1303 1526 1351 1550 ne
1381 1512 1537 1550 Graecia
1564 1525 1625 1549 se—

155 1579 325 1618 cundum
354 1577 598 1616 continenter
618 1590 641 1614 a
661 1577 769 1614 nobis
790 1582 1104 1618 conservaretur3
1137 1575 1257 1612 nostri
1289 1575 1453 1626 majores
1473 1581 1553 1611 tum
1585 1581 1628 1612 ut

155 1649 305 1693 partam
323 1640 484 1692 gloriam
503 1646 705 1678 tuerentur
724 1647 764 1677 et
784 1639 961 1676 omnibus
983 1637 1226 1675 declararent
1245 1636 1408 1688 priorem
1433 1636 1547 1674 etiam
1570 1636 1624 1673 vi-

155 1703 315 1742 ctoriam
345 1715 422 1739 non
443 1701 607 1739 fortunae
628 1700 698 1738 sed
720 1713 799 1737 suae
820 1699 949 1737 virtuti
968 1712 1055 1737 esse
1075 1697 1333 1743 tribuendam,
1352 1704 1432 1735 tum
1454 1706 1496 1735 ut
1517 1697 1626 1734 Grae-

156 1777 223 1803 cos
244 1764 293 1802 ad
309 1763 457 1801 navalis
478 1762 598 1813 praelii
617 1762 811 1799 fortunam
834 1760 1062 1799 tentandam
1082 1760 1323 1798 adducerent
1342 1760 1475 1810 eisque
1495 1759 1625 1797 decla-

157 1832 287 1863 rarent
306 1823 591 1862 multitudinem
615 1835 692 1860 non
714 1823 842 1859 minus
864 1822 956 1859 mari
983 1835 1097 1873 quam
1120 1827 1220 1858 terra
1237 1820 1375 1858 cedere
1394 1821 1537 1858 virtuti.

211 1887 277 1923 26.
308 1887 438 1928 Quum
462 1891 589 1922 autem
618 1897 687 1935 par
708 1884 846 1921 fnisset
872 1883 1048 1929 andacia,
1069 1896 1147 1920 non
1167 1895 1297 1933 parem
1321 1883 1515 1920 fortunam
1535 1893 1625 1923 sunt

158 1947 325 1998 experti;
357 1959 444 1985 narn
465 1946 518 1984 illi
534 1946 689 1996 quidem
708 1945 951 1990 occiderunt,
967 1945 1130 1982 victores
1149 1944 1300 1992 animis,
1315 1945 1538 1994 corporibus
1557 1946 1625 1985 de-

158 2009 492 2060 fatigati—dictu
513 2007 612 2045 enim
635 2007 744 2043 nefas
766 2013 838 2051 est,
860 2018 927 2043 eos
948 2019 1032 2043 esse
1050 2005 1192 2049 victos3
1221 2018 1339 2055 quum
1361 2019 1474 2044 nemo
1490 2020 1622 2046 eorum

156 2071 289 2122 fugere
309 2070 554 2113 voluerit—,
577 2067 693 2105 nostri
711 2074 982 2117 autem,quum
1001 2066 1131 2118 primis
1152 2067 1313 2104 navibus
1336 2067 1443 2104 victis
1461 2070 1623 2108 transitu

158 2132 300 2183 potitos
316 2144 401 2169 esse
420 2131 553 2168 hostes
570 2129 823 2175 audivissent,
835 2128 997 2166 navibus
1012 2128 1168 2165 domum
1185 2128 1354 2166 reductis
1370 2130 1624 2182 [urbanisque

157 2195 271 2232 iebus
291 2192 495 2241 ordinatis]
516 2205 563 2230 ea
584 2192 631 2229 de
651 2191 803 2228 caeteris
824 2190 988 2228 consilia
1014 2190 1192 2237 inielunt,
1213 2198 1256 2229 ut
1281 2198 1369 2241 post
1400 2191 1541 2230 multas
1563 2207 1623 2232 res

157 2255 339 2320 praeclare
366 2261 494 2304 gestas
527 2254 563 2290 in
591 2253 771 2290 extremis
798 2252 980 2303 periculis
1011 2252 1127 2302 longe
1148 2252 1294 2290 fuerint
1313 2253 1621 2293 excellentioies.

158 2319 272 2363 Nam,
285 2329 403 2367 quum
421 2328 553 2352 omnes
571 2315 662 2352 socii
680 2315 827 2352 animos
844 2313 1146 2364 desponderent,
1163 2327 1283 2363 quum
1306 2314 1622 2365 Peloponnenses

156 2392 264 2418 muro
280 2378 461 2416 isthmum
475 2376 777 2414 intercludeient
793 2389 951 2425 suaeque
967 2375 1099 2413 salutis
1113 2375 1288 2426 privatim
1307 2376 1622 2416 rationemhabe-

154 2449 256 2487 rent,
278 2453 398 2491 quum
425 2439 510 2476 aliae
532 2439 644 2476 urbes
666 2453 688 2475 a
709 2437 876 2475 barbaris
906 2444 1095 2488 superatae
1122 2437 1194 2475 sub
1215 2437 1290 2475 illis
1311 2438 1528 2484 militarent,
1550 2440 1623 2478 nisi

156 2505 254 2543 forte
275 2503 404 2553 aliqua
434 2514 479 2538 ex
513 2500 721 2538 minoribus
751 2512 818 2550 per
848 2506 1114 2550 contemptum
1148 2500 1343 2549 praeterita
1370 2507 1486 2544 esset,
1503 2514 1621 2551 quum

155 2570 326 2608 triremes
352 2566 456 2604 mille
477 2578 521 2603 ac
543 2565 723 2602 ducentae
749 2563 1003 2614 appellerent,
1025 2570 1224 2600 terrestres
1245 2575 1334 2599 vcro
1356 2563 1477 2613 copiae
1508 2564 1621 2602 innn-

157 2629 358 2668 merabiles
378 2628 415 2665 in
435 2627 600 2664 Atticam
622 2627 822 2676 irrupturae
850 2632 996 2670 essent,
1019 2637 1090 2661 nec
1117 2624 1197 2661 nlla
1225 2623 1361 2661 salutis
1384 2637 1470 2675 spes
1492 2633 1624 2664 osten-

156 2684 323 2735 deretur,
335 2701 452 2740 quum
475 2694 515 2725 et
534 2687 708 2725 destituti
725 2693 856 2724 essent
871 2700 893 2724 a
908 2686 1021 2724 sociis
1039 2693 1074 2723 et
1092 2698 1160 2736 spe
1175 2685 1277 2721 omni
1295 2685 1480 2731 frustrati,
1495 2700 1627 2738 quam-

156 2753 211 2789 vis
233 2765 308 2789 non
328 2751 392 2788 illa
412 2756 561 2787 tantum
589 2748 759 2799 pericula
789 2748 957 2798 effugere
980 2760 1110 2785 verum
1132 2746 1291 2784 eximios
1313 2747 1428 2785 etiam
1458 2748 1625 2790 honores

157 2813 339 2862 consequi
358 2812 504 2856 liceret,
526 2823 624 2860 quos
645 2810 700 2847 eis
723 2823 788 2848 rex
810 2809 1007 2853 offerebat,
1029 2807 1254 2845 existimans
1285 2822 1325 2846 se
1355 2817 1499 2847 nostrat
1520 2813 1624 2851 urbis

156 2876 280 2914 classe
299 2874 485 2924 adjuncta
506 2886 592 2911 mox
614 2873 728 2910 etiam
750 2871 1007 2923 Peloponnesi
1037 2870 1260 2921 potiturum,
1282 2871 1365 2922 ejus
1386 2885 1545 2910 munera
1566 2887 1624 2912 re-

156 2936 380 2988 pudiarunt,
394 2947 464 2972 nec
484 2934 539 2972 ira
554 2933 737 2972 concitati
758 2933 945 2971 adversus
963 2932 1120 2969 Graecos
1137 2945 1159 2970 a
1174 2932 1313 2982 quibus
1331 2932 1472 2970 deserti
1492 2943 1624 2973 essent

156 2997 294 3050 cupide
318 2995 623 3048 pacificationem
650 2995 890 3033 barbaricam
915 2993 1168 3044 arripuerunt,
1191 2993 1259 3031 sed
1282 3000 1358 3032 tuin
1381 2995 1451 3044 ipsi
1473 2995 1522 3033 ad
1543 2995 1623 3034 bel-
