<?xml version="1.0" encoding="UTF-8"?>
<!DOCTYPE html PUBLIC "-//W3C//DTD XHTML 1.0 Transitional//EN"
    "http://www.w3.org/TR/xhtml1/DTD/xhtml1-transitional.dtd">
<html xmlns="http://www.w3.org/1999/xhtml" xml:lang="en" lang="en">
 <head>
  <title>
</title>
<meta http-equiv="Content-Type" content="text/html;charset=utf-8" />
  <meta name='ocr-system' content='tesseract 3.04.00' />
  <meta name='ocr-capabilities' content='ocr_page ocr_carea ocr_par ocr_line ocrx_word'/>
</head>
<body>
  <div class='ocr_page' id='page_1' title='image "./oratoresatticie14dobs_0385.png"; bbox 0 0 1870 3277; ppageno 0'>
   <div class='ocr_carea' id='block_1_1' title="bbox 459 170 1596 212">
    <p class='ocr_par' dir='ltr' id='par_1_1' title="bbox 459 170 1596 212">
     <span class='ocr_line' id='line_1_1' title="bbox 459 170 1596 212; baseline -0.004 -2"><span class='ocrx_word' id='word_1_1' title='bbox 459 173 532 210; x_wconf 94' lang='lat' dir='ltr'>DE</span> <span class='ocrx_word' id='word_1_2' title='bbox 560 173 914 212; x_wconf 86' lang='lat' dir='ltr'>APOLLODORI</span> <span class='ocrx_word' id='word_1_3' title='bbox 945 170 1307 210; x_wconf 84' lang='lat' dir='ltr'><strong>HEREDITATE.</strong></span> <span class='ocrx_word' id='word_1_4' title='bbox 1522 171 1596 207; x_wconf 85' lang='lat'>373</span> 
     </span>
    </p>
   </div>
   <div class='ocr_carea' id='block_1_2' title="bbox 163 271 1596 448">
    <p class='ocr_par' dir='ltr' id='par_1_2' title="bbox 163 271 1596 448">
     <span class='ocr_line' id='line_1_2' title="bbox 164 271 1596 326; baseline -0.001 -14"><span class='ocrx_word' id='word_1_5' title='bbox 164 274 383 324; x_wconf 84' lang='lat' dir='ltr'>phratorum</span> <span class='ocrx_word' id='word_1_6' title='bbox 401 275 592 314; x_wconf 88' lang='lat' dir='ltr'>communi</span> <span class='ocrx_word' id='word_1_7' title='bbox 612 275 773 326; x_wconf 82' lang='lat' dir='ltr'>scriptus</span> <span class='ocrx_word' id='word_1_8' title='bbox 792 274 866 313; x_wconf 86' lang='lat' dir='ltr'>hoc</span> <span class='ocrx_word' id='word_1_9' title='bbox 893 274 1004 311; x_wconf 87' lang='lat' dir='ltr'>titulo</span> <span class='ocrx_word' id='word_1_10' title='bbox 1034 273 1242 323; x_wconf 53' lang='lat' dir='ltr'>Thrasyllus</span> <span class='ocrx_word' id='word_1_11' title='bbox 1266 271 1484 322; x_wconf 83' lang='lat' dir='ltr'><em>Apollodori,</em></span> <span class='ocrx_word' id='word_1_12' title='bbox 1513 273 1596 324; x_wconf 85' lang='lat' dir='ltr'>ipso</span> 
     </span>
     <span class='ocr_line' id='line_1_3' title="bbox 163 334 1596 386; baseline 0.001 -14"><span class='ocrx_word' id='word_1_13' title='bbox 163 348 289 373; x_wconf 87' lang='lat' dir='ltr'>coram</span> <span class='ocrx_word' id='word_1_14' title='bbox 304 335 538 386; x_wconf 84' lang='lat' dir='ltr'>adoptatore‚</span> <span class='ocrx_word' id='word_1_15' title='bbox 557 336 704 386; x_wconf 80' lang='lat' dir='ltr'>legibus</span> <span class='ocrx_word' id='word_1_16' title='bbox 719 336 758 373; x_wconf 91' lang='lat' dir='ltr'>id</span> <span class='ocrx_word' id='word_1_17' title='bbox 776 335 854 373; x_wconf 88' lang='lat' dir='ltr'>fieri</span> <span class='ocrx_word' id='word_1_18' title='bbox 874 334 1100 374; x_wconf 87' lang='lat' dir='ltr'>sinentibus.</span> <span class='ocrx_word' id='word_1_19' title='bbox 1156 334 1253 377; x_wconf 85' lang='lat' dir='ltr'>Quae</span> <span class='ocrx_word' id='word_1_20' title='bbox 1274 342 1315 371; x_wconf 83' lang='lat' dir='ltr'>ut</span> <span class='ocrx_word' id='word_1_21' title='bbox 1333 342 1483 373; x_wconf 86' lang='lat' dir='ltr'>constet</span> <span class='ocrx_word' id='word_1_22' title='bbox 1499 347 1523 373; x_wconf 87' lang='lat' dir='ltr'>a</span> <span class='ocrx_word' id='word_1_23' title='bbox 1536 347 1596 373; x_wconf 82' lang='lat' dir='ltr'>me</span> 
     </span>
     <span class='ocr_line' id='line_1_4' title="bbox 165 396 876 448; baseline 0 -15"><span class='ocrx_word' id='word_1_24' title='bbox 165 409 254 434; x_wconf 84' lang='lat' dir='ltr'>vera</span> <span class='ocrx_word' id='word_1_25' title='bbox 273 396 360 443; x_wconf 87' lang='lat' dir='ltr'>dici,</span> <span class='ocrx_word' id='word_1_26' title='bbox 377 410 468 448; x_wconf 82' lang='lat' dir='ltr'>cape</span> <span class='ocrx_word' id='word_1_27' title='bbox 484 404 522 435; x_wconf 84' lang='lat' dir='ltr'>tu</span> <span class='ocrx_word' id='word_1_28' title='bbox 543 397 625 435; x_wconf 84' lang='lat' dir='ltr'>haec</span> <span class='ocrx_word' id='word_1_29' title='bbox 645 397 876 435; x_wconf 85' lang='lat' dir='ltr'>testimonia.</span> 
     </span>
    </p>
   </div>
   <div class='ocr_carea' id='block_1_3' title="bbox 699 533 1054 572">
    <p class='ocr_par' dir='ltr' id='par_1_3' title="bbox 699 533 1054 572">
     <span class='ocr_line' id='line_1_5' title="bbox 699 533 1054 572; baseline 0 -1"><span class='ocrx_word' id='word_1_30' title='bbox 699 533 1054 572; x_wconf 90' lang='lat' dir='ltr'><strong>TESTIMONIA.</strong></span> 
     </span>
    </p>
   </div>
   <div class='ocr_carea' id='block_1_4' title="bbox 160 625 1646 2964">
    <p class='ocr_par' dir='ltr' id='par_1_4' title="bbox 160 625 1646 2964">
     <span class='ocr_line' id='line_1_6' title="bbox 217 625 1599 679; baseline -0.001 -12"><span class='ocrx_word' id='word_1_31' title='bbox 217 632 256 667; x_wconf 85' lang='lat'>4.</span> <span class='ocrx_word' id='word_1_32' title='bbox 289 628 426 667; x_wconf 90' lang='lat' dir='ltr'>Testes</span> <span class='ocrx_word' id='word_1_33' title='bbox 445 628 572 679; x_wconf 88' lang='lat' dir='ltr'>itaque</span> <span class='ocrx_word' id='word_1_34' title='bbox 589 628 672 665; x_wconf 84' lang='lat' dir='ltr'>haec</span> <span class='ocrx_word' id='word_1_35' title='bbox 691 628 744 665; x_wconf 82' lang='lat' dir='ltr'>ita</span> <span class='ocrx_word' id='word_1_36' title='bbox 763 628 916 678; x_wconf 89' lang='lat' dir='ltr'>quidem</span> <span class='ocrx_word' id='word_1_37' title='bbox 935 628 1064 666; x_wconf 82' lang='lat' dir='ltr'>testati</span> <span class='ocrx_word' id='word_1_38' title='bbox 1084 634 1187 673; x_wconf 89' lang='lat' dir='ltr'>sunt,</span> <span class='ocrx_word' id='word_1_39' title='bbox 1206 639 1336 665; x_wconf 90' lang='lat' dir='ltr'>verum</span> <span class='ocrx_word' id='word_1_40' title='bbox 1355 625 1428 678; x_wconf 79' lang='lat' dir='ltr'>ipsi</span> <span class='ocrx_word' id='word_1_41' title='bbox 1449 639 1599 678; x_wconf 86' lang='lat' dir='ltr'>quoque</span> 
     </span>
     <span class='ocr_line' id='line_1_7' title="bbox 165 689 1601 733; baseline -0.001 -6"><span class='ocrx_word' id='word_1_42' title='bbox 165 691 369 729; x_wconf 87' lang='lat' dir='ltr'>adversarii</span> <span class='ocrx_word' id='word_1_43' title='bbox 389 690 521 728; x_wconf 84' lang='lat' dir='ltr'>eadem</span> <span class='ocrx_word' id='word_1_44' title='bbox 541 696 741 726; x_wconf 82' lang='lat' dir='ltr'><strong>testantur.</strong></span> <span class='ocrx_word' id='word_1_45' title='bbox 800 690 1039 733; x_wconf 84' lang='lat' dir='ltr'>Quibusnam</span> <span class='ocrx_word' id='word_1_46' title='bbox 1066 696 1192 727; x_wconf 81' lang='lat' dir='ltr'>autem</span> <span class='ocrx_word' id='word_1_47' title='bbox 1222 689 1304 726; x_wconf 89' lang='lat' dir='ltr'>aliis</span> <span class='ocrx_word' id='word_1_48' title='bbox 1330 702 1398 727; x_wconf 93' lang='lat' dir='ltr'>vos</span> <span class='ocrx_word' id='word_1_49' title='bbox 1426 689 1601 727; x_wconf 86' lang='lat' dir='ltr'>convenit</span> 
     </span>
     <span class='ocr_line' id='line_1_8' title="bbox 164 750 1599 802; baseline -0.002 -12"><span class='ocrx_word' id='word_1_50' title='bbox 164 753 276 790; x_wconf 83' lang='lat' dir='ltr'>fidem</span> <span class='ocrx_word' id='word_1_51' title='bbox 297 752 416 802; x_wconf 81' lang='lat' dir='ltr'>magis</span> <span class='ocrx_word' id='word_1_52' title='bbox 436 750 575 788; x_wconf 85' lang='lat' dir='ltr'>habere</span> <span class='ocrx_word' id='word_1_53' title='bbox 594 763 707 800; x_wconf 82' lang='lat' dir='ltr'>quam</span> <span class='ocrx_word' id='word_1_54' title='bbox 729 751 904 798; x_wconf 87' lang='lat' dir='ltr'>testibus,</span> <span class='ocrx_word' id='word_1_55' title='bbox 923 758 973 796; x_wconf 89' lang='lat' dir='ltr'>et,</span> <span class='ocrx_word' id='word_1_56' title='bbox 995 751 1026 787; x_wconf 93' lang='lat' dir='ltr'>si</span> <span class='ocrx_word' id='word_1_57' title='bbox 1046 750 1109 801; x_wconf 91' lang='lat' dir='ltr'>qui</span> <span class='ocrx_word' id='word_1_58' title='bbox 1135 750 1453 794; x_wconf 89' lang='lat' dir='ltr'>necessariorum,</span> <span class='ocrx_word' id='word_1_59' title='bbox 1474 750 1503 787; x_wconf 90' lang='lat' dir='ltr'>si</span> <span class='ocrx_word' id='word_1_60' title='bbox 1522 763 1599 789; x_wconf 86' lang='lat' dir='ltr'>non</span> 
     </span>
     <span class='ocr_line' id='line_1_9' title="bbox 164 811 1600 863; baseline 0 -13"><span class='ocrx_word' id='word_1_61' title='bbox 164 814 304 858; x_wconf 84' lang='lat' dir='ltr'>verbis,</span> <span class='ocrx_word' id='word_1_62' title='bbox 325 820 363 849; x_wconf 86' lang='lat' dir='ltr'>at</span> <span class='ocrx_word' id='word_1_63' title='bbox 381 812 493 849; x_wconf 87' lang='lat' dir='ltr'>rebus</span> <span class='ocrx_word' id='word_1_64' title='bbox 521 819 647 849; x_wconf 87' lang='lat' dir='ltr'>tamen</span> <span class='ocrx_word' id='word_1_65' title='bbox 674 818 713 849; x_wconf 91' lang='lat' dir='ltr'>et</span> <span class='ocrx_word' id='word_1_66' title='bbox 737 812 847 849; x_wconf 86' lang='lat' dir='ltr'>factis</span> <span class='ocrx_word' id='word_1_67' title='bbox 879 812 1085 863; x_wconf 85' lang='lat' dir='ltr'>perspicuis</span> <span class='ocrx_word' id='word_1_68' title='bbox 1104 818 1305 860; x_wconf 84' lang='lat' dir='ltr'>testentur,</span> <span class='ocrx_word' id='word_1_69' title='bbox 1325 811 1600 862; x_wconf 88' lang='lat' dir='ltr'>Apollodorum</span> 
     </span>
     <span class='ocr_line' id='line_1_10' title="bbox 164 872 1601 925; baseline -0.002 -13"><span class='ocrx_word' id='word_1_70' title='bbox 164 876 239 913; x_wconf 82' lang='lat' dir='ltr'>ista</span> <span class='ocrx_word' id='word_1_71' title='bbox 258 881 360 912; x_wconf 89' lang='lat' dir='ltr'>recte</span> <span class='ocrx_word' id='word_1_72' title='bbox 380 874 607 925; x_wconf 81' lang='lat' dir='ltr'>legibusque</span> <span class='ocrx_word' id='word_1_73' title='bbox 625 874 895 912; x_wconf 88' lang='lat' dir='ltr'>convenienter</span> <span class='ocrx_word' id='word_1_74' title='bbox 915 873 1063 925; x_wconf 74' lang='lat' dir='ltr'>egisse?</span> <span class='ocrx_word' id='word_1_75' title='bbox 1094 872 1264 924; x_wconf 85' lang='lat' dir='ltr'>Reliquit</span> <span class='ocrx_word' id='word_1_76' title='bbox 1283 885 1419 923; x_wconf 87' lang='lat' dir='ltr'>nempe</span> <span class='ocrx_word' id='word_1_77' title='bbox 1440 872 1601 924; x_wconf 89' lang='lat' dir='ltr'>Eupolis</span> 
     </span>
     <span class='ocr_line' id='line_1_11' title="bbox 164 930 1646 987; baseline -0.001 -14"><span class='ocrx_word' id='word_1_78' title='bbox 164 937 260 974; x_wconf 85' lang='lat' dir='ltr'>duas</span> <span class='ocrx_word' id='word_1_79' title='bbox 281 936 389 980; x_wconf 84' lang='lat' dir='ltr'>filias,</span> <span class='ocrx_word' id='word_1_80' title='bbox 411 943 449 973; x_wconf 88' lang='lat' dir='ltr'>et</span> <span class='ocrx_word' id='word_1_81' title='bbox 468 936 581 983; x_wconf 87' lang='lat' dir='ltr'>hanc,</span> <span class='ocrx_word' id='word_1_82' title='bbox 601 949 688 986; x_wconf 87' lang='lat' dir='ltr'>quae</span> <span class='ocrx_word' id='word_1_83' title='bbox 717 934 844 974; x_wconf 86' lang='lat' dir='ltr'>adhuc</span> <span class='ocrx_word' id='word_1_84' title='bbox 871 942 1046 987; x_wconf 84' lang='lat' dir='ltr'>superest</span> <span class='ocrx_word' id='word_1_85' title='bbox 1071 934 1354 973; x_wconf 83' lang='lat' dir='ltr'>materfamilias</span> <span class='ocrx_word' id='word_1_86' title='bbox 1376 932 1602 986; x_wconf 83' lang='lat' dir='ltr'>Pronapidis</span> <span class='ocrx_word' id='word_1_87' title='bbox 1644 930 1646 932; x_wconf 51' lang='grc'>’</span> 
     </span>
     <span class='ocr_line' id='line_1_12' title="bbox 164 996 1602 1049; baseline -0.002 -13"><span class='ocrx_word' id='word_1_88' title='bbox 164 1005 204 1036; x_wconf 87' lang='lat' dir='ltr'>et</span> <span class='ocrx_word' id='word_1_89' title='bbox 223 1011 369 1036; x_wconf 90' lang='lat' dir='ltr'>mecum</span> <span class='ocrx_word' id='word_1_90' title='bbox 387 1011 500 1048; x_wconf 88' lang='lat' dir='ltr'>super</span> <span class='ocrx_word' id='word_1_91' title='bbox 518 997 591 1036; x_wconf 88' lang='lat' dir='ltr'>hae</span> <span class='ocrx_word' id='word_1_92' title='bbox 619 997 848 1048; x_wconf 84' lang='lat' dir='ltr'>Apollodori</span> <span class='ocrx_word' id='word_1_93' title='bbox 875 998 989 1049; x_wconf 88' lang='lat' dir='ltr'>patris</span> <span class='ocrx_word' id='word_1_94' title='bbox 1009 998 1082 1036; x_wconf 88' lang='lat' dir='ltr'>mei</span> <span class='ocrx_word' id='word_1_95' title='bbox 1101 996 1312 1036; x_wconf 83' lang='lat' dir='ltr'>hereditate</span> <span class='ocrx_word' id='word_1_96' title='bbox 1333 996 1542 1043; x_wconf 87' lang='lat' dir='ltr'>contendit,</span> <span class='ocrx_word' id='word_1_97' title='bbox 1564 1003 1602 1034; x_wconf 90' lang='lat' dir='ltr'>et</span> 
     </span>
     <span class='ocr_line' id='line_1_13' title="bbox 163 1058 1602 1111; baseline -0.001 -13"><span class='ocrx_word' id='word_1_98' title='bbox 163 1061 290 1106; x_wconf 83' lang='lat' dir='ltr'>aliam,</span> <span class='ocrx_word' id='word_1_99' title='bbox 308 1074 393 1110; x_wconf 86' lang='lat' dir='ltr'>quae</span> <span class='ocrx_word' id='word_1_100' title='bbox 413 1060 501 1098; x_wconf 89' lang='lat' dir='ltr'>olim</span> <span class='ocrx_word' id='word_1_101' title='bbox 518 1073 604 1098; x_wconf 91' lang='lat' dir='ltr'>cum</span> <span class='ocrx_word' id='word_1_102' title='bbox 624 1060 752 1098; x_wconf 90' lang='lat' dir='ltr'>adhuc</span> <span class='ocrx_word' id='word_1_103' title='bbox 768 1066 983 1111; x_wconf 86' lang='lat' dir='ltr'>superesset</span> <span class='ocrx_word' id='word_1_104' title='bbox 997 1059 1356 1111; x_wconf 66' lang='lat' dir='ltr'>penes‘AEschinem</span> <span class='ocrx_word' id='word_1_105' title='bbox 1376 1058 1602 1097; x_wconf 88' lang='lat' dir='ltr'>Lusiensem</span> 
     </span>
     <span class='ocr_line' id='line_1_14' title="bbox 166 1120 1603 1173; baseline -0.001 -14"><span class='ocrx_word' id='word_1_106' title='bbox 166 1122 344 1173; x_wconf 86' lang='lat' dir='ltr'>fuit‚jam</span> <span class='ocrx_word' id='word_1_107' title='bbox 365 1134 453 1160; x_wconf 87' lang='lat' dir='ltr'>vero</span> <span class='ocrx_word' id='word_1_108' title='bbox 472 1122 549 1160; x_wconf 88' lang='lat' dir='ltr'>vita</span> <span class='ocrx_word' id='word_1_109' title='bbox 577 1122 761 1160; x_wconf 82' lang='lat' dir='ltr'>defuncta</span> <span class='ocrx_word' id='word_1_110' title='bbox 784 1122 901 1160; x_wconf 89' lang='lat' dir='ltr'>filium</span> <span class='ocrx_word' id='word_1_111' title='bbox 934 1121 1084 1171; x_wconf 89' lang='lat' dir='ltr'>reliquit</span> <span class='ocrx_word' id='word_1_112' title='bbox 1105 1122 1185 1173; x_wconf 84' lang='lat' dir='ltr'>jam</span> <span class='ocrx_word' id='word_1_113' title='bbox 1216 1121 1262 1159; x_wconf 86' lang='lat' dir='ltr'>ad</span> <span class='ocrx_word' id='word_1_114' title='bbox 1285 1120 1428 1158; x_wconf 87' lang='lat' dir='ltr'>virilem</span> <span class='ocrx_word' id='word_1_115' title='bbox 1449 1127 1603 1159; x_wconf 82' lang='lat' dir='ltr'>aetatem</span> 
     </span>
     <span class='ocr_line' id='line_1_15' title="bbox 165 1182 1604 1235; baseline -0.001 -15"><span class='ocrx_word' id='word_1_116' title='bbox 165 1183 336 1221; x_wconf 88' lang='lat' dir='ltr'>adultum</span> <span class='ocrx_word' id='word_1_117' title='bbox 357 1183 508 1221; x_wconf 88' lang='lat' dir='ltr'>nomine</span> <span class='ocrx_word' id='word_1_118' title='bbox 524 1183 816 1235; x_wconf 86' lang='lat' dir='ltr'>Thrasybulum.</span> <span class='ocrx_word' id='word_1_119' title='bbox 871 1183 1036 1222; x_wconf 58' lang='lat' dir='ltr'>Jemlex</span> <span class='ocrx_word' id='word_1_120' title='bbox 1057 1190 1116 1221; x_wconf 85' lang='lat' dir='ltr'>est</span> <span class='ocrx_word' id='word_1_121' title='bbox 1133 1183 1248 1234; x_wconf 89' lang='lat' dir='ltr'>hujus</span> <span class='ocrx_word' id='word_1_122' title='bbox 1268 1182 1458 1220; x_wconf 82' lang='lat' dir='ltr'>formulae:</span> <span class='ocrx_word' id='word_1_123' title='bbox 1490 1182 1519 1219; x_wconf 92' lang='lat' dir='ltr'>si</span> <span class='ocrx_word' id='word_1_124' title='bbox 1538 1183 1604 1233; x_wconf 91' lang='lat' dir='ltr'>qui</span> 
     </span>
     <span class='ocr_line' id='line_1_16' title="bbox 160 1241 1604 1296; baseline -0.001 -14"><span class='ocrx_word' id='word_1_125' title='bbox 160 1245 279 1283; x_wconf 75' lang='lat' dir='ltr'>frater</span> <span class='ocrx_word' id='word_1_126' title='bbox 297 1245 456 1283; x_wconf 89' lang='lat' dir='ltr'>duarum</span> <span class='ocrx_word' id='word_1_127' title='bbox 476 1258 646 1283; x_wconf 90' lang='lat' dir='ltr'>sororum</span> <span class='ocrx_word' id='word_1_128' title='bbox 667 1258 713 1283; x_wconf 89' lang='lat' dir='ltr'>ex</span> <span class='ocrx_word' id='word_1_129' title='bbox 733 1245 866 1283; x_wconf 88' lang='lat' dir='ltr'>iisdem</span> <span class='ocrx_word' id='word_1_130' title='bbox 885 1245 1105 1296; x_wconf 87' lang='lat' dir='ltr'>parentibus</span> <span class='ocrx_word' id='word_1_131' title='bbox 1125 1251 1239 1282; x_wconf 86' lang='lat' dir='ltr'>natus</span> <span class='ocrx_word' id='word_1_132' title='bbox 1251 1244 1332 1281; x_wconf 86' lang='lat' dir='ltr'>sine</span> <span class='ocrx_word' id='word_1_133' title='bbox 1349 1241 1454 1294; x_wconf 86' lang='lat' dir='ltr'>prole</span> <span class='ocrx_word' id='word_1_134' title='bbox 1469 1243 1604 1281; x_wconf 88' lang='lat' dir='ltr'>deces-</span> 
     </span>
     <span class='ocr_line' id='line_1_17' title="bbox 163 1305 1604 1358; baseline -0.001 -15"><span class='ocrx_word' id='word_1_135' title='bbox 163 1306 255 1343; x_wconf 85' lang='lat' dir='ltr'>serit</span> <span class='ocrx_word' id='word_1_136' title='bbox 272 1306 453 1357; x_wconf 88' lang='lat' dir='ltr'>nulloque</span> <span class='ocrx_word' id='word_1_137' title='bbox 472 1307 615 1358; x_wconf 87' lang='lat' dir='ltr'>scripto</span> <span class='ocrx_word' id='word_1_138' title='bbox 643 1313 885 1352; x_wconf 85' lang='lat' dir='ltr'>testamento,</span> <span class='ocrx_word' id='word_1_139' title='bbox 905 1315 986 1345; x_wconf 83' lang='lat' dir='ltr'>tum</span> <span class='ocrx_word' id='word_1_140' title='bbox 1017 1307 1139 1357; x_wconf 76' lang='lat' dir='ltr'>eequis</span> <span class='ocrx_word' id='word_1_141' title='bbox 1166 1306 1336 1357; x_wconf 84' lang='lat' dir='ltr'>partibus</span> <span class='ocrx_word' id='word_1_142' title='bbox 1355 1305 1604 1344; x_wconf 84' lang='lat' dir='ltr'>hereditatem</span> 
     </span>
     <span class='ocr_line' id='line_1_18' title="bbox 162 1367 1603 1419; baseline -0.001 -14"><span class='ocrx_word' id='word_1_143' title='bbox 162 1368 245 1419; x_wconf 86' lang='lat' dir='ltr'>ejus</span> <span class='ocrx_word' id='word_1_144' title='bbox 259 1380 414 1405; x_wconf 87' lang='lat' dir='ltr'>cernere</span> <span class='ocrx_word' id='word_1_145' title='bbox 430 1380 673 1419; x_wconf 86' lang='lat' dir='ltr'>sororemque</span> <span class='ocrx_word' id='word_1_146' title='bbox 688 1369 847 1406; x_wconf 87' lang='lat' dir='ltr'>alteram</span> <span class='ocrx_word' id='word_1_147' title='bbox 869 1368 995 1406; x_wconf 84' lang='lat' dir='ltr'>adhuc</span> <span class='ocrx_word' id='word_1_148' title='bbox 1012 1368 1255 1418; x_wconf 85' lang='lat' dir='ltr'>superstitem</span> <span class='ocrx_word' id='word_1_149' title='bbox 1275 1367 1508 1416; x_wconf 90' lang='lat' dir='ltr'>alteriusque</span> <span class='ocrx_word' id='word_1_150' title='bbox 1526 1367 1603 1404; x_wconf 84' lang='lat' dir='ltr'>vita</span> 
     </span>
     <span class='ocr_line' id='line_1_19' title="bbox 164 1429 1604 1481; baseline 0.001 -15"><span class='ocrx_word' id='word_1_151' title='bbox 164 1429 357 1467; x_wconf 76' lang='lat' dir='ltr'>defunctae</span> <span class='ocrx_word' id='word_1_152' title='bbox 379 1429 508 1466; x_wconf 86' lang='lat' dir='ltr'>filium.</span> <span class='ocrx_word' id='word_1_153' title='bbox 548 1430 634 1468; x_wconf 89' lang='lat' dir='ltr'>Hoc</span> <span class='ocrx_word' id='word_1_154' title='bbox 648 1429 746 1481; x_wconf 85' lang='lat' dir='ltr'>legis</span> <span class='ocrx_word' id='word_1_155' title='bbox 765 1430 930 1468; x_wconf 88' lang='lat' dir='ltr'>edictum</span> <span class='ocrx_word' id='word_1_156' title='bbox 948 1430 1033 1468; x_wconf 85' lang='lat' dir='ltr'>illos</span> <span class='ocrx_word' id='word_1_157' title='bbox 1053 1430 1277 1480; x_wconf 87' lang='lat' dir='ltr'>[Eupolidis</span> <span class='ocrx_word' id='word_1_158' title='bbox 1296 1430 1406 1474; x_wconf 86' lang='lat' dir='ltr'>filias,</span> <span class='ocrx_word' id='word_1_159' title='bbox 1422 1437 1604 1468; x_wconf 81' lang='lat' dir='ltr'>caeteros-</span> 
     </span>
     <span class='ocr_line' id='line_1_20' title="bbox 162 1490 1605 1542; baseline 0.001 -14"><span class='ocrx_word' id='word_1_160' title='bbox 162 1502 239 1541; x_wconf 90' lang='lat' dir='ltr'>que</span> <span class='ocrx_word' id='word_1_161' title='bbox 255 1504 341 1530; x_wconf 90' lang='lat' dir='ltr'>cum</span> <span class='ocrx_word' id='word_1_162' title='bbox 363 1491 433 1529; x_wconf 89' lang='lat' dir='ltr'>illis</span> <span class='ocrx_word' id='word_1_163' title='bbox 450 1492 633 1530; x_wconf 85' lang='lat' dir='ltr'>facientes</span> <span class='ocrx_word' id='word_1_164' title='bbox 652 1492 908 1542; x_wconf 84' lang='lat' dir='ltr'>necessarios]</span> <span class='ocrx_word' id='word_1_165' title='bbox 928 1492 1031 1530; x_wconf 83' lang='lat' dir='ltr'>haud</span> <span class='ocrx_word' id='word_1_166' title='bbox 1050 1491 1163 1542; x_wconf 82' lang='lat' dir='ltr'>fugit.</span> <span class='ocrx_word' id='word_1_167' title='bbox 1213 1491 1345 1529; x_wconf 84' lang='lat' dir='ltr'>Rebus</span> <span class='ocrx_word' id='word_1_168' title='bbox 1365 1490 1465 1529; x_wconf 89' lang='lat' dir='ltr'>enim</span> <span class='ocrx_word' id='word_1_169' title='bbox 1486 1492 1605 1542; x_wconf 84' lang='lat' dir='ltr'>gestis</span> 
     </span>
     <span class='ocr_line' id='line_1_21' title="bbox 164 1550 1604 1604; baseline 0.001 -14"><span class='ocrx_word' id='word_1_170' title='bbox 164 1559 346 1591; x_wconf 86' lang='lat' dir='ltr'>testatum</span> <span class='ocrx_word' id='word_1_171' title='bbox 367 1553 541 1590; x_wconf 87' lang='lat' dir='ltr'>fecerunt</span> <span class='ocrx_word' id='word_1_172' title='bbox 571 1554 695 1604; x_wconf 87' lang='lat' dir='ltr'>legem</span> <span class='ocrx_word' id='word_1_173' title='bbox 726 1554 828 1592; x_wconf 84' lang='lat' dir='ltr'>illam</span> <span class='ocrx_word' id='word_1_174' title='bbox 863 1550 933 1592; x_wconf 89' lang='lat' dir='ltr'>sibi</span> <span class='ocrx_word' id='word_1_175' title='bbox 960 1560 1088 1592; x_wconf 88' lang='lat' dir='ltr'>notam</span> <span class='ocrx_word' id='word_1_176' title='bbox 1119 1566 1217 1597; x_wconf 87' lang='lat' dir='ltr'>esse,</span> <span class='ocrx_word' id='word_1_177' title='bbox 1236 1554 1349 1604; x_wconf 86' lang='lat' dir='ltr'>eique</span> <span class='ocrx_word' id='word_1_178' title='bbox 1378 1565 1418 1590; x_wconf 91' lang='lat' dir='ltr'>se</span> <span class='ocrx_word' id='word_1_179' title='bbox 1448 1565 1604 1604; x_wconf 84' lang='lat' dir='ltr'>parere:</span> 
     </span>
     <span class='ocr_line' id='line_1_22' title="bbox 165 1613 1604 1665; baseline 0.001 -14"><span class='ocrx_word' id='word_1_180' title='bbox 165 1613 366 1664; x_wconf 84' lang='lat' dir='ltr'>Eupolidis</span> <span class='ocrx_word' id='word_1_181' title='bbox 385 1614 485 1652; x_wconf 87' lang='lat' dir='ltr'>enim</span> <span class='ocrx_word' id='word_1_182' title='bbox 503 1614 619 1660; x_wconf 81' lang='lat' dir='ltr'>filius,</span> <span class='ocrx_word' id='word_1_183' title='bbox 636 1614 891 1665; x_wconf 89' lang='lat' dir='ltr'>Apollodorus</span> <span class='ocrx_word' id='word_1_184' title='bbox 911 1615 1001 1653; x_wconf 88' lang='lat' dir='ltr'>item</span> <span class='ocrx_word' id='word_1_185' title='bbox 1022 1614 1162 1660; x_wconf 90' lang='lat' dir='ltr'>dictus,</span> <span class='ocrx_word' id='word_1_186' title='bbox 1181 1627 1269 1652; x_wconf 90' lang='lat' dir='ltr'>cum</span> <span class='ocrx_word' id='word_1_187' title='bbox 1301 1613 1384 1651; x_wconf 89' lang='lat' dir='ltr'>sine</span> <span class='ocrx_word' id='word_1_188' title='bbox 1410 1613 1516 1664; x_wconf 86' lang='lat' dir='ltr'>prole</span> <span class='ocrx_word' id='word_1_189' title='bbox 1537 1613 1604 1652; x_wconf 89' lang='lat' dir='ltr'>de-</span> 
     </span>
     <span class='ocr_line' id='line_1_23' title="bbox 162 1675 1607 1728; baseline 0 -14"><span class='ocrx_word' id='word_1_190' title='bbox 162 1677 357 1724; x_wconf 86' lang='lat' dir='ltr'>cessisset,</span> <span class='ocrx_word' id='word_1_191' title='bbox 386 1678 579 1715; x_wconf 78' lang='lat' dir='ltr'>semissem</span> <span class='ocrx_word' id='word_1_192' title='bbox 614 1678 838 1715; x_wconf 84' lang='lat' dir='ltr'>substantiae</span> <span class='ocrx_word' id='word_1_193' title='bbox 873 1678 922 1716; x_wconf 89' lang='lat' dir='ltr'>ad</span> <span class='ocrx_word' id='word_1_194' title='bbox 953 1677 1121 1728; x_wconf 87' lang='lat' dir='ltr'>quinque</span> <span class='ocrx_word' id='word_1_195' title='bbox 1149 1677 1294 1715; x_wconf 83' lang='lat' dir='ltr'>talenta</span> <span class='ocrx_word' id='word_1_196' title='bbox 1325 1676 1488 1715; x_wconf 80' lang='lat' dir='ltr'>valentis</span> <span class='ocrx_word' id='word_1_197' title='bbox 1519 1675 1607 1714; x_wconf 77' lang='lat' dir='ltr'>tulit</span> 
     </span>
     <span class='ocr_line' id='line_1_24' title="bbox 162 1737 1604 1789; baseline 0.001 -15"><span class='ocrx_word' id='word_1_198' title='bbox 162 1737 440 1789; x_wconf 82' lang='lat' dir='ltr'>Thrasybulus.</span> <span class='ocrx_word' id='word_1_199' title='bbox 497 1739 609 1776; x_wconf 91' lang='lat' dir='ltr'>Unde</span> <span class='ocrx_word' id='word_1_200' title='bbox 629 1745 736 1789; x_wconf 85' lang='lat' dir='ltr'>patet</span> <span class='ocrx_word' id='word_1_201' title='bbox 754 1739 904 1776; x_wconf 84' lang='lat' dir='ltr'>filiabus</span> <span class='ocrx_word' id='word_1_202' title='bbox 926 1746 966 1776; x_wconf 87' lang='lat' dir='ltr'>et</span> <span class='ocrx_word' id='word_1_203' title='bbox 984 1739 1177 1777; x_wconf 86' lang='lat' dir='ltr'>sororibus</span> <span class='ocrx_word' id='word_1_204' title='bbox 1203 1751 1226 1776; x_wconf 83' lang='lat' dir='ltr'>a</span> <span class='ocrx_word' id='word_1_205' title='bbox 1248 1738 1339 1789; x_wconf 85' lang='lat' dir='ltr'>jure</span> <span class='ocrx_word' id='word_1_206' title='bbox 1360 1738 1459 1776; x_wconf 88' lang='lat' dir='ltr'>civili</span> <span class='ocrx_word' id='word_1_207' title='bbox 1478 1744 1604 1788; x_wconf 86' lang='lat' dir='ltr'>partes</span> 
     </span>
     <span class='ocr_line' id='line_1_25' title="bbox 163 1799 1605 1851; baseline 0 -15"><span class='ocrx_word' id='word_1_208' title='bbox 163 1800 334 1850; x_wconf 87' lang='lat' dir='ltr'>aequales</span> <span class='ocrx_word' id='word_1_209' title='bbox 356 1801 542 1838; x_wconf 87' lang='lat' dir='ltr'>bonorum</span> <span class='ocrx_word' id='word_1_210' title='bbox 562 1813 585 1837; x_wconf 89' lang='lat' dir='ltr'>a</span> <span class='ocrx_word' id='word_1_211' title='bbox 603 1800 774 1851; x_wconf 85' lang='lat' dir='ltr'>patribus</span> <span class='ocrx_word' id='word_1_212' title='bbox 794 1806 832 1838; x_wconf 87' lang='lat' dir='ltr'>et</span> <span class='ocrx_word' id='word_1_213' title='bbox 852 1813 874 1838; x_wconf 85' lang='lat' dir='ltr'>a</span> <span class='ocrx_word' id='word_1_214' title='bbox 888 1800 1064 1838; x_wconf 86' lang='lat' dir='ltr'>fratribus</span> <span class='ocrx_word' id='word_1_215' title='bbox 1081 1800 1300 1838; x_wconf 85' lang='lat' dir='ltr'>relictorum</span> <span class='ocrx_word' id='word_1_216' title='bbox 1317 1799 1490 1843; x_wconf 79' lang='lat' dir='ltr'>attribui3</span> <span class='ocrx_word' id='word_1_217' title='bbox 1512 1811 1605 1837; x_wconf 85' lang='lat' dir='ltr'>con·</span> 
     </span>
     <span class='ocr_line' id='line_1_26' title="bbox 164 1861 1604 1913; baseline 0.001 -15"><span class='ocrx_word' id='word_1_218' title='bbox 164 1862 402 1899; x_wconf 87' lang='lat' dir='ltr'>sobrinorum</span> <span class='ocrx_word' id='word_1_219' title='bbox 421 1870 548 1899; x_wconf 87' lang='lat' dir='ltr'>autem</span> <span class='ocrx_word' id='word_1_220' title='bbox 561 1861 610 1899; x_wconf 90' lang='lat' dir='ltr'>de</span> <span class='ocrx_word' id='word_1_221' title='bbox 625 1861 749 1908; x_wconf 85' lang='lat' dir='ltr'>bonis,</span> <span class='ocrx_word' id='word_1_222' title='bbox 765 1869 801 1900; x_wconf 87' lang='lat' dir='ltr'>et</span> <span class='ocrx_word' id='word_1_223' title='bbox 821 1862 1038 1913; x_wconf 83' lang='lat' dir='ltr'>quicunque</span> <span class='ocrx_word' id='word_1_224' title='bbox 1059 1861 1121 1899; x_wconf 81' lang='lat' dir='ltr'>alii</span> <span class='ocrx_word' id='word_1_225' title='bbox 1139 1868 1248 1900; x_wconf 87' lang='lat' dir='ltr'>extra</span> <span class='ocrx_word' id='word_1_226' title='bbox 1261 1862 1503 1912; x_wconf 81' lang='lat' dir='ltr'>cognationis</span> <span class='ocrx_word' id='word_1_227' title='bbox 1520 1873 1604 1911; x_wconf 84' lang='lat' dir='ltr'>gra-</span> 
     </span>
     <span class='ocr_line' id='line_1_27' title="bbox 164 1923 1606 1974; baseline -0.001 -13"><span class='ocrx_word' id='word_1_228' title='bbox 164 1924 257 1961; x_wconf 90' lang='lat' dir='ltr'>dum</span> <span class='ocrx_word' id='word_1_229' title='bbox 278 1923 390 1962; x_wconf 89' lang='lat' dir='ltr'>modo</span> <span class='ocrx_word' id='word_1_230' title='bbox 410 1923 554 1961; x_wconf 86' lang='lat' dir='ltr'>dictum</span> <span class='ocrx_word' id='word_1_231' title='bbox 582 1930 685 1969; x_wconf 87' lang='lat' dir='ltr'>sunt,</span> <span class='ocrx_word' id='word_1_232' title='bbox 705 1936 783 1961; x_wconf 90' lang='lat' dir='ltr'>non</span> <span class='ocrx_word' id='word_1_233' title='bbox 816 1923 986 1974; x_wconf 85' lang='lat' dir='ltr'>aequales</span> <span class='ocrx_word' id='word_1_234' title='bbox 1018 1923 1171 1961; x_wconf 79' lang='lat' dir='ltr'>attribui</span> <span class='ocrx_word' id='word_1_235' title='bbox 1196 1929 1324 1974; x_wconf 86' lang='lat' dir='ltr'>partes</span> <span class='ocrx_word' id='word_1_236' title='bbox 1352 1923 1606 1960; x_wconf 84' lang='lat' dir='ltr'>hereditatum</span> 
     </span>
     <span class='ocr_line' id='line_1_28' title="bbox 164 1986 1606 2037; baseline -0.001 -13"><span class='ocrx_word' id='word_1_237' title='bbox 164 1987 344 2033; x_wconf 81' lang='lat' dir='ltr'>foeminis,</span> <span class='ocrx_word' id='word_1_238' title='bbox 373 1987 439 2025; x_wconf 85' lang='lat' dir='ltr'>sed</span> <span class='ocrx_word' id='word_1_239' title='bbox 470 1987 507 2024; x_wconf 88' lang='lat' dir='ltr'>in</span> <span class='ocrx_word' id='word_1_240' title='bbox 537 1986 755 2037; x_wconf 90' lang='lat' dir='ltr'>hujusmodi</span> <span class='ocrx_word' id='word_1_241' title='bbox 783 1988 908 2025; x_wconf 84' lang='lat' dir='ltr'>causis</span> <span class='ocrx_word' id='word_1_242' title='bbox 936 1986 1192 2024; x_wconf 85' lang='lat' dir='ltr'>conditionem</span> <span class='ocrx_word' id='word_1_243' title='bbox 1223 1986 1382 2023; x_wconf 82' lang='lat' dir='ltr'>marium</span> <span class='ocrx_word' id='word_1_244' title='bbox 1412 1986 1606 2024; x_wconf 84' lang='lat' dir='ltr'>meliorem</span> 
     </span>
     <span class='ocr_line' id='line_1_29' title="bbox 165 2047 1607 2099; baseline -0.001 -13"><span class='ocrx_word' id='word_1_245' title='bbox 165 2061 251 2086; x_wconf 90' lang='lat' dir='ltr'>esse</span> <span class='ocrx_word' id='word_1_246' title='bbox 269 2056 307 2086; x_wconf 82' lang='lat' dir='ltr'>et</span> <span class='ocrx_word' id='word_1_247' title='bbox 327 2061 349 2086; x_wconf 85' lang='lat' dir='ltr'>a</span> <span class='ocrx_word' id='word_1_248' title='bbox 368 2048 454 2099; x_wconf 81' lang='lat' dir='ltr'>lege</span> <span class='ocrx_word' id='word_1_249' title='bbox 470 2047 680 2099; x_wconf 85' lang='lat' dir='ltr'>praehaberi</span> <span class='ocrx_word' id='word_1_250' title='bbox 695 2047 905 2086; x_wconf 89' lang='lat' dir='ltr'>conditioni</span> <span class='ocrx_word' id='word_1_251' title='bbox 924 2048 1177 2085; x_wconf 81' lang='lat' dir='ltr'>foeminarum.</span> <span class='ocrx_word' id='word_1_252' title='bbox 1235 2047 1363 2086; x_wconf 84' lang='lat' dir='ltr'>Verba</span> <span class='ocrx_word' id='word_1_253' title='bbox 1382 2047 1489 2098; x_wconf 83' lang='lat' dir='ltr'>leges</span> <span class='ocrx_word' id='word_1_254' title='bbox 1505 2049 1607 2085; x_wconf 89' lang='lat' dir='ltr'>enim</span> 
     </span>
     <span class='ocr_line' id='line_1_30' title="bbox 166 2109 1606 2161; baseline 0 -14"><span class='ocrx_word' id='word_1_255' title='bbox 166 2110 250 2149; x_wconf 83' lang='lat' dir='ltr'>haec</span> <span class='ocrx_word' id='word_1_256' title='bbox 271 2117 378 2148; x_wconf 87' lang='lat' dir='ltr'>sunt:</span> <span class='ocrx_word' id='word_1_257' title='bbox 408 2110 628 2161; x_wconf 88' lang='lat' dir='ltr'>potiores</span> <span class='ocrx_word' id='word_1_258' title='bbox 667 2117 894 2161; x_wconf 86' lang='lat' dir='ltr'>oportere</span> <span class='ocrx_word' id='word_1_259' title='bbox 931 2122 1081 2147; x_wconf 84' lang='lat' dir='ltr'>mares</span> <span class='ocrx_word' id='word_1_260' title='bbox 1110 2121 1216 2147; x_wconf 88' lang='lat' dir='ltr'>esse</span> <span class='ocrx_word' id='word_1_261' title='bbox 1244 2121 1265 2146; x_wconf 91' lang='lat' dir='ltr'>e</span> <span class='ocrx_word' id='word_1_262' title='bbox 1293 2109 1606 2158; x_wconf 86' lang='lat' dir='ltr'>maribusque</span> 
     </span>
     <span class='ocr_line' id='line_1_31' title="bbox 167 2170 1607 2222; baseline 0 -14"><span class='ocrx_word' id='word_1_263' title='bbox 167 2178 318 2217; x_wconf 85' lang='lat' dir='ltr'>natos,</span> <span class='ocrx_word' id='word_1_264' title='bbox 348 2171 601 2209; x_wconf 88' lang='lat' dir='ltr'>dummodo</span> <span class='ocrx_word' id='word_1_265' title='bbox 639 2171 683 2208; x_wconf 88' lang='lat' dir='ltr'>hi</span> <span class='ocrx_word' id='word_1_266' title='bbox 721 2184 871 2209; x_wconf 82' lang='lat' dir='ltr'>mares</span> <span class='ocrx_word' id='word_1_267' title='bbox 907 2185 961 2209; x_wconf 83' lang='lat' dir='ltr'>ex</span> <span class='ocrx_word' id='word_1_268' title='bbox 998 2170 1170 2208; x_wconf 90' lang='lat' dir='ltr'>iisdem</span> <span class='ocrx_word' id='word_1_269' title='bbox 1202 2170 1428 2222; x_wconf 82' lang='lat' dir='ltr'>prognati</span> <span class='ocrx_word' id='word_1_270' title='bbox 1462 2171 1556 2208; x_wconf 85' lang='lat' dir='ltr'>sint</span> <span class='ocrx_word' id='word_1_271' title='bbox 1585 2183 1607 2208; x_wconf 87' lang='lat' dir='ltr'>e</span> 
     </span>
     <span class='ocr_line' id='line_1_32' title="bbox 166 2231 1608 2284; baseline -0.001 -14"><span class='ocrx_word' id='word_1_272' title='bbox 166 2233 311 2284; x_wconf 90' lang='lat' dir='ltr'>quibu</span> <span class='ocrx_word' id='word_1_273' title='bbox 324 2246 341 2271; x_wconf 90' lang='lat' dir='ltr'>s</span> <span class='ocrx_word' id='word_1_274' title='bbox 378 2233 630 2271; x_wconf 83' lang='lat' dir='ltr'>foemininae</span> <span class='ocrx_word' id='word_1_275' title='bbox 651 2232 718 2282; x_wconf 86' lang='lat' dir='ltr'>[de</span> <span class='ocrx_word' id='word_1_276' title='bbox 738 2232 948 2270; x_wconf 81' lang='lat' dir='ltr'>hereditate</span> <span class='ocrx_word' id='word_1_277' title='bbox 968 2232 1104 2271; x_wconf 87' lang='lat' dir='ltr'>eadem</span> <span class='ocrx_word' id='word_1_278' title='bbox 1121 2232 1217 2271; x_wconf 88' lang='lat' dir='ltr'>inter</span> <span class='ocrx_word' id='word_1_279' title='bbox 1237 2245 1277 2270; x_wconf 90' lang='lat' dir='ltr'>se</span> <span class='ocrx_word' id='word_1_280' title='bbox 1296 2231 1608 2280; x_wconf 84' lang='lat' dir='ltr'>contendentes],</span> 
     </span>
     <span class='ocr_line' id='line_1_33' title="bbox 168 2293 1606 2345; baseline -0.001 -12"><span class='ocrx_word' id='word_1_281' title='bbox 168 2296 356 2333; x_wconf 88' lang='lat' dir='ltr'>etiamsi</span> <span class='ocrx_word' id='word_1_282' title='bbox 391 2308 545 2333; x_wconf 85' lang='lat' dir='ltr'>mares</span> <span class='ocrx_word' id='word_1_283' title='bbox 584 2294 657 2332; x_wconf 89' lang='lat' dir='ltr'>illi</span> <span class='ocrx_word' id='word_1_284' title='bbox 694 2295 843 2345; x_wconf 85' lang='lat' dir='ltr'>gradu</span> <span class='ocrx_word' id='word_1_285' title='bbox 875 2295 1324 2345; x_wconf 83' lang='lat' dir='ltr'>consanguinitatis</span> <span class='ocrx_word' id='word_1_286' title='bbox 1357 2295 1422 2344; x_wconf 87' lang='lat' dir='ltr'>[ab</span> <span class='ocrx_word' id='word_1_287' title='bbox 1457 2293 1606 2331; x_wconf 89' lang='lat' dir='ltr'>heredi-</span> 
     </span>
     <span class='ocr_line' id='line_1_34' title="bbox 166 2357 1606 2410; baseline -0.002 -13"><span class='ocrx_word' id='word_1_288' title='bbox 166 2359 256 2397; x_wconf 80' lang='lat' dir='ltr'>tatis</span> <span class='ocrx_word' id='word_1_289' title='bbox 275 2360 417 2398; x_wconf 86' lang='lat' dir='ltr'>relictae</span> <span class='ocrx_word' id='word_1_290' title='bbox 436 2366 631 2410; x_wconf 83' lang='lat' dir='ltr'>postremo</span> <span class='ocrx_word' id='word_1_291' title='bbox 658 2357 831 2407; x_wconf 79' lang='lat' dir='ltr'>domino]</span> <span class='ocrx_word' id='word_1_292' title='bbox 861 2359 1052 2410; x_wconf 83' lang='lat' dir='ltr'>longius</span> <span class='ocrx_word' id='word_1_293' title='bbox 1084 2359 1270 2397; x_wconf 89' lang='lat' dir='ltr'>distent</span> <span class='ocrx_word' id='word_1_294' title='bbox 1301 2370 1434 2409; x_wconf 84' lang='lat' dir='ltr'>quarn</span> <span class='ocrx_word' id='word_1_295' title='bbox 1463 2357 1606 2394; x_wconf 87' lang='lat' dir='ltr'>foemi-</span> 
     </span>
     <span class='ocr_line' id='line_1_35' title="bbox 166 2418 1609 2471; baseline -0.002 -12"><span class='ocrx_word' id='word_1_296' title='bbox 166 2434 247 2459; x_wconf 85' lang='lat' dir='ltr'>nae.</span> <span class='ocrx_word' id='word_1_297' title='bbox 304 2421 525 2460; x_wconf 90' lang='lat' dir='ltr'>Secundum</span> <span class='ocrx_word' id='word_1_298' title='bbox 536 2419 636 2459; x_wconf 87' lang='lat' dir='ltr'>hanc</span> <span class='ocrx_word' id='word_1_299' title='bbox 657 2419 781 2470; x_wconf 88' lang='lat' dir='ltr'>legem</span> <span class='ocrx_word' id='word_1_300' title='bbox 800 2420 945 2458; x_wconf 89' lang='lat' dir='ltr'>mulieri</span> <span class='ocrx_word' id='word_1_301' title='bbox 964 2419 1052 2459; x_wconf 89' lang='lat' dir='ltr'>huic</span> <span class='ocrx_word' id='word_1_302' title='bbox 1073 2420 1292 2471; x_wconf 88' lang='lat' dir='ltr'>[Eupolidis</span> <span class='ocrx_word' id='word_1_303' title='bbox 1307 2418 1412 2466; x_wconf 85' lang='lat' dir='ltr'>filiae]</span> <span class='ocrx_word' id='word_1_304' title='bbox 1429 2431 1475 2456; x_wconf 90' lang='lat' dir='ltr'>ne</span> <span class='ocrx_word' id='word_1_305' title='bbox 1492 2418 1609 2456; x_wconf 89' lang='lat' dir='ltr'>ullam</span> 
     </span>
     <span class='ocr_line' id='line_1_36' title="bbox 165 2479 1610 2534; baseline -0.003 -13"><span class='ocrx_word' id='word_1_306' title='bbox 165 2483 318 2534; x_wconf 83' lang='lat' dir='ltr'>quidem</span> <span class='ocrx_word' id='word_1_307' title='bbox 349 2489 494 2534; x_wconf 85' lang='lat' dir='ltr'>partem</span> <span class='ocrx_word' id='word_1_308' title='bbox 525 2482 766 2533; x_wconf 83' lang='lat' dir='ltr'>[hereditatis</span> <span class='ocrx_word' id='word_1_309' title='bbox 796 2483 843 2521; x_wconf 85' lang='lat' dir='ltr'>ab</span> <span class='ocrx_word' id='word_1_310' title='bbox 862 2481 1100 2534; x_wconf 85' lang='lat' dir='ltr'>Apollodoro</span> <span class='ocrx_word' id='word_1_311' title='bbox 1128 2480 1315 2533; x_wconf 83' lang='lat' dir='ltr'>Thrasylli</span> <span class='ocrx_word' id='word_1_312' title='bbox 1343 2480 1419 2518; x_wconf 87' lang='lat' dir='ltr'>filio</span> <span class='ocrx_word' id='word_1_313' title='bbox 1446 2479 1610 2529; x_wconf 85' lang='lat' dir='ltr'>relictae]</span> 
     </span>
     <span class='ocr_line' id='line_1_37' title="bbox 167 2540 1607 2597; baseline -0.004 -13"><span class='ocrx_word' id='word_1_314' title='bbox 167 2545 323 2597; x_wconf 87' lang='lat' dir='ltr'>petendi</span> <span class='ocrx_word' id='word_1_315' title='bbox 339 2546 404 2595; x_wconf 87' lang='lat' dir='ltr'>jus</span> <span class='ocrx_word' id='word_1_316' title='bbox 425 2552 519 2591; x_wconf 84' lang='lat' dir='ltr'>erat,</span> <span class='ocrx_word' id='word_1_317' title='bbox 538 2544 803 2596; x_wconf 82' lang='lat' dir='ltr'>Thrasybulus</span> <span class='ocrx_word' id='word_1_318' title='bbox 831 2551 959 2583; x_wconf 86' lang='lat' dir='ltr'>autem</span> <span class='ocrx_word' id='word_1_319' title='bbox 978 2551 1097 2583; x_wconf 84' lang='lat' dir='ltr'>totam</span> <span class='ocrx_word' id='word_1_320' title='bbox 1117 2550 1243 2594; x_wconf 87' lang='lat' dir='ltr'>petere</span> <span class='ocrx_word' id='word_1_321' title='bbox 1267 2548 1431 2594; x_wconf 84' lang='lat' dir='ltr'>poterat,</span> <span class='ocrx_word' id='word_1_322' title='bbox 1447 2540 1518 2578; x_wconf 89' lang='lat' dir='ltr'>nisi</span> <span class='ocrx_word' id='word_1_323' title='bbox 1539 2541 1607 2579; x_wconf 89' lang='lat' dir='ltr'>ob-</span> 
     </span>
     <span class='ocr_line' id='line_1_38' title="bbox 164 2602 1610 2660; baseline -0.005 -14"><span class='ocrx_word' id='word_1_324' title='bbox 164 2615 287 2645; x_wconf 80' lang='lat' dir='ltr'>&#39;staret</span> <span class='ocrx_word' id='word_1_325' title='bbox 304 2607 392 2654; x_wconf 87' lang='lat' dir='ltr'>hoc,</span> <span class='ocrx_word' id='word_1_326' title='bbox 411 2608 514 2660; x_wconf 90' lang='lat' dir='ltr'>quod</span> <span class='ocrx_word' id='word_1_327' title='bbox 535 2620 607 2658; x_wconf 83' lang='lat' dir='ltr'>ego</span> <span class='ocrx_word' id='word_1_328' title='bbox 627 2607 676 2645; x_wconf 89' lang='lat' dir='ltr'>ab</span> <span class='ocrx_word' id='word_1_329' title='bbox 692 2606 926 2658; x_wconf 89' lang='lat' dir='ltr'>Apollodoro</span> <span class='ocrx_word' id='word_1_330' title='bbox 942 2606 1148 2656; x_wconf 86' lang='lat' dir='ltr'>adoptatus</span> <span class='ocrx_word' id='word_1_331' title='bbox 1162 2604 1246 2650; x_wconf 84' lang='lat' dir='ltr'>sim,</span> <span class='ocrx_word' id='word_1_332' title='bbox 1261 2616 1374 2655; x_wconf 86' lang='lat' dir='ltr'>quam</span> <span class='ocrx_word' id='word_1_333' title='bbox 1396 2602 1610 2654; x_wconf 80' lang='lat' dir='ltr'>adoptatio-</span> 
     </span>
     <span class='ocr_line' id='line_1_39' title="bbox 170 2663 1607 2722; baseline -0.005 -15"><span class='ocrx_word' id='word_1_334' title='bbox 170 2678 257 2707; x_wconf 85' lang='lat' dir='ltr'>nem</span> <span class='ocrx_word' id='word_1_335' title='bbox 275 2669 534 2722; x_wconf 84' lang='lat' dir='ltr'>Thrasybulus</span> <span class='ocrx_word' id='word_1_336' title='bbox 550 2676 668 2707; x_wconf 84' lang='lat' dir='ltr'>ratam</span> <span class='ocrx_word' id='word_1_337' title='bbox 682 2669 811 2706; x_wconf 87' lang='lat' dir='ltr'>habet.</span> <span class='ocrx_word' id='word_1_338' title='bbox 867 2668 965 2705; x_wconf 85' lang='lat' dir='ltr'>Nam</span> <span class='ocrx_word' id='word_1_339' title='bbox 983 2679 1108 2717; x_wconf 86' lang='lat' dir='ltr'>neque</span> <span class='ocrx_word' id='word_1_340' title='bbox 1123 2666 1239 2703; x_wconf 86' lang='lat' dir='ltr'>ullam</span> <span class='ocrx_word' id='word_1_341' title='bbox 1257 2665 1348 2702; x_wconf 86' lang='lat' dir='ltr'>mihi</span> <span class='ocrx_word' id='word_1_342' title='bbox 1368 2676 1537 2715; x_wconf 89' lang='lat' dir='ltr'>unquam</span> <span class='ocrx_word' id='word_1_343' title='bbox 1559 2663 1607 2701; x_wconf 88' lang='lat' dir='ltr'>de</span> 
     </span>
     <span class='ocr_line' id='line_1_40' title="bbox 169 2724 1613 2781; baseline -0.003 -14"><span class='ocrx_word' id='word_1_344' title='bbox 169 2730 393 2781; x_wconf 86' lang='lat' dir='ltr'>Apollodori</span> <span class='ocrx_word' id='word_1_345' title='bbox 410 2729 622 2769; x_wconf 84' lang='lat' dir='ltr'>hereditate</span> <span class='ocrx_word' id='word_1_346' title='bbox 641 2730 759 2769; x_wconf 84' lang='lat' dir='ltr'>movit</span> <span class='ocrx_word' id='word_1_347' title='bbox 777 2728 1073 2768; x_wconf 77' lang='lat' dir='ltr'>controversiam</span> <span class='ocrx_word' id='word_1_348' title='bbox 1089 2739 1215 2777; x_wconf 87' lang='lat' dir='ltr'>neque</span> <span class='ocrx_word' id='word_1_349' title='bbox 1231 2739 1313 2764; x_wconf 87' lang='lat' dir='ltr'>eam</span> <span class='ocrx_word' id='word_1_350' title='bbox 1334 2726 1370 2763; x_wconf 92' lang='lat' dir='ltr'>in</span> <span class='ocrx_word' id='word_1_351' title='bbox 1387 2727 1471 2777; x_wconf 86' lang='lat' dir='ltr'>jure</span> <span class='ocrx_word' id='word_1_352' title='bbox 1485 2724 1613 2777; x_wconf 79' lang='lat' dir='ltr'>petiit,</span> 
     </span>
     <span class='ocr_line' id='line_1_41' title="bbox 170 2787 1607 2842; baseline -0.004 -12"><span class='ocrx_word' id='word_1_353' title='bbox 170 2791 239 2830; x_wconf 87' lang='lat' dir='ltr'>sed</span> <span class='ocrx_word' id='word_1_354' title='bbox 258 2789 385 2829; x_wconf 85' lang='lat' dir='ltr'>omnia</span> <span class='ocrx_word' id='word_1_355' title='bbox 402 2792 451 2829; x_wconf 85' lang='lat' dir='ltr'>ab</span> <span class='ocrx_word' id='word_1_356' title='bbox 469 2792 704 2842; x_wconf 87' lang='lat' dir='ltr'>Apollodoro</span> <span class='ocrx_word' id='word_1_357' title='bbox 724 2791 932 2830; x_wconf 77' lang='lat' dir='ltr'>constituta</span> <span class='ocrx_word' id='word_1_358' title='bbox 949 2790 1048 2827; x_wconf 86' lang='lat' dir='ltr'>bene</span> <span class='ocrx_word' id='word_1_359' title='bbox 1067 2801 1108 2826; x_wconf 90' lang='lat' dir='ltr'>se</span> <span class='ocrx_word' id='word_1_360' title='bbox 1126 2788 1266 2826; x_wconf 84' lang='lat' dir='ltr'>habere</span> <span class='ocrx_word' id='word_1_361' title='bbox 1297 2787 1499 2826; x_wconf 83' lang='lat' dir='ltr'>confessus</span> <span class='ocrx_word' id='word_1_362' title='bbox 1529 2794 1607 2824; x_wconf 85' lang='lat' dir='ltr'>est:</span> 
     </span>
     <span class='ocr_line' id='line_1_42' title="bbox 169 2847 1609 2903; baseline -0.004 -13"><span class='ocrx_word' id='word_1_363' title='bbox 169 2853 209 2890; x_wconf 87' lang='lat' dir='ltr'>hi</span> <span class='ocrx_word' id='word_1_364' title='bbox 241 2859 365 2891; x_wconf 82' lang='lat' dir='ltr'>autem</span> <span class='ocrx_word' id='word_1_365' title='bbox 386 2851 558 2903; x_wconf 79' lang='lat' dir='ltr'>[patroni</span> <span class='ocrx_word' id='word_1_366' title='bbox 582 2864 708 2890; x_wconf 81' lang='lat' dir='ltr'>causae</span> <span class='ocrx_word' id='word_1_367' title='bbox 735 2853 822 2890; x_wconf 83' lang='lat' dir='ltr'>filiae</span> <span class='ocrx_word' id='word_1_368' title='bbox 844 2849 1059 2902; x_wconf 87' lang='lat' dir='ltr'>Eupolidis]</span> <span class='ocrx_word' id='word_1_369' title='bbox 1086 2861 1154 2900; x_wconf 84' lang='lat' dir='ltr'>pro</span> <span class='ocrx_word' id='word_1_370' title='bbox 1180 2849 1255 2887; x_wconf 85' lang='lat' dir='ltr'>hac</span> <span class='ocrx_word' id='word_1_371' title='bbox 1276 2848 1374 2900; x_wconf 82' lang='lat' dir='ltr'>[filia</span> <span class='ocrx_word' id='word_1_372' title='bbox 1393 2847 1609 2900; x_wconf 87' lang='lat' dir='ltr'>Eupolidis]</span> 
     </span>
     <span class='ocr_line' id='line_1_43' title="bbox 171 2908 1607 2964; baseline -0.006 -11"><span class='ocrx_word' id='word_1_373' title='bbox 171 2926 247 2964; x_wconf 88' lang='lat' dir='ltr'>qua</span> <span class='ocrx_word' id='word_1_374' title='bbox 265 2918 355 2952; x_wconf 88' lang='lat' dir='ltr'>sunt</span> <span class='ocrx_word' id='word_1_375' title='bbox 370 2912 605 2963; x_wconf 79' lang='lat' dir='ltr'>impudentia</span> <span class='ocrx_word' id='word_1_376' title='bbox 623 2920 742 2952; x_wconf 83' lang='lat' dir='ltr'>totam</span> <span class='ocrx_word' id='word_1_377' title='bbox 771 2921 901 2964; x_wconf 83' lang='lat' dir='ltr'>petere</span> <span class='ocrx_word' id='word_1_378' title='bbox 922 2910 1004 2950; x_wconf 86' lang='lat' dir='ltr'>ausi</span> <span class='ocrx_word' id='word_1_379' title='bbox 1024 2919 1113 2949; x_wconf 88' lang='lat' dir='ltr'>sunt</span> <span class='ocrx_word' id='word_1_380' title='bbox 1132 2910 1400 2960; x_wconf 87' lang='lat' dir='ltr'>[hereditatem</span> <span class='ocrx_word' id='word_1_381' title='bbox 1421 2910 1468 2948; x_wconf 90' lang='lat' dir='ltr'>ab</span> <span class='ocrx_word' id='word_1_382' title='bbox 1490 2908 1607 2959; x_wconf 85' lang='lat' dir='ltr'>Apol-</span> 
     </span>
    </p>
   </div>
  </div>
 </body>
</html>
