1870 3277
723 193 728 197 ’
759 199 986 238 B‘USIRIS.
1506 196 1579 233 143

117 307 442 353 constitutionem,
455 320 543 358 quae
563 304 826 358 praestantium
842 304 1009 342 virorum
1025 315 1143 354 opera
1156 309 1263 340 sunt:
1287 307 1327 339 tu
1342 313 1431 339 vero
1445 299 1578 338 talium

115 370 327 409 facinorum
345 370 523 420 opificem
543 381 630 407 eum
657 367 767 405 nobis
796 365 968 412 exhibes,
987 377 1149 416 quorum
1170 371 1348 402 neutrum
1375 364 1579 414 quisquam

115 432 331 470 mortalium
353 432 509 475 fecerit;
542 444 627 469 nam
658 429 821 467 alterum
839 427 1021 466 belluinae
1043 425 1292 465 immanitatis
1322 432 1397 470 est,
1419 424 1580 461 alterum

115 494 297 545 potentiae
329 493 484 532 divinae.
542 491 692 530 Deinde
714 496 757 528 ut
776 489 875 528 falsa
894 496 1054 539 uterque
1074 488 1264 532 dicamus,
1282 499 1356 536 ego
1373 492 1500 523 tamen
1520 484 1580 521 his

115 555 239 593 verbis
255 568 347 593 usus
368 568 452 593 sum
471 567 559 606 quae
586 552 827 591 laudantium
850 557 955 596 sunt,
977 556 1020 588 ut
1039 556 1080 587 tu
1101 549 1145 587 iis
1164 561 1252 599 quae
1277 547 1582 598 vituperantibus

115 616 374 654 conveniunt:
403 628 523 666 quare
555 627 634 652 non
653 613 850 652 veritatem
883 618 1036 650 tantum
1064 610 1282 661 neglexisti,
1303 609 1370 648 sed
1393 615 1431 645 et
1451 621 1473 645 a
1500 614 1581 645 tota

115 678 238 716 forma
257 678 522 716 laudationum
544 676 741 715 aberrasti.

174 741 235 777 14.
266 739 354 777 Jam
377 740 407 777 si
428 738 504 777 tuis
531 738 681 776 omissis
708 750 793 775 mea
815 736 938 774 oratio
958 734 1189 773 excutienda
1210 741 1281 779 est,
1302 744 1415 770 nemo
1443 730 1477 768 ei
1499 731 1583 781 jure

114 800 230 838 fidem
257 800 472 851 abrogabit.
530 799 633 837 Nam
659 798 691 836 si
718 810 834 848 quem
866 797 980 835 alium
1008 796 1090 833 haec
1117 795 1251 833 fecisse
1272 798 1470 832 constaret
1496 804 1583 842 quae

115 874 189 912 ego
208 861 260 898 illi
281 862 419 906 tribuo,
441 874 489 899 ne
519 859 615 912 ipse]
630 860 784 910 quidem
817 858 987 908 negarim
1023 870 1082 894 me
1116 856 1228 893 nimis
1263 855 1450 892 audacem
1484 866 1584 892 esse,

115 923 182 973 qui
202 929 331 960 notam
353 922 532 960 omnibus
557 921 756 959 veritatem
787 926 1014 969 extorquere
1046 918 1256 955 studerem.
1315 916 1444 960 Nunc,
1466 927 1585 965 quum

115 995 174 1020 res
205 983 241 1020 in
263 984 388 1021 medio
409 983 535 1034 posita
553 990 592 1021 et
619 983 686 1020 niti
706 982 931 1033 conjectura
951 994 1109 1018 necesse
1138 981 1200 1026 sit,
1215 993 1422 1031 quemnam
1449 977 1585 1028 aliquis

116 1043 375 1082 institutorum
397 1051 436 1082 et
464 1044 595 1095 legum
625 1057 713 1094 quae
748 1042 852 1093 apud
884 1042 1090 1094 AEgyptios
1122 1048 1226 1089 sunt,
1246 1041 1276 1078 si
1297 1038 1587 1078 verisimilitudo

116 1112 325 1157 spectetur,
345 1112 543 1144 auctorem
574 1106 703 1156 potius
733 1118 819 1142 esse
853 1104 986 1142 credat
1016 1116 1132 1154 quam
1153 1116 1240 1140 eum
1273 1102 1336 1154 qui
1364 1102 1414 1139 sit
1448 1109 1486 1139 et
1507 1101 1587 1138 Ne-

117 1174 240 1218 ptuno
261 1168 413 1218 genitus
433 1175 471 1205 et
493 1173 707 1205 maternum
730 1180 852 1217 genus
880 1167 929 1204 ad
949 1167 1086 1204 Jovem
1109 1166 1248 1203 referat
1269 1173 1305 1203 et
1331 1165 1499 1202 maxima
1518 1177 1589 1215 po-

119 1228 242 1266 tentia
262 1230 447 1280 praeditus
469 1236 508 1268 et
528 1229 632 1280 apud
653 1229 816 1266 Graecos
833 1228 1164 1266 nominatissimus
1186 1226 1330 1264 fuerit?
1388 1225 1472 1263 Nec
1487 1226 1589 1263 enim

118 1297 421 1328 consentaneum
443 1298 503 1329 est
529 1290 587 1328 his
608 1292 722 1328 rebus
742 1290 922 1327 omnibus
941 1289 1139 1327 inferiores
1160 1289 1307 1339 aliquos
1328 1288 1456 1339 potius
1474 1300 1589 1337 quam

119 1350 224 1388 illum
241 1358 350 1389 tanta
368 1353 555 1390 beneficia
572 1352 781 1389 invenisse.

178 1414 240 1450 15.
271 1413 375 1456 Quin
396 1414 511 1450 etiam
532 1413 616 1464 ipsa
635 1412 781 1450 ratione
801 1419 1018 1463 temporum
1040 1412 1335 1449 convitiatorum
1350 1410 1468 1448 verba
1487 1422 1593 1447 men-

120 1472 219 1511 dacii
239 1473 352 1511 facile
374 1474 658 1512 convincuntur
676 1487 684 1511 ε
716 1486 803 1510 nam
824 1473 941 1510 iidem
969 1481 1060 1511 sunt
1080 1473 1144 1524 qui
1167 1472 1384 1510 Busiridem
1405 1478 1442 1509 et
1468 1484 1590 1510 caeso-

118 1549 203 1575 rum
237 1537 432 1588 hospitum
463 1542 649 1575 accusent
678 1543 717 1574 et
748 1537 796 1574 ab
829 1536 997 1574 Hercule
1035 1536 1283 1574 interfectum
1316 1548 1403 1573 esse
1433 1534 1589 1573 dicant:

120 1605 271 1637 constat
285 1606 413 1636 autem
429 1599 527 1637 inter
543 1612 677 1636 omnes
689 1598 891 1636 historicos
906 1598 1050 1636 Perseo
1066 1598 1173 1636 Jovis
1187 1604 1225 1635 et
1243 1597 1392 1634 Danaae
1405 1596 1482 1634 filio
1499 1609 1591 1647 qua-

120 1665 206 1698 tuor
225 1661 405 1697 aetatibus
429 1660 642 1697 Herculem
675 1672 762 1697 esse
788 1659 994 1710 juniorem,
1016 1659 1233 1697 Busiridem
1254 1672 1343 1696 vero
1362 1658 1450 1709 plus
1474 1671 1591 1708 quam

120 1721 297 1760 ducentis
319 1722 429 1760 annis
451 1722 655 1760 seniorem.
714 1722 766 1758 At
784 1733 875 1758 vero
897 1720 986 1771 quid
1009 1720 1216 1758 absurdius
1238 1727 1289 1764 te,
1308 1733 1429 1770 quum
1449 1719 1591 1757 factam

119 1783 173 1821 illi
193 1783 428 1821 calumniam
448 1784 614 1821 refutare
637 1781 872 1829 institueres,
893 1795 1009 1833 quam
1030 1788 1303 1833 argumentum
1324 1781 1398 1819 hoc
1418 1788 1495 1818 tam
1515 1782 1593 1819 evi-

120 1844 217 1882 dens
238 1852 317 1882 tam
336 1845 486 1882 firmum
507 1842 829 1894 praetermisisse?

179 1907 239 1944 16.
268 1906 414 1943 Verum
434 1912 489 1951 tu,
509 1905 680 1942 veritatis
701 1905 808 1942 nulla
837 1904 986 1942 ratione
1002 1904 1144 1950 habita,
1167 1910 1367 1955 poetarum
1387 1904 1596 1943 maledicta

121 1974 278 2005 secutus
306 1980 361 2012 es,
389 1967 454 2017 qui
485 1980 532 2003 ex
563 1966 633 2003 diis
654 1965 934 2003 immortalibus
964 1966 1114 2016 genitos
1147 1966 1335 2003 atrociora
1356 1972 1437 2003 tum
1459 1979 1592 2017 perpe—

119 2035 244 2066 trasse
264 2034 345 2065 tum
362 2040 562 2078 perpessos
576 2039 661 2064 esse
676 2033 855 2065 asserunt
874 2039 989 2077 quam
1006 2026 1104 2064 filios
1123 2027 1324 2064 hominum
1344 2027 1592 2072 nefariorum,

121 2089 295 2140 talesque
316 2089 464 2126 fabulas
497 2088 544 2127 de
577 2088 668 2140 ipsis
701 2089 773 2126 diis
800 2089 1008 2126 commenti
1028 2095 1131 2134 sunt,
1151 2089 1289 2139 quales
1312 2102 1423 2126 nemo
1446 2088 1482 2126 in
1505 2101 1594 2127 suos

121 2151 297 2189 inimicos
319 2151 446 2189 dicere
467 2151 635 2189 audeat:
666 2164 739 2189 nec
767 2151 868 2188 enim
892 2150 994 2188 furta
1021 2151 1144 2188 solum
1167 2158 1205 2188 et
1226 2150 1414 2188 adulteria
1434 2158 1470 2188 et
1491 2151 1595 2202 apud

122 2212 296 2251 homines
317 2213 518 2250 servitutes
539 2213 593 2250 eis
625 2213 918 2264 exprobrarunt,
939 2212 1007 2250 sed
1030 2219 1068 2250 et
1089 2213 1298 2250 liberorum
1325 2212 1595 2251 devorationes

122 2281 160 2313 et
171 2281 324 2326 patrum
345 2275 589 2312 exsectiones
610 2280 650 2312 et
669 2281 833 2311 matrum
852 2274 1005 2312 vincula
1018 2281 1057 2311 et
1073 2275 1190 2312 multa
1211 2273 1286 2311 alia
1307 2280 1406 2311 tetra
1420 2274 1595 2312 facinora

124 2336 171 2374 de
200 2336 274 2374 illis
290 2336 575 2374 confinxerunt.
635 2336 808 2379 Quorum
830 2335 1000 2373 nondum
1023 2335 1075 2372 illi
1096 2335 1253 2385 quidem
1283 2336 1439 2373 meritas
1460 2348 1593 2386 poenas

128 2397 334 2443 dederunt,
356 2404 582 2435 nontamen
610 2410 724 2435 omne
745 2397 976 2448 supplicium
1008 2395 1254 2447 effugerunt3
1288 2410 1374 2434 nam
1403 2396 1463 2433 alii
1495 2410 1594 2435 erro-

125 2470 195 2496 nes
212 2464 251 2496 et
271 2457 436 2496 mendici
466 2458 634 2504 fuerunt,
666 2458 727 2496 alii
743 2458 878 2495 caecati
901 2464 1005 2503 sunt,
1027 2457 1123 2495 alius
1145 2457 1280 2508 pulsus
1301 2458 1423 2508 patria
1448 2456 1593 2494 bellum

124 2527 352 2571 perpetuum
380 2525 515 2557 contra
546 2519 781 2558 domesticos
813 2533 902 2558 suos
933 2520 1068 2570 gessit,
1090 2519 1271 2570 Orpheus
1293 2526 1436 2564 autem,
1457 2518 1592 2556 harum

125 2581 341 2619 fabularum
362 2581 581 2632 praecipuus
603 2590 754 2628 auctor,
781 2582 819 2618 in
840 2582 962 2619 frusta
981 2581 1198 2632 discerptus
1227 2580 1391 2617 interiit:
1422 2592 1541 2630 quare
1562 2579 1594 2619 si

125 2642 308 2692 sapimus,
328 2642 480 2679 illorum
500 2642 753 2680 deliramenta
779 2655 855 2680 non
882 2643 1125 2686 imitabimur,
1147 2655 1272 2692 neque
1293 2642 1593 2687 committemus,

126 2715 245 2753 quum
275 2703 381 2754 leges
410 2702 609 2741 tulerimus
642 2716 689 2741 ne
715 2704 810 2742 alter
841 2703 949 2742 alteri
978 2703 1198 2748 maledicat,
1218 2711 1260 2740 ut
1288 2703 1411 2741 omnis
1440 2703 1593 2741 licentia

129 2763 275 2813 quidvis
302 2764 351 2802 de
385 2764 457 2802 diis
490 2764 690 2802 effutiendi
721 2765 847 2811 detur,
877 2765 943 2803 sed
974 2764 1196 2802 cavebimus
1218 2764 1343 2814 potius
1370 2771 1506 2802 ettam
1526 2778 1592 2803 eos

129 2824 194 2874 qui
209 2824 302 2862 talia
321 2825 457 2863 dicunt
475 2839 590 2876 quam
611 2826 677 2876 qui
696 2826 860 2864 credunt
876 2826 988 2876 impie
1012 2839 1125 2875 agere
1141 2826 1378 2876 putabimus.

188 2887 248 2923 17.
278 2885 366 2937 Ego
384 2899 474 2925 vero
495 2901 572 2925 non
599 2887 693 2926 deos
714 2895 864 2926 tantum
895 2887 962 2925 scd
988 2887 1138 2924 illorum
1166 2887 1266 2926 filios
1296 2888 1411 2925 ctiam
1446 2888 1592 2927 alienos

131 2948 179 2985 ab
205 2948 309 2985 omni
337 2948 482 2986 scelere
514 2955 551 2987 ct
581 2949 671 2988 vitio
701 2949 832 2994 credo,
862 2956 942 2986 tum
971 2949 1075 2999 ipsos
1105 2956 1243 2987 natura
1269 2949 1429 2987 virtutes
1459 2962 1593 2987 omnes
