1870 3277
753 184 1037 223 NICOCLES.
1578 186 1623 222 19

220 290 258 324 8.
289 288 426 325 Restat
444 288 560 337 igitur
580 300 626 324 ex
648 287 704 323 his
724 298 811 336 quae
832 286 1026 336 proposui,
1048 292 1090 322 ut
1111 286 1159 323 de
1185 298 1243 323 me
1271 288 1355 337 ipso
1374 286 1537 324 breviter
1556 285 1624 323 ali-

167 348 258 398 quid
282 348 423 393 dicam,
444 361 521 399 quo
552 348 681 385 sciatis
709 359 797 385 eum
826 359 910 383 esse
937 353 1106 384 vestrum
1128 359 1273 396 regem,
1292 349 1355 398 qui
1374 361 1450 384 non
1470 353 1625 398 propter

167 412 330 456 maj0res
361 416 512 446 tantum
543 421 634 445 suos
663 407 733 445 sed
763 414 801 444 et
830 414 984 457 propter
1013 406 1260 457 semetipsum
1292 408 1471 458 majorem
1506 407 1618 445 etiam

166 469 309 508 honore
327 477 436 507 tanto
457 468 745 519 amplitudinem
767 474 970 505 mereatur.
1001 467 1102 504 Nam
1121 480 1193 518 ego
1205 467 1359 517 quidem
1379 468 1478 505 inter
1490 481 1623 506 omnes

165 537 341 566 constare
363 530 536 574 arbitror,
557 528 717 565 aliarum
738 528 918 565 virtutum
941 528 1132 578 justitiam
1153 535 1191 565 et
1218 529 1506 579 temperantiam
1537 542 1624 567 esse

167 590 518 639 praestantissimas
579 589 661 626 Nec
682 589 782 626 enim
803 602 871 638 per
893 602 933 626 se
954 596 1099 626 tantum
1120 589 1228 626 nobis
1247 596 1421 639 prosunt,
1434 590 1516 634 sed,
1537 591 1566 626 si
1587 599 1625 627 et

166 658 338 688 naturam
373 657 411 687 et
439 650 537 685 vires
566 656 604 686 et
634 662 748 686 usum
773 649 1014 699 negotiorum
1044 658 1219 699 spectare
1244 650 1419 695 velimus,
1439 651 1621 700 quicquid

165 711 272 747 nulla
290 723 377 747 cum
399 709 472 746 hoc
495 722 635 759 genere
657 711 932 747 communitate
959 710 1134 760 jungitur
1154 710 1404 747 maximorum
1434 711 1620 748 malorum

163 784 320 808 causam
354 770 567 814 exstitisse,
587 783 674 819 quae
705 782 794 807 vero
823 771 1078 820 temperantia
1101 771 1327 821 justitiaque
1357 771 1528 808 adhibita
1555 785 1620 821 ge-

163 838 370 876 runtur,ea
395 830 556 866 maxime
582 830 765 879 prodesse
786 829 873 866 vitae
901 830 1116 867 mortalium
1145 831 1390 881 reperiemus.
1447 831 1564 872 Quod
1591 832 1623 869 si

162 891 229 940 qui
247 898 417 928 veterum
437 892 486 927 ob
506 890 575 926 has
592 890 751 927 virtutes
772 890 1028 936 celebrantur,
1051 904 1202 941 aequum
1226 904 1313 928 esse
1332 898 1440 941 puto,
1460 892 1620 930 eandem

163 964 224 988 me
244 964 396 1000 quoque
417 949 574 1000 gloriam
595 950 768 1000 adipisci.

219 1014 251 1049 9.
285 1013 344 1050 Ac
364 1011 552 1062 justitiam
582 1012 738 1061 quidem
771 1012 859 1049 inde
886 1013 1128 1062 potissimum
1158 1014 1408 1063 perspicietis,
1435 1013 1554 1063 quod,
1581 1021 1622 1051 ut

162 1074 318 1123 imperio
335 1074 477 1123 potitus
495 1086 594 1118 sum,
614 1074 789 1123 quamvis
812 1081 850 1111 et
869 1074 1010 1124 regiam
1030 1075 1197 1124 pecuniis
1217 1087 1395 1119 vacuam,
1417 1075 1621 1125 omniaque

163 1134 377 1184 sumptibus
398 1134 584 1171 exhausta
607 1142 646 1171 et
667 1135 822 1184 negotia
843 1136 1037 1172 turbarum
1060 1135 1186 1185 plena,
1205 1137 1255 1173 ita
1275 1143 1317 1172 ut
1336 1150 1516 1186 magnam
1537 1136 1621 1174 dili-

165 1197 332 1246 gentiam
353 1204 392 1234 et
410 1196 589 1246 praesidia
605 1203 643 1232 et
658 1197 851 1246 impensas
871 1197 1124 1247 postularent,
1142 1198 1412 1248 suscepissem,
1428 1211 1497 1235 nec
1512 1199 1622 1248 igno-

162 1271 285 1295 rarem
318 1257 540 1308 hujusmodi
572 1258 806 1307 temporibus
839 1258 930 1295 alios
961 1259 1135 1295 omnibus
1166 1260 1290 1296 modis
1317 1260 1544 1297 detrimenta
1569 1261 1621 1297 rei

164 1319 360 1356 familiaris
387 1318 527 1356 sarcire
560 1317 757 1368 multaque
784 1326 921 1367 praeter
948 1319 1143 1368 ingenium
1165 1333 1275 1355 suum
1297 1319 1423 1357 facere
1453 1321 1622 1357 necessi·

163 1388 241 1417 tate
259 1388 425 1425 coactos,
438 1380 530 1417 nihil
549 1387 675 1416 tamen
693 1380 852 1416 istorum
875 1379 1045 1416 omnium
1066 1393 1125 1416 me
1144 1381 1326 1430 corrupit,
1342 1381 1546 1430 quominus
1568 1382 1622 1419 ita

125 1431 129 1434 ,
161 1449 293 1480 sancte
321 1442 584 1493 praeclareque
615 1453 743 1479 curam
773 1454 898 1477 rerum
931 1454 1117 1491 gererem,
1140 1449 1181 1479 ut
1205 1442 1298 1478 nihil
1328 1443 1619 1493 praetermisisse

159 1504 288 1541 videar
302 1503 405 1553 quod
421 1503 469 1540 ad
490 1503 724 1540 incrementa
739 1509 777 1538 et
793 1502 1016 1539 felicitatem
1031 1503 1252 1552 reipublicae
1267 1503 1484 1553 pertineret.
1518 1504 1617 1542 Nam

163 1572 202 1602 et
221 1565 324 1602 cives
338 1577 384 1601 ea
401 1563 702 1601 mansuetudine
722 1563 898 1607 tractavi,
913 1572 957 1600 ut
975 1576 1045 1600 nec
1066 1563 1197 1601 exsilia
1213 1577 1336 1613 neque
1351 1565 1477 1602 caedes
1497 1578 1619 1615 neque

161 1625 439 1677 publicationes
458 1626 645 1662 bonorum
667 1638 740 1662 nec
761 1625 840 1662 ulla
859 1625 1023 1675 denique
1040 1625 1124 1662 talis
1139 1625 1336 1664 calamitas
1357 1640 1416 1664 me
1437 1633 1619 1676 regnante

163 1687 353 1724 inciderit.
412 1686 592 1735 thuum
613 1686 648 1722 in
673 1685 865 1723 Graeciam
882 1686 1013 1723 nullus
1029 1686 1079 1723 ob
1100 1693 1254 1736 gestum
1268 1688 1411 1724 bellum
1428 1688 1536 1724 nobis
1554 1700 1618 1736 pa-

163 1755 260 1786 teret
271 1748 414 1793 aditus,
427 1761 544 1797 quum
558 1747 700 1797 ubique
718 1747 982 1797 spofiaremur,
997 1747 1179 1797 pleraque
1199 1757 1336 1798 pacata
1357 1749 1518 1794 reddidi,
1537 1749 1619 1787 aliis

165 1810 292 1847 omnia
311 1809 581 1859 persolvendo,
601 1808 685 1845 aliis
707 1816 851 1858 partes,
874 1809 922 1845 ab
953 1809 1036 1846 aliis
1065 1821 1208 1846 moram
1230 1810 1411 1860 petendo,
1430 1824 1517 1847 cum
1537 1811 1620 1848 aliis

163 1878 208 1908 ut
233 1870 341 1908 licuit
369 1870 650 1908 controversias
676 1870 940 1919 transigendo.
999 1870 1192 1908 Praeterea
1211 1884 1328 1921 quum
1349 1872 1484 1909 insulae
1505 1872 1619 1923 hujus

160 1931 298 1969 incolae
320 1931 429 1968 nobis
449 1938 738 1975 succenserent,
759 1937 798 1967 et
817 1943 882 1967 rex
903 1930 1105 1967 Persarum
1126 1931 1242 1969 verbo
1262 1933 1531 1970 reconciliatus
1561 1946 1618 1970 re-

160 2006 252 2031 vera
276 1993 451 2030 infensus
471 1999 589 2037 esset,
611 1998 792 2041 utrosque
814 1991 999 2040 mitigavi,
1021 1990 1124 2028 hunc
1144 1993 1382 2041 obsequendi
1408 1993 1619 2038 alacritate,

162 2054 248 2091 illos
276 2054 455 2103 aequitate
481 2053 683 2090 servanda.
743 2052 844 2088 Nam
864 2065 885 2088 a
905 2064 1028 2088 rerum
1056 2052 1264 2089 alienarum
1295 2054 1508 2103 cupiditate
1541 2062 1615 2092 tam

162 2115 277 2165 longe
299 2115 447 2159 absum,
466 2120 510 2150 ut
530 2126 646 2164 quum
671 2113 745 2156 alii,
768 2113 797 2149 si
817 2112 932 2162 paulo
954 2112 1086 2149 vicinis
1104 2114 1338 2162 potentiores
1359 2114 1515 2160 fuerint,
1532 2129 1619 2154 mox

163 2182 202 2213 et
221 2176 302 2225 agri
320 2182 465 2225 partem
488 2174 648 2223 eripiant
667 2181 705 2210 et
726 2173 846 2210 multa
864 2180 1003 2222 praeter
1018 2175 1082 2223 jus
1097 2180 1135 2209 et
1150 2187 1302 2224 aequum
1319 2175 1388 2212 sibi
1404 2176 1620 2223 vendicent,

162 2249 236 2287 ego
258 2248 305 2272 ne
325 2248 407 2272 eam
424 2234 578 2285 quidem
599 2235 797 2284 regionem
819 2234 994 2284 accipere
1015 2235 1196 2272 voluerim
1215 2248 1302 2285 quae
1323 2236 1411 2273 mihi
1433 2237 1616 2276 offereba-

164 2304 236 2342 tur,
257 2296 356 2333 malo
377 2297 478 2332 enim
503 2309 590 2333 cum
606 2295 756 2345 justitia
777 2307 902 2331 meum
924 2301 1050 2331 tenere
1071 2294 1194 2332 solum
1217 2309 1332 2345 quam
1354 2309 1419 2346 per
1438 2297 1615 2346 injuriam

163 2357 360 2408 imperium
381 2357 456 2394 hoc
477 2363 606 2393 nostro
626 2355 740 2405 longe
758 2355 913 2405 lateque
933 2355 1056 2404 majus
1078 2355 1285 2405 acquirere.
1344 2357 1419 2394 Sed
1434 2370 1617 2406 quorsum

164 2419 302 2456 attinet
322 2417 482 2467 singulis
503 2416 849 2454 commemorandis
878 2416 1081 2459 immorari,
1101 2417 1309 2466 praesertim
1340 2431 1458 2466 quum
1487 2421 1618 2469 paucis

165 2480 214 2517 de
232 2492 293 2516 me
311 2480 395 2529 ipso
413 2491 490 2515 rem
511 2484 630 2514 totam
651 2478 793 2526 possim
817 2476 1043 2514 absolvere?
1075 2477 1199 2514 Nemo
1215 2478 1315 2514 enim
1336 2479 1542 2528 reperietur
1556 2482 1619 2531 qni

161 2554 184 2578 a
211 2553 271 2577 me
301 2540 351 2577 sit
378 2552 544 2589 unquam
573 2537 733 2575 affectus
763 2538 916 2587 injuria,
935 2538 1064 2587 plures
1084 2551 1173 2576 vero
1205 2546 1284 2575 tum
1316 2539 1417 2577 cives
1447 2547 1524 2578 tum
1557 2543 1618 2580 alii

165 2601 296 2639 Graeci
316 2608 354 2638 et
372 2599 566 2637 beneficiis
585 2607 624 2636 et
643 2599 848 2646 majoribus
871 2599 1017 2648 utrique
1039 2599 1259 2636 muneribus
1280 2613 1302 2636 a
1321 2612 1381 2637 me
1393 2608 1483 2639 sunt
1495 2604 1619 2641 ornati

163 2675 279 2713 quam
299 2663 346 2699 ab
374 2662 417 2698 iis
443 2661 619 2698 omnibus
650 2661 713 2710 qui
743 2667 832 2697 ante
860 2673 918 2696 me
951 2672 1110 2708 regnum
1142 2667 1360 2698 tenuerunt.
1417 2661 1619 2702 Enimvero

165 2723 278 2760 decet
297 2735 379 2766 eos,
400 2722 463 2771 qui
488 2721 648 2771 justitiae
678 2721 844 2758 studium
868 2720 971 2756 laudi
993 2721 1063 2756 sibi
1089 2720 1238 2757 ducunt
1257 2722 1507 2773 pecuniaeque
1527 2738 1620 2762 con-

165 2789 349 2833 temptum
372 2795 448 2833 prae
472 2794 513 2819 se
542 2782 682 2826 ferunt,
705 2788 812 2818 tanta
832 2794 944 2830 posse
974 2781 1019 2827 de
1048 2793 1130 2818 sese
1164 2788 1317 2832 tamque
1345 2784 1505 2822 illustria
1529 2800 1619 2836 prae-

166 2844 306 2883 dicare.

225 2906 283 2942 10.
315 2904 414 2946 Quin
437 2903 485 2941 de
505 2903 759 2952 temperantia
787 2915 939 2951 quoquc
962 2915 1044 2939 mea
1069 2903 1179 2952 plura
1206 2905 1318 2942 etiam
1340 2906 1398 2944 liis
1419 2914 1457 2945 et
1478 2910 1618 2958 majora
