1870 3277
269 166 345 202 356
922 165 1043 203 lsAEI

270 272 385 315 atque
413 266 670 306 testimonium
698 268 926 320 interposuit
943 283 1019 320 quo
1044 269 1291 307 hereditatem
1319 270 1418 308 hanc
1444 269 1715 308 controversiae

268 327 469 364 obnoxiam
490 341 573 366 esse
593 331 770 381 negabat,
793 344 869 381 quo
888 331 1014 370 effecit
1034 338 1076 368 ut
1094 338 1131 368 et
1149 331 1211 368 hic
1229 331 1512 369 Chaerestratus
1533 331 1715 382 petitione

269 387 493 427 hereditatis
514 390 783 429 excluderetur
804 400 841 430 et
861 394 966 430 vobis
989 394 1195 443 eriperetur
1210 392 1273 443 jus
1295 400 1409 443 atque
1427 392 1591 430 facultas
1610 392 1715 430 here-

268 449 355 487 dem
378 449 671 490 Philoctemonis
695 467 741 492 ex
765 455 953 492 sententia
977 463 1099 493 vestra
1125 454 1400 497 constituendi3
1433 461 1560 505 sperat
1580 466 1713 504 nempe

270 523 312 548 se
330 510 554 550 effecturum
575 514 686 552 unius
710 515 842 564 judicii
871 516 1061 567 suffragiis
1088 515 1278 565 uniusque
1305 515 1522 553 certaminis
1549 515 1718 565 nequitia

271 579 314 610 ut
333 572 614 612 Philoctemoni
637 577 772 614 fratres
800 577 1059 629 adjungantur
1081 585 1118 614 et
1139 576 1390 614 obtrudantur
1410 576 1582 614 homines
1604 577 1650 612 ab
1671 588 1716 612 eo

270 647 424 683 prorsus
445 636 679 683 alienissimi,
707 645 745 676 et
770 646 813 675 ut
833 639 914 690 ipse
937 638 1184 676 hereditatem
1207 645 1340 676 contra
1360 638 1425 688 jus
1445 644 1484 675 et
1503 637 1560 675 fas
1581 636 1720 674 habeat

269 700 486 745 teneatque,
515 697 664 735 tametsi
691 697 738 736 de
766 712 811 736 ea
837 712 923 737 cum
954 699 1103 738 nemine
1128 699 1166 736 in
1190 700 1276 750 jure
1303 698 1567 736 contendisset
1594 709 1719 747 neque

272 754 529 806 adjudicatam
556 758 625 795 sibi
649 759 883 805 abstulisset,
904 760 991 798 item
1017 769 1059 797 ut
1079 759 1375 797 Philoctemonis
1397 772 1525 796 sorore
1545 758 1720 809 potiatur,

271 815 435 867 denique
456 825 497 855 ut
513 818 814 859 Philoctemonis
834 828 1104 860 testamentum
1125 821 1269 859 irritum
1293 821 1439 859 reddat.
1485 821 1614 858 Multa
1631 833 1718 858 vero

270 889 357 915 cum
379 878 454 916 sint
472 886 510 916 et
528 880 693 918 nefanda
713 882 839 919 omnia
860 896 946 932 quae
967 882 1180 920 Androcles
1200 883 1236 919 in
1257 881 1544 922 obnuntiatione
1566 895 1633 919 sua
1651 894 1717 932 pro

272 938 488 977 testimonio
515 941 766 986 confirmavit,
788 943 950 994 primum
977 942 1051 980 hoc
1072 943 1375 981 demonstratum
1396 944 1510 987 dabo,
1531 943 1722 980 Philocte-

273 1012 423 1036 monem
444 1002 574 1051 utique
593 1010 864 1041 testamentum
884 1003 1082 1054 scripsisse
1102 1003 1139 1041 in
1161 1017 1282 1054 eoque
1303 1005 1603 1042 Chaerestratum
1620 1003 1722 1041 hunc

273 1060 343 1098 sibi
363 1074 430 1111 pro
451 1062 528 1100 filio
547 1063 765 1114 adoptasse.
816 1064 1099 1102 Philoctemoni
1123 1078 1263 1116 nempe
1281 1079 1406 1117 neque
1426 1078 1521 1103 uxor
1541 1064 1722 1116 pariebat,

271 1128 310 1158 et
344 1122 486 1160 bellum
516 1131 597 1161 tum
626 1126 787 1163 saeviens
815 1133 998 1176 perpetua
1026 1126 1161 1177 capitis
1190 1127 1359 1178 pericula
1391 1126 1596 1177 objiciebat
1629 1125 1722 1163 alias

273 1184 438 1233 equestri
461 1184 554 1223 alias
584 1186 710 1223 navali
731 1185 862 1223 militia
883 1187 1079 1236 fungenti3
1111 1187 1398 1226 trierarchatum
1417 1187 1518 1226 enim
1545 1200 1721 1238 saepenu-

272 1257 374 1282 mero
393 1246 531 1296 gessit:
561 1247 700 1297 quibus
722 1247 771 1285 de
789 1248 917 1285 causis
937 1248 1060 1286 visum
1081 1249 1113 1286 ei
1132 1248 1206 1286 fuit
1224 1248 1272 1286 de
1295 1249 1405 1286 bonis
1425 1249 1502 1287 suis
1523 1262 1590 1300 per
1608 1256 1723 1287 testa-

273 1314 442 1344 mentum
475 1308 696 1359 praecipere,
732 1322 796 1357 ne,
834 1308 992 1347 humani
1026 1309 1118 1360 quid
1150 1323 1303 1361 passus,
1336 1310 1527 1348 desertam
1565 1310 1720 1348 domum

271 1368 515 1419 relinqueret.
575 1370 715 1408 Fuerat
733 1370 766 1408 ei
787 1369 940 1420 quidem
961 1384 1028 1421 par
1054 1371 1227 1417 fratrum,
1252 1384 1323 1409 nec
1343 1385 1421 1410 non
1441 1384 1509 1423 par
1528 1384 1720 1410 sororum:

273 1442 405 1467 verum
437 1431 570 1469 fratres
604 1432 715 1469 ambo
747 1440 836 1469 ante
868 1444 954 1469 eum
988 1432 1068 1469 sine
1101 1433 1207 1483 prole
1241 1432 1504 1476 decesserant:
1549 1445 1721 1470 sororum

272 1498 399 1530 autem
432 1492 552 1531 altera
581 1494 751 1531 Chaereae
786 1500 906 1544 nupta
934 1493 1038 1544 prole
1067 1494 1240 1532 mascula
1268 1495 1436 1540 carebat,
1470 1494 1621 1532 tametsi
1655 1494 1720 1532 diu

272 1565 389 1603 penes
408 1553 605 1592 Chaeream
626 1555 775 1600 fuisset,
794 1555 914 1592 altera
928 1554 1184 1593 Phanostrato
1200 1556 1277 1593 duo
1292 1568 1416 1593 mares
1431 1556 1592 1606 peperit.
1640 1554 1722 1593 Ho-

276 1628 359 1651 rum
392 1622 484 1653 natu
516 1615 697 1666 majorem
731 1616 1035 1654 Chaerestratum
1067 1617 1170 1654 hunc
1203 1617 1472 1655 Philoctemon
1505 1616 1575 1655 sibi
1603 1616 1722 1655 filium

275 1677 492 1728 adoptavit;
522 1685 561 1715 et
580 1678 617 1714 in
638 1685 870 1716 testamento
890 1678 989 1716 hanc
1018 1679 1173 1729 scripsit
1191 1678 1419 1725 clausulam,
1447 1678 1519 1717 nisi
1539 1692 1633 1716 uxor
1653 1693 1723 1718 sua

276 1739 345 1776 sibi
365 1738 482 1776 filium
511 1739 639 1776 adhuc
667 1747 829 1790 pareret,
858 1739 954 1777 velle
982 1752 1022 1777 se
1050 1748 1093 1776 ut
1119 1739 1182 1778 hic
1206 1740 1486 1778 Chaerestratus
1513 1740 1582 1778 sibi
1609 1739 1721 1778 heres

275 1804 392 1837 esset.
435 1798 724 1836 Testamentum
743 1799 814 1838 hoc
833 1813 952 1850 penes
971 1800 1185 1846 Chaeream,
1202 1801 1357 1839 alterius
1377 1801 1515 1839 sororis
1532 1801 1721 1848 maritum,

276 1861 468 1912 deposuit.
511 1861 626 1904 Quod
641 1868 913 1899 testamentum
929 1866 1008 1899 tum
1022 1862 1129 1900 vobis
1145 1864 1343 1901 recitatum
1359 1864 1487 1905 fuerit,
1507 1871 1586 1902 tum
1602 1871 1722 1902 testes

275 1923 342 1973 qui
360 1922 561 1961 scribendo
581 1922 784 1961 interfuere
801 1924 1059 1962 testabuntur.
1117 1923 1261 1962 Recita.

785 2026 1215 2064 TESTAMENTUM.

279 2104 452 2141 Audistis
483 2116 588 2154 ergo,
615 2104 784 2154 judices,
816 2104 1146 2143 Philoctemonem
1178 2104 1227 2142 de
1257 2104 1369 2142 bonis
1400 2105 1478 2143 suis
1507 2118 1574 2156 per
1605 2114 1722 2144 testa-

278 2173 450 2204 mentum
480 2166 740 2213 constituisse,
772 2175 810 2205 et
838 2167 978 2218 quibus
1006 2168 1286 2206 conditionibus
1319 2168 1618 2207 Chaerestratum
1651 2170 1723 2208 sibi

277 2227 395 2265 filium
411 2227 619 2278 adoptarit:
650 2227 930 2266 Philoctemoni
951 2237 1078 2267 autem
1099 2229 1153 2266 sic
1173 2241 1285 2279 agere
1304 2228 1456 2267 licuisse
1472 2229 1625 2269 docebit
1638 2231 1723 2269 haec

278 2287 353 2333 lex,
373 2301 486 2339 quam
507 2300 581 2338 ego
602 2287 729 2333 affero,
745 2296 783 2326 et
801 2289 862 2327 hic
881 2290 987 2328 vobis
1009 2290 1251 2328 audientibus
1269 2291 1463 2334 recitabit;
1495 2305 1606 2342 aequa
1626 2292 1736 2330 enim·

277 2357 316 2388 et
328 2350 436 2402 justa
453 2350 537 2388 haee
556 2362 639 2388 esse
659 2363 706 2388 ex
723 2351 804 2401 ipsa
823 2352 907 2402 lege
925 2353 1103 2391 facillime
1122 2353 1285 2404 intelligi
1305 2354 1477 2392 arbitror.

945 2454 1062 2492 LEX.

282 2533 377 2570 Haec
403 2532 465 2570 lex
488 2530 700 2569 communis
726 2531 901 2569 omnibus
930 2532 1005 2571 fixa
1031 2540 1103 2578 est,
1125 2534 1292 2584 judices,
1318 2535 1557 2586 praecipiens,
1585 2537 1727 2575 nemini

279 2607 353 2632 non
374 2593 486 2630 licere
506 2592 554 2630 de
573 2593 684 2630 bonis
706 2592 784 2630 suis
811 2593 1054 2639 constituere,
1080 2594 1188 2645 prole
1218 2596 1390 2633 mascula
1418 2597 1574 2642 carenti,
1603 2598 1675 2635 nisi
1697 2599 1728 2636 si

280 2656 375 2692 forte
401 2654 565 2692 furiosus
594 2654 642 2691 sit
670 2661 736 2691 aut
766 2667 845 2704 prae
875 2655 980 2692 senio
1011 2654 1146 2692 deliret
1174 2662 1241 2693 aut
1270 2669 1336 2706 per
1367 2656 1480 2693 aliam
1508 2659 1728 2709 quampiam

279 2728 435 2754 causam
456 2715 529 2753 hac
548 2715 586 2752 in
606 2715 691 2766 lege
710 2715 919 2754 indicatam
945 2716 1082 2753 mentis
1102 2729 1238 2766 parum
1258 2718 1306 2754 sit
1324 2730 1496 2768 compos.
1554 2719 1727 2763 Quorum

281 2776 451 2814 omnium
481 2776 658 2814 vitiorum
689 2776 785 2814 nulli
815 2776 1144 2815 Philoctemonem
1171 2777 1291 2815 fuisse
1323 2778 1542 2826 obnoxium,
1573 2779 1611 2817 id
1640 2794 1728 2819 vero

283 2837 412 2889 paucis
438 2838 560 2875 verbis
587 2838 890 2876 demonstratum
920 2838 1011 2876 dare
1034 2846 1178 2890 potero.
1236 2838 1365 2877 Civem
1396 2840 1496 2877 enim
1525 2841 1592 2891 qui
1620 2855 1660 2880 se
1690 2852 1728 2880 et

281 2898 410 2951 quoad
434 2899 526 2937 vixit
552 2900 713 2950 gesserit
736 2913 837 2946 eum,
867 2907 907 2937 ut
932 2913 1049 2951 penes
1069 2913 1136 2938 vos
1163 2900 1200 2938 in
1229 2900 1373 2939 honore
1403 2907 1519 2952 atque
1540 2902 1727 2954 dignitate
