1870 3277
491 162 562 200 DE
592 162 924 201 ARISTARCHI
956 162 1320 200 HEREDITATE.
1544 164 1620 201 403

186 274 262 312 que
289 263 323 300 ei
347 263 447 301 bona
475 265 622 303 addidit
648 278 808 315 quorum
837 264 900 315 jus
929 263 1069 300 nemini
1099 265 1340 313 competebat
1367 271 1620 315 praeterquam

184 325 294 362 matri
320 338 438 364 meae:
469 341 514 365 ex
542 328 605 364 illa
624 327 874 365 Aristomenis
893 325 969 362 filia
987 333 1024 362 et
1044 325 1234 375 Cyronide
1255 326 1333 363 nati
1355 333 1445 364 sunt
1461 326 1523 364 hic
1544 326 1621 364 Xe-

184 393 357 423 naenetus
378 387 502 425 adhuc
522 395 713 438 superstes
739 394 778 424 et
797 385 1044 423 Aristarchus
1064 386 1142 422 vita
1167 385 1385 424 defunctus.
1444 387 1540 424 Haec
1564 394 1624 424 est

184 445 333 496 injuria,
347 448 515 498 judices,
537 449 646 486 nobis
667 448 768 491 data,
788 453 826 484 et
844 446 918 484 hoc
937 453 1048 498 pacto
1066 445 1266 484 fraudatus
1292 460 1374 484 sum
1397 447 1620 486 hereditate.

183 504 280 544 Post
306 507 345 545 id
374 508 516 546 factum
545 508 805 546 Aristomenes
834 513 990 544 matrem
1030 519 1153 544 meam
1190 519 1274 544 meo
1311 507 1409 557 patri
1443 507 1620 546 collocat.

183 567 376 618 Cyronide
403 569 645 619 postmodum
665 568 742 606 vita
767 568 964 612 defuncto,
985 567 1186 605 Xenaeneti
1213 567 1326 618 hujus
1352 567 1506 604 fratrem
1530 568 1618 605 Ari-

182 628 378 666 starchum
397 630 434 667 in
456 639 595 668 sortem
613 629 722 666 matri
743 641 840 666 meae
856 629 1022 666 debitam
1041 628 1270 666 immittunt:
1301 628 1341 665 id
1357 628 1459 678 quod
1482 635 1620 678 praeter

177 688 242 738 jus
266 696 305 727 et
328 690 384 728 fas
411 704 495 729 esse
521 692 664 728 factum
692 690 820 727 multis
847 702 918 740 ego
942 689 1170 740 magnisque
1191 689 1430 727 documentis
1454 688 1619 726 evictum

180 749 297 787 dabo.
353 751 430 789 Sed
455 759 542 789 ante
561 751 688 789 omnia
707 758 824 788 testes
843 750 1050 801 producam
1072 749 1364 787 confirmaturos
1386 749 1618 801 Cyronidem

183 823 204 847 e
224 810 339 848 domo
358 811 475 861 patris
497 813 554 849 sui
574 811 784 849 Aristarchi
808 811 846 848 in
873 811 1027 848 domum
1053 810 1253 848 Xenaeneti
1273 811 1353 860 [qui
1375 811 1408 848 ei
1426 823 1518 848 avus
1537 824 1618 848 ma-

182 880 311 910 ternus
337 873 431 922 erat]
460 874 737 924 emancipatum
763 873 892 918 fuisse,
919 873 955 909 in
986 885 1106 922 eaque
1139 871 1252 909 domo
1284 872 1484 909 Xenaeneti
1517 871 1619 908 diem

183 946 398 984 supremum
426 936 571 978 obisse:
603 935 739 973 deinde
760 934 1021 971 Aristarchum
1048 933 1278 984 [majorem]‚
1305 946 1327 970 a
1346 945 1420 983 quo
1447 932 1620 982 profecta

181 1006 263 1032 sors
291 995 373 1033 haec
401 1003 459 1034 est
487 1009 600 1047 super
623 1009 698 1046 qua
726 1008 828 1033 nunc
856 995 1111 1041 contenditur,
1131 995 1234 1045 prius
1260 1008 1280 1032 e
1305 996 1417 1032 rebus
1440 994 1618 1032 humanis

182 1057 389 1095 excessisse
408 1071 522 1108 quam
544 1057 834 1103 Democharem,
855 1070 930 1107 quo
949 1057 1140 1094 hereditas
1163 1057 1242 1108 ejus
1268 1057 1316 1094 ad
1341 1056 1443 1094 hunc
1471 1056 1617 1094 Demo-

180 1117 333 1155 charem
358 1118 532 1161 devenit;
563 1131 693 1156 verum
722 1119 782 1156 hic
804 1118 1063 1156 Demochares
1085 1117 1210 1155 adhuc
1231 1131 1324 1169 puer
1345 1118 1524 1163 decessit,
1545 1131 1617 1156 nec

181 1191 257 1215 non
278 1178 397 1217 altera
416 1192 534 1226 soror,
553 1193 629 1230 quo
651 1181 789 1218 factum
811 1188 851 1217 ut
870 1187 954 1218 tota
973 1193 1054 1218 sors
1082 1179 1118 1217 in
1142 1180 1206 1230 jus
1230 1179 1356 1218 matris
1381 1192 1475 1218 meae
1504 1179 1617 1217 deve·

179 1240 289 1277 nerit.
348 1240 489 1279 Harum
510 1241 639 1291 itaque
659 1255 782 1279 rerum
802 1241 877 1279 cita
894 1249 935 1279 tu
956 1241 1046 1279 mihi
1064 1248 1195 1279 testes.

790 1342 1002 1381 TESTES.

180 1417 271 1454 Sors
286 1417 399 1468 igitur
413 1419 532 1463 istoec,
548 1419 596 1457 de
612 1432 689 1470 qua
704 1432 805 1457 nunc
822 1421 958 1470 agitur,
974 1421 1048 1458 hoc
1064 1427 1175 1470 pacto
1192 1428 1320 1458 nostra
1335 1428 1427 1466 erat,
1439 1421 1611 1472 judices:

179 1478 373 1530 Cyronide
392 1480 428 1517 in
450 1480 602 1518 domum
625 1481 825 1519 Xenaeneti
845 1482 1102 1532 emancipato,
1124 1480 1341 1518 Aristarcho
1363 1489 1488 1519 autem
1509 1489 1614 1533 patre

181 1539 433 1578 Democharis
466 1542 540 1579 vita
566 1542 748 1579 defuncto
782 1549 821 1579 et
851 1542 904 1580 sic
936 1543 985 1579 ad
1012 1542 1292 1580 Democharem
1321 1543 1500 1581 devoluta
1533 1543 1616 1594 ejus

177 1601 401 1646 hereditate,
433 1602 503 1640 hoc
535 1603 616 1654 ipso
650 1609 774 1641 autem
808 1603 1046 1640 Demochare
1077 1603 1243 1654 denique
1275 1604 1476 1650 exstincto,
1505 1605 1614 1656 cujus

179 1675 339 1701 excessu
368 1664 523 1701 devenit
553 1664 741 1702 hereditas
774 1664 823 1702 ad
856 1671 1015 1702 matrem
1050 1677 1185 1709 meam,
1216 1671 1258 1702 ut
1286 1664 1404 1702 solam
1442 1666 1613 1704 relictam

177 1724 427 1762 Democharis
448 1738 627 1764 sororem.

228 1788 266 1823 4.
298 1786 488 1829 Quoniam
507 1800 597 1825 vero
616 1787 654 1824 hi
675 1787 774 1824 ultra
792 1787 1208 1838 modumimpudentes
1228 1793 1329 1833 sunt,
1348 1800 1369 1824 0
1391 1787 1555 1838 judices,
1575 1796 1614 1826 et

175 1855 310 1886 contra
334 1848 396 1898 jus
424 1856 464 1885 et
489 1849 546 1886 fas
571 1850 670 1886 bona
695 1849 748 1899 [in
777 1850 1071 1887 controversiam
1093 1849 1278 1897 adducta]
1306 1856 1435 1886 tenere
1454 1857 1612 1888 conten-

168 1908 285 1954 dunt,
311 1909 475 1946 docendi
504 1909 593 1947 mihi
623 1910 714 1947 estis
742 1910 890 1960 legibus
919 1923 1074 1960 prorsus
1103 1910 1279 1948 omnibus
1312 1911 1612 1961 repugnantibus

173 1970 435 2007 Aristarchum
454 1970 676 2021 [minorem]
692 1971 727 2008 in
741 1971 840 2008 illius
853 1971 1038 2022 [majoris]
1052 1971 1248 2022 phratoras
1262 1971 1457 2010 inductum
1472 1973 1610 2011 fuisse:

173 2030 222 2068 de
241 2044 318 2081 quo
345 2031 409 2068 ubi
436 2032 529 2068 certi
553 2031 697 2069 fueritis
724 2032 826 2077 facti,
846 2032 1029 2082 liquidum
1053 2032 1156 2069 vobis
1179 2032 1348 2083 protinus
1368 2032 1438 2070 erit
1456 2032 1609 2072 habenti

171 2093 273 2130 bona
301 2093 411 2130 titulo
438 2092 541 2130 haud
567 2093 734 2144 legitimo
757 2106 834 2131 non
860 2094 1013 2132 licuisse
1039 2093 1174 2130 iisdem
1197 2093 1243 2130 de
1263 2093 1375 2130 bonis
1402 2106 1467 2144 per
1495 2101 1612 2133 testa-

171 2161 338 2192 mentum
362 2155 607 2192 constituere.
667 2156 842 2193 Arbitror
859 2156 989 2206 itaque
1008 2167 1076 2192 vos
1097 2162 1271 2201 cunctos,
1293 2155 1372 2201 viri,
1391 2154 1465 2193 hoc
1485 2169 1610 2204 nosse,

172 2216 459 2267 delegationum
487 2223 600 2267 atque
628 2217 914 2268 adoptationum
942 2230 1006 2267 per
1031 2223 1301 2254 testamentum
1330 2216 1518 2254 factarum
1544 2232 1609 2257 eas

161 2278 410 2316 *solummodo
429 2278 615 2329 legitimas
635 2285 750 2329 atque
770 2278 984 2329 probabiles
1004 2291 1101 2324 esse,
1119 2291 1204 2329 quae
1223 2279 1271 2316 ab
1292 2279 1381 2329 ipsis
1401 2279 1611 2330 deleganti-

164 2341 242 2378 -bus
270 2341 370 2378 bona
396 2353 466 2378 sua
496 2347 610 2391 atque
641 2340 912 2391 adoptantibus
943 2342 1037 2391 [non
1067 2348 1193 2378 autern
1223 2353 1350 2378 eorum
1381 2340 1467 2378 loco
1494 2348 1608 2391 atque

172 2401 325 2440 nomine
346 2402 392 2439 ab
412 2401 512 2451 aliis]
539 2402 652 2440 factae
680 2402 776 2445 sint;
809 2415 893 2440 nam
922 2402 1030 2440 aliter
1054 2414 1178 2452 neque
1204 2402 1330 2452 legare
1355 2402 1457 2439 bona
1481 2415 1607 2452 neque

163 2477 240 2516 *pro
276 2463 352 2501 filio
389 2463 572 2514 adoptare
608 2464 709 2502 licet.
767 2465 855 2502 Sive
891 2465 1002 2516 igitur
1037 2463 1137 2501 dicet
1174 2463 1307 2512 aliquis
1344 2463 1606 2502 Aristarchum

170 2526 396 2578 [seniorem]
425 2525 471 2563 de
499 2526 608 2564 bonis
635 2526 712 2565 suis
735 2539 801 2577 per
821 2532 1092 2564 testamentum
1122 2523 1380 2568 constituisse,
1409 2523 1608 2563 affirmabit

171 2589 204 2626 is
229 2588 376 2626 veritati
405 2588 678 2639 repugnantia3
710 2588 805 2626 alius
834 2587 932 2625 enim
962 2593 1042 2624 erat
1066 2584 1286 2622 Aristarcho
1313 2584 1412 2622 filius
1440 2585 1606 2636 legitime

170 2656 284 2687 natus
303 2649 576 2696 Demochares,
598 2663 673 2701 quo
699 2649 741 2687 fit
767 2657 810 2687 ut
839 2661 963 2699 neque
986 2647 1151 2685 voluisse
1171 2645 1343 2683 videatur
1362 2646 1606 2685 Aristarchus

172 2712 210 2748 in
237 2710 407 2748 fraudem
434 2710 546 2762 hujus
572 2711 635 2748 filii
663 2711 719 2749 sui
743 2717 1010 2749 testamentum
1034 2708 1198 2746 condere
1224 2720 1346 2757 neque
1371 2707 1513 2745 etiamsi
1538 2722 1605 2747 vo—

169 2771 281 2808 luerit
297 2771 464 2821 potuerit
483 2771 543 2808 alii
563 2772 724 2823 cuipiam
743 2773 844 2809 bona
864 2782 932 2808 sua
951 2769 1129 2820 delegare
1148 2768 1293 2817 legibus
1312 2766 1348 2804 id
1365 2769 1579 2808 vetantibus
1596 2785 1603 2807 :

168 2834 223 2871 sin
251 2839 374 2870 autem
397 2832 614 2871 Aristarcho
643 2833 828 2884 [seniore]
855 2832 1036 2870 defuncto
1057 2845 1077 2869 a
1103 2829 1343 2868 Demochare
1369 2831 1445 2869 aiat
1469 2831 1603 2884 aliquis

170 2907 255 2932 eum
287 2893 569 2944 [Aristarchum
590 2895 798 2944 juniorem]
827 2895 861 2931 in
890 2894 1014 2931 locum
1041 2893 1104 2930 filii
1126 2892 1346 2943 adoptatum
1367 2906 1467 2939 esse,
1489 2894 1600 2931 etiam
