1870 3277
209 153 285 188 ‘248
796 152 1084 190 lSOCRATIS

838 305 1049 343 TESTES.

266 390 302 426 8.
332 389 467 427 Testes
489 389 896 442 audivistis,judices:
926 405 1000 442 ego
1023 405 1124 438 vero,
1142 404 1260 442 quum
1283 390 1377 429 alias
1397 392 1580 442 pecunias
1597 405 1682 444 per-

211 450 406 496 didissem,
429 451 478 489 de
504 451 587 489 aliis
614 465 682 502 per
703 465 892 490 summam
916 453 1189 491 contumeliam
1211 464 1428 498 accusarer,
1449 452 1531 503 ipse
1556 453 1682 504 inqui-

209 512 317 550 rendi
336 524 456 550 causa
478 513 514 550 in
538 512 853 562 Peloponnesum
873 514 960 557 abii,
982 514 1226 552 Menexenus
1246 526 1335 551 vero
1351 526 1514 564 puerum
1536 514 1598 553 hic
1619 514 1683 552 de-

210 573 427 625 prehendit,
448 587 613 625 eumque
646 575 967 626 comprehensum
990 576 1160 626 postulat
1179 576 1214 613 in
1236 576 1489 626 quaestionem
1511 581 1591 613 tum
1613 575 1680 614 de-

209 636 324 687 positi
340 637 465 686 gratia
479 642 559 674 tum
575 637 624 674 ob
639 649 683 674 ea
697 644 853 688 propter
870 650 957 688 quae
971 637 1044 675 iste
1062 650 1130 675 nos
1148 637 1183 675 in
1198 638 1341 676 crimen
1356 645 1526 675 vocarat.
1564 638 1680 676 Pasio

208 706 336 736 autem
369 706 476 736 tanta
506 699 578 737 fuit
604 699 851 745 confidentia,
885 706 926 737 ut
954 713 1040 737 eum
1074 713 1140 750 pro
1170 699 1289 737 libero
1319 707 1522 745 assereret,
1555 713 1680 751 neque

208 767 405 798 vereretur
424 767 492 798 aut
512 768 716 807 metueret,
731 773 846 812 quem
870 774 892 800 a
914 761 1026 799 nobis
1044 761 1172 812 plagio
1193 761 1407 799 abductum
1423 769 1460 799 et
1475 775 1497 799 a
1513 775 1589 812 quo
1610 776 1680 800 nos

208 828 353 859 tantam
374 822 579 873 pecuniam
600 823 808 861 abstulisse
831 822 999 869 dicebat,
1020 824 1187 862 eundem
1210 824 1246 861 in
1268 825 1483 862 libertatem
1507 839 1679 864 asserere

208 897 254 922 ac
272 884 474 935 prohibere
494 897 542 922 ne
563 891 818 935 torqueretur.
874 886 962 923 Jam
988 886 1092 936 quod
1119 887 1288 923 omnium
1319 886 1588 936 gravissimum
1610 895 1681 934 est,

207 959 328 996 quum
348 946 591 984 Menexenus
608 959 769 997 puerum
786 959 808 985 a
823 947 1074 998 polemarcho
1095 947 1302 997 sponsione
1320 948 1424 986 sacta
1438 958 1680 1000 exposceret,

209 1007 326 1046 Pasio
341 1013 489 1059 septem
511 1007 659 1046 talenta
678 1021 748 1058 pro
770 1020 817 1046 eo
837 1008 1035 1060 deposuit.
1096 1008 1253 1046 Prodite
1276 1015 1408 1046 testes.

830 1152 1055 1191 TESTES.

265 1243 303 1279 9.
335 1241 408 1280 His
427 1241 481 1279 ita
499 1243 680 1293 peractis,
694 1242 863 1293 judices,
884 1242 1034 1294 putavit
1053 1255 1073 1280 e
1093 1242 1297 1292 praeteritis
1324 1242 1540 1280 actionibus
1560 1241 1680 1280 mani-

209 1304 308 1342 feste
336 1316 446 1342 suam
474 1304 759 1355 improbitatem
786 1304 952 1350 elucere,
973 1316 1093 1355 seque
1123 1304 1309 1355 deinceps
1329 1316 1376 1342 ea
1395 1303 1538 1342 delicta
1557 1316 1684 1343 corre-

210 1373 363 1405 cturum
384 1365 558 1409 censuit3
589 1365 719 1415 itaque
741 1365 790 1404 ad
811 1379 883 1404 nos
912 1365 1092 1411 accessit,
1115 1365 1315 1416 professus
1336 1378 1376 1404 se
1397 1378 1475 1404 non
1497 1378 1679 1404 recusare

209 1428 418 1479 quominus
452 1440 614 1478 puerum
644 1427 711 1465 det
735 1427 772 1464 in
798 1428 1070 1478 quaestionem.
1129 1427 1413 1471 Quaesitoribus
1440 1427 1599 1466 delectis
1631 1427 1681 1466 ad

210 1489 378 1527 Vulcani
398 1489 522 1526 aedem
552 1489 821 1526 convenimus.
880 1489 937 1527 Ac
968 1501 1043 1539 ego
1070 1488 1226 1539 quidem
1249 1490 1426 1540 petebam
1459 1496 1500 1526 ut
1526 1488 1681 1527 deditus

209 1563 306 1601 puer
326 1550 591 1601 flagellaretur
610 1556 649 1587 et
666 1557 928 1600 torqueretur,
949 1549 1077 1588 donec
1107 1562 1195 1587 eum
1216 1563 1307 1588 vera
1326 1550 1455 1588 dicere
1475 1557 1682 1601 putarent:

211 1612 328 1650 Pasio
348 1625 436 1649 vero
456 1612 529 1649 iste
549 1624 615 1649 eos
632 1624 654 1649 a
671 1624 712 1649 se
730 1611 850 1649 lectos
868 1611 1021 1649 dicebat
1036 1624 1112 1648 non
1134 1618 1178 1649 ut
1197 1611 1413 1656 carnifices,
1433 1611 1502 1650 sed
1516 1611 1683 1662 jubebat

211 1674 352 1720 verbis,
373 1673 402 1710 si
429 1673 520 1724 quid
545 1673 704 1719 vellent,
733 1685 895 1724 puerum
923 1673 1156 1724 percontari.
1215 1674 1311 1712 Orta
1341 1673 1458 1724 igitur
1486 1673 1584 1711 inter
1611 1685 1683 1712 nos

209 1736 485 1782 controversia,
506 1736 737 1786 quaesitores
757 1736 938 1777 dixerunt
957 1749 1001 1775 se
1020 1749 1185 1787 puerum
1207 1749 1282 1774 non
1303 1749 1390 1775 esse
1408 1744 1590 1782 torturos,
1612 1737 1682 1775 sed

210 1811 367 1849 aequum
386 1811 473 1836 esse
492 1797 794 1849 pronuntiarunt
810 1805 852 1835 ut
874 1797 990 1836 Pasio
1007 1797 1099 1835 mihi
1115 1811 1278 1849 puerum
1299 1798 1480 1836 traderet.
1539 1798 1576 1836 Is
1594 1811 1684 1837 vero

210 1874 233 1899 a
251 1860 468 1911 quaestione
488 1867 691 1910 tantopere
712 1859 958 1904 abhorrebat,
980 1868 1021 1897 ut
1049 1860 1100 1897 de
1130 1859 1320 1898 tradendo
1349 1860 1507 1910 quidem
1537 1860 1594 1898 eis
1617 1873 1684 1911 pa-

208 1936 291 1962 rere
312 1922 446 1967 nollet,
465 1922 533 1959 sed
560 1928 763 1972 argentum
789 1922 938 1960 solvere
966 1929 1126 1973 paratus
1149 1929 1255 1960 esset
1275 1921 1305 1959 si
1327 1921 1612 1960 condemnatus
1632 1921 1682 1960 ab

207 1982 267 2023 ¹eis
288 1990 405 2022 esset.
462 1983 571 2021 Voea
590 1990 727 2021 testes.
1596 1983 1607 1998 ‘¹

834 2094 1050 2132 TESTES.

282 2183 342 2220 10.
372 2182 503 2224 Quum
524 2187 653 2219 autem
673 2188 764 2231 post
781 2179 1214 2232 congressus,judices,
1235 2189 1372 2216 omnes
1393 2190 1479 2216 eum
1502 2178 1683 2229 injurium

213 2251 253 2282 et
272 2241 552 2295 iniquissimum
578 2241 773 2280 hominem
795 2242 1033 2293 judicarent,
1053 2241 1118 2292 qui
1147 2252 1324 2292 puerum,
1345 2251 1460 2290 quem
1483 2252 1556 2290 ego
1576 2240 1686 2278 dixe·
1719 2262 1722 2265 -

212 2319 294 2345 ram
316 2305 414 2344 scire
435 2304 482 2342 de
502 2303 695 2355 pecuniis,
717 2316 836 2353 quum
865 2304 969 2354 prius
993 2304 1074 2357 ipse
1101 2301 1351 2346 occultasset,
1374 2313 1397 2338 a
1416 2300 1528 2339 nobis
1558 2301 1687 2340 occul-

213 2374 338 2406 tatum
357 2366 517 2411 diceret,
537 2370 676 2417 postea
695 2364 979 2416 deprehensum
1003 2370 1046 2402 ut
1064 2364 1225 2402 liberum
1245 2369 1425 2414 torquere
1452 2362 1686 2413 prohiberet,

210 2437 300 2482 post
320 2429 489 2467 eundem
510 2440 578 2478 pro
601 2438 711 2464 servo
739 2426 916 2465 deditum
943 2426 1153 2464 tortoribus
1181 2424 1346 2463 delectis
1366 2425 1485 2462 verbo
1508 2431 1687 2475 torquere

207 2493 377 2544 juberet,
398 2504 437 2529 re
458 2503 537 2528 non
562 2489 812 2541 permitteret,
831 2488 890 2526 his
911 2488 1028 2538 igitur
1048 2487 1097 2525 de
1118 2487 1248 2525 causis
1277 2485 1348 2524 sibi
1375 2485 1527 2523 nullum
1553 2491 1685 2537 patere

213 2553 410 2604 effugium,
443 2553 474 2590 si
504 2552 542 2590 in
565 2552 633 2603 jus
666 2550 917 2594 ambulasset,
948 2549 1188 2595 existimans,
1216 2561 1285 2599 per
1318 2548 1595 2585 internuntium
1621 2560 1685 2586 me

213 2615 364 2666 rogavit
383 2621 425 2652 ut
441 2614 478 2651 in
497 2613 642 2665 templo
658 2624 700 2651 se
716 2611 976 2650 convenirem.
1034 2611 1164 2654 Quum
1182 2616 1313 2648 autem
1329 2609 1367 2647 in
1383 2621 1508 2647 arcem
1524 2616 1684 2647 ventum

214 2682 331 2722 esset,
347 2672 521 2714 involuto
541 2674 666 2726 capite
686 2674 876 2726 plorabat,
897 2686 942 2713 ac
962 2679 1188 2724 paupertate
1205 2684 1248 2709 se
1267 2671 1450 2709 adactum
1467 2671 1623 2709 dicebat
1641 2678 1685 2710 ut

213 2739 286 2776 iret
300 2737 461 2782 inficias,
479 2736 548 2774 sed
563 2736 669 2774 brevi
683 2735 863 2774 daturum
880 2747 1035 2786 operam
1054 2740 1096 2771 ut
1109 2733 1292 2784 pecunias
1309 2732 1512 2776 redderet3
1545 2745 1684 2784 meque

214 2800 446 2852 precabatur
460 2804 503 2836 ut
522 2797 593 2836 sibi
607 2798 851 2848 ignoscerem
872 2796 1208 2846 calamitatemque
1230 2801 1419 2845 tegerem,
1436 2807 1484 2832 ne
1505 2794 1687 2833 rescisce-

214 2868 316 2900 retur
337 2873 394 2909 se,
415 2859 482 2910 qui
501 2858 680 2909 deposita
699 2859 842 2897 soleret
865 2859 1055 2910 accipere,
1077 2856 1127 2895 ad
1146 2856 1252 2894 hunc
1271 2855 1430 2893 modum
1458 2854 1682 2907 deliquisse.

217 2923 302 2974 Ego
321 2933 411 2960 vero
431 2933 518 2959 eum
539 2919 631 2959 facti
655 2921 842 2971 poenitere
869 2919 1092 2959 existimans
1119 2917 1399 2964 concedebam,
1418 2917 1685 2968 jubebamque
