1870 3277
264 190 315 226 96
847 189 1138 229 ISOCRATIS

316 292 381 328 32.
413 289 478 328 Ad
499 289 603 329 hunc
623 290 779 329 modum
809 304 886 330 non
916 305 1019 331 nunc
1040 294 1221 344 primum,
1241 291 1310 330 sed
1333 305 1436 344 saepe
1461 295 1543 345 jam
1564 300 1604 332 et
1623 294 1727 346 apud

263 353 421 399 multos,
441 353 617 392 disserui.
650 353 748 392 Nam
772 354 807 392 in
830 355 993 405 singulis
1014 355 1097 393 aliis
1119 356 1212 393 locis
1228 355 1411 406 peculiari
1428 356 1596 406 quodam
1614 355 1730 406 genio

262 416 410 453 fructus
431 422 470 454 et
491 417 644 454 arbores
664 424 703 454 et
723 417 974 454 animantium
994 417 1141 456 innasci
1162 430 1306 469 genera
1322 416 1401 455 scio
1415 430 1501 467 quae
1514 417 1631 469 longe
1645 418 1728 455 aliis

262 485 468 528 praestent:
500 486 668 517 nostram
692 486 820 516 autem
843 478 1018 517 tellurem
1044 480 1141 518 viros
1167 481 1328 530 gignere
1355 486 1393 516 et
1412 479 1578 517 educare
1598 493 1729 530 posse,

261 546 342 576 tum
364 539 411 577 ad
431 546 531 577 artes
552 540 773 578 tractandas
795 545 831 578 et
853 553 913 578 res
934 541 1124 591 gerendas
1145 549 1182 580 et
1202 543 1330 580 literas
1357 541 1590 579 excolendas
1619 542 1728 593 inge-

261 601 514 648 niosissimos,
536 609 615 639 tum
649 602 873 639 fortitudine
904 609 942 640 et
961 603 1099 641 virtute
1130 603 1480 654 praestantissimos.
1540 603 1662 654 quue
1690 610 1729 642 et

261 675 309 699 ex
328 663 491 700 vetustis
511 663 650 713 praeliis
676 663 932 714 judicandum
959 670 1032 709 est,
1054 678 1141 715 quae
1161 678 1248 703 cum
1271 665 1528 702 Amazonibus
1550 671 1588 702 et
1605 664 1727 703 Thra-

259 725 368 762 cibus
389 732 427 762 et
451 725 809 774 peloponnensibus
829 725 1016 763 universis
1035 727 1326 772 commiserunt,
1342 732 1380 763 et
1401 739 1420 763 e
1441 725 1618 776 periculis
1638 739 1728 777 quae

260 786 372 824 bellis
395 786 557 824 Persicis
575 787 768 832 adierunt,
790 787 827 824 in
848 788 988 837 quibus
1008 796 1046 826 et
1067 789 1137 826 soli
1157 796 1196 827 et
1215 788 1579 839 Peloponnensibus
1601 789 1728 835 sociis,

260 853 341 885 tum
374 848 619 898 pedestribus
651 856 732 887 tum
762 849 964 887 navalibus
994 850 1149 901 pugnis,
1169 850 1340 888 barbaris
1370 850 1558 900 superatis
1588 858 1728 901 praeter

259 916 422 947 caeteros
444 909 679 948 fortitudinis
700 911 855 948 laudem
875 911 1099 949 clarissimis
1121 911 1352 950 facinoribus
1368 911 1477 949 editis
1490 919 1727 950 meruerunt.

261 970 401 1021 Neque
417 984 505 1009 vero
525 972 732 1023 quicquam
750 972 940 1024 ejusmodi
954 973 1150 1020 fecissent,
1163 973 1234 1012 nisi
1251 980 1389 1012 natura
1403 973 1518 1024 longe
1533 973 1617 1012 aliis
1632 987 1729 1026 prae-

260 1032 465 1070 stitissent.

314 1094 379 1130 33.
411 1094 605 1131 Caeterum
622 1107 735 1132 nemo
751 1100 861 1145 putet
880 1094 929 1132 ad
950 1107 1022 1133 nos
1043 1095 1109 1146 qui
1129 1108 1233 1133 nunc
1253 1096 1388 1133 urbem
1409 1095 1729 1135 tenemuslauda-

257 1154 399 1192 tionem
421 1155 522 1193 hanc
542 1156 749 1206 pertinere,
771 1156 885 1207 longe
917 1157 1026 1194 aliter
1055 1169 1096 1195 se
1123 1169 1183 1194 res
1214 1156 1344 1195 habet.
1403 1157 1503 1195 Nam
1531 1157 1627 1196 tales
1647 1171 1730 1197 ora-

258 1216 382 1254 tiones
405 1223 447 1254 ut
462 1216 507 1254 iis
527 1217 630 1254 laudi
651 1225 742 1254 sunt
762 1217 825 1267 qui
846 1230 887 1255 se
915 1217 1056 1268 dignos
1076 1216 1216 1255 virtute
1246 1217 1431 1269 majorum
1463 1220 1727 1269 praebuerunt,

258 1279 313 1316 sic
330 1279 380 1316 ad
401 1292 468 1317 eos
489 1279 733 1317 accusandos
750 1279 882 1317 valent
910 1280 976 1330 qui
1001 1279 1191 1318 nobilitati
1222 1293 1304 1318 suae
1323 1279 1478 1330 ignavia
1506 1287 1546 1319 et
1570 1281 1727 1333 flagitiis

258 1340 384 1378 labem
405 1340 573 1391 aliquam
595 1340 886 1392 adsperserunt.
945 1341 988 1378 Id
1010 1341 1115 1392 quod
1135 1354 1204 1379 nos
1223 1340 1404 1379 facimus:
1436 1354 1508 1379 nec
1525 1342 1626 1380 enim
1647 1343 1726 1381 dis-

258 1403 481 1440 simulanda
500 1402 641 1441 veritas
660 1409 739 1441 est:
769 1415 891 1454 quum
911 1402 1012 1442 enim
1029 1403 1115 1441 talis
1136 1403 1246 1442 nobis
1266 1410 1402 1441 natura
1417 1409 1534 1450 esset,
1549 1416 1632 1442 eam
1648 1418 1726 1443 non

257 1464 587 1510 conservavimus,
610 1465 679 1502 sed
699 1465 735 1501 in
759 1466 964 1503 amentiam
985 1465 1189 1503 incidimus
1208 1472 1246 1503 et
1268 1464 1475 1502 tumultum
1489 1472 1527 1502 et
1540 1465 1727 1504 malarum

256 1538 382 1563 rerum
404 1525 670 1576 cupiditatem.
702 1525 845 1563 Verum
866 1526 897 1563 si
917 1525 1085 1563 dicendo
1105 1539 1265 1576 pergam
1282 1539 1341 1564 res
1361 1533 1574 1577 praesentes
1596 1540 1726 1578 repre-

255 1587 426 1625 hendere
445 1593 484 1625 et
512 1600 558 1625 ea
585 1600 672 1637 quae
703 1600 807 1625 nunc
838 1595 1026 1638 geruntur
1054 1599 1253 1634 accusare,
1269 1600 1400 1625 vereor
1429 1600 1478 1625 ne
1502 1587 1656 1640 longius
1677 1590 1726 1628 ab

256 1647 434 1686 instituto
454 1649 640 1687 aberrem.

313 1712 378 1748 34.
409 1712 468 1748 Ac
488 1711 536 1749 de
556 1711 630 1749 illis
646 1711 802 1762 quidem
822 1711 937 1749 rebus
956 1716 996 1748 et
1014 1717 1104 1749 ante
1117 1710 1298 1756 diximus,
1315 1717 1356 1749 et
1373 1711 1511 1749 iterum
1530 1712 1725 1751 dicemus:

259 1770 332 1809 nisi
347 1772 455 1810 vobis
475 1785 707 1824 persuasero
724 1779 766 1810 ut
779 1773 920 1811 talibus
937 1772 1087 1810 delictis
1102 1772 1258 1810 modurn
1272 1772 1441 1811 faciatis:
1464 1773 1512 1810 de
1526 1773 1582 1811 his
1597 1782 1726 1812 autem

257 1848 346 1885 quae
373 1836 421 1873 ab
450 1835 559 1873 initio
579 1835 728 1873 institui
749 1836 813 1873 ubi
833 1847 960 1886 pauca
984 1834 1211 1882 disseruero,
1231 1835 1359 1874 locum
1379 1834 1479 1873 dabo
1499 1836 1581 1874 aliis
1601 1837 1630 1874 si
1661 1837 1727 1888 qui

256 1904 446 1948 praeterea
461 1897 552 1936 dare
567 1897 771 1936 consilium
791 1896 935 1935 volent.

313 1961 378 1997 35.
409 1959 492 1997 Nos
515 1960 543 1998 si
565 1959 840 2010 rempublicam
862 1959 915 1996 ita
934 1971 1112 2009 geremus
1132 1965 1175 1996 ut
1195 1971 1300 1996 nunc
1320 1958 1376 2005 fit,
1405 1958 1514 1996 aliter
1538 1959 1618 1997 fieri
1647 1972 1724 1998 non

257 2020 402 2072 poterit
419 2021 512 2071 quin
531 2020 768 2059 consimilem
791 2020 840 2058 ad
862 2021 1022 2058 modum
1042 2027 1080 2058 et
1099 2020 1362 2058 consultemus
1388 2026 1428 2058 et
1451 2019 1726 2071 belligeremus

259 2089 298 2120 et
317 2083 489 2120 vivamus
509 2088 547 2120 et
567 2082 647 2120 fere
668 2082 796 2120 omnia
818 2089 898 2120 tum
919 2082 1086 2120 feramus
1103 2088 1183 2119 tum
1204 2081 1506 2132 faciamus,quae
1522 2089 1562 2120 et
1576 2082 1727 2134 imprae-

258 2143 382 2182 sentia
412 2150 451 2181 et
481 2143 570 2181 olim
603 2144 851 2181 acciderunt:
882 2143 939 2180 sin
968 2143 1244 2194 rempublicam
1279 2144 1566 2195 mutaverimus,
1588 2145 1724 2184 eadem

258 2204 406 2243 ratione
432 2213 734 2243 consentaneum
764 2212 836 2250 est,
869 2205 968 2242 tales
1000 2211 1149 2242 nostras
1179 2217 1334 2254 quoque
1364 2218 1424 2242 res
1456 2206 1549 2250 fore,
1588 2207 1725 2258 quales

258 2265 446 2317 majorum
473 2272 693 2304 nostrorum
724 2266 900 2310 fuerunt;
931 2279 978 2304 ex
1008 2265 1143 2304 eadem
1174 2265 1276 2303 enim
1306 2267 1548 2316 gubernandi
1576 2269 1725 2307 ratione

258 2326 431 2366 actiones
446 2327 561 2365 etiam
582 2339 735 2377 semper
751 2326 922 2377 aequales
950 2334 991 2364 et
1019 2326 1238 2364 consimiles
1258 2328 1444 2366 exsistere
1467 2342 1630 2368 necesse
1650 2339 1724 2370 est.

313 2389 379 2426 36.
407 2388 712 2426 Deliberandum
734 2388 862 2438 itaque
891 2388 1145 2426 maximarum
1175 2401 1301 2426 rerum
1327 2389 1577 2430 contentione
1602 2392 1723 2439 facta,

258 2457 355 2490 utrae
375 2451 488 2489 nobis
518 2450 595 2488 sint
624 2450 828 2501 eligendae.
886 2450 944 2489 Ac
975 2451 1139 2502 primurn
1166 2451 1378 2490 videndum
1412 2453 1611 2503 quomodo
1639 2461 1721 2493 tum

259 2513 388 2552 Graeci
407 2518 489 2551 tum
508 2511 659 2550 barbari
679 2524 772 2564 erga
796 2511 901 2550 illam
927 2511 1099 2564 politiam
1129 2512 1258 2552 affecti
1288 2514 1443 2559 fuerint,
1463 2522 1501 2553 et
1526 2516 1590 2566 qui
1619 2529 1722 2556 nunc

256 2575 410 2614 illorum
436 2574 553 2612 animi
578 2573 655 2612 sint
680 2587 773 2625 erga
792 2586 885 2612 nos:
915 2586 987 2612 nec
1008 2573 1108 2612 enim
1134 2574 1221 2614 haee
1244 2575 1323 2613 duo
1348 2575 1547 2614 hominum
1577 2591 1723 2629 genera

256 2636 454 2675 minimam
481 2643 632 2688 partem
660 2636 866 2675 conferunt
893 2635 943 2674 ad
974 2635 1212 2684 felicitatem,
1232 2636 1264 2675 si
1283 2637 1333 2675 de
1361 2637 1473 2676 nobis
1503 2638 1604 2677 bene
1632 2653 1721 2679 sen-

256 2697 390 2736 serint.

313 2760 382 2798 37.
411 2759 542 2797 Graeci
567 2760 683 2810 igitur
704 2760 758 2798 sic
784 2759 850 2798 illo
871 2766 1042 2812 tempore
1063 2759 1202 2798 nostris
1222 2760 1514 2811 magistratibus
1537 2763 1723 2813 fidebant,

256 2827 299 2858 ut
329 2833 463 2859 eorum
491 2821 644 2872 plurimi
674 2821 775 2860 ultro
804 2827 949 2861 nostrae
977 2821 1122 2860 civitati
1149 2835 1190 2860 se
1210 2822 1426 2861 traderent:
1457 2824 1609 2864 barbari
1628 2839 1721 2865 vero

257 2889 409 2922 tanturn
421 2884 584 2922 aberant
602 2889 647 2921 ut
665 2896 708 2922 se
722 2884 836 2923 rebus
854 2884 1081 2923 Graecorum
1096 2884 1369 2933 admiscerent,
1388 2892 1432 2925 ut
1446 2899 1574 2939 neque
1592 2888 1722 2941 longis

256 2944 420 2984 navibus
457 2944 513 2985 cis
549 2943 799 2985 Phaselidem
838 2945 1089 2995 accederent,
1125 2958 1252 2997 neque
1285 2959 1374 2987 cum
1414 2949 1587 2989 exercitu
1620 2951 1721 2991 intra
