1870 3277
278 179 353 215 396
947 178 1059 215 {SAEI

281 286 453 325 testetur,
474 281 588 317 fidem
608 293 758 318 omnem
781 280 918 317 tabulis
942 281 1158 318 testamenti
1181 281 1278 331 ejus,
1299 281 1402 331 quod
1433 293 1512 319 suae
1539 280 1624 318 fidei
1644 293 1724 317 cre-

279 341 398 377 ditum
420 341 500 378 vult
520 354 617 386 esse,
636 342 715 392 ipse
736 342 784 378 sit
797 341 1065 392 derogaturus.
1123 343 1171 379 At
1192 342 1433 381 nibilominus
1450 350 1573 380 tamen
1589 343 1665 380 cita
1683 349 1722 378 tu

279 402 366 439 mihi
401 402 632 448 Hieroclem,
658 416 734 453 quo
762 415 890 441 coram
923 403 995 442 hoc
1016 403 1188 454 judicum
1219 416 1406 441 consessu
1435 404 1514 441 sive
1548 405 1625 441 aiat
1655 414 1723 453 pro

279 465 497 503 testimonio
517 466 594 503 sive
610 466 760 514 juratus
781 464 966 503 infitietur
986 479 1115 504 eorum
1141 479 1227 515 quae
1247 479 1319 516 ego
1342 466 1400 504 aio
1422 479 1461 503 se
1482 478 1596 503 nosse
1617 464 1723 514 quic-

280 539 393 576 quam
416 539 542 564 verum
560 539 656 564 esse.

803 612 1202 650 TESTIMONIUM.

282 700 402 737 Probe
423 701 568 738 scilicet
589 713 735 744 noram,
754 700 918 751 judices.
939 700 991 737 ita
1011 713 1097 738 esse
1117 708 1340 738 eventurum
1363 708 1403 737 ut
1424 699 1559 738 evenit.
1618 698 1726 749 Ejus-

279 762 364 799 dem
386 762 483 799 enim
506 770 566 800 est
586 762 762 806 hominis,
779 769 816 798 ct
837 774 894 806 ca,
915 775 1002 811 quae
1023 775 1109 798 vere
1126 762 1225 799 facta
1246 762 1356 806 norit,
1370 762 1488 813 jurati
1507 759 1672 803 infitiari,
1687 765 1726 796 et

276 836 363 874 quae
383 823 486 861 facta
506 837 694 874 nusquam
710 824 798 867 sint,
821 822 868 860 ad
890 836 934 860 eu
950 823 1200 873 jurejurando
1220 823 1481 861 confirmanda
1499 821 1723 859 mendacem

275 884 443 935 linguam
466 885 598 923 offerre
628 885 730 921 haud
757 897 869 922 secus
891 897 934 921 ac
964 885 992 921 si
1014 898 1089 922 non
1114 884 1215 921 facta
1245 891 1348 922 certo
1378 885 1472 922 sciat
1493 884 1594 920 facta
1613 895 1721 919 esse:

275 945 390 982 alium
411 953 538 983 tamen
568 945 672 982 vobis
694 950 829 982 testem
859 945 1075 995 praestabo:
1107 944 1271 981 animam
1300 944 1451 995 agitans
1473 944 1725 994 Euthycrates

276 1019 405 1043 severe
435 1005 658 1043 necessariis
686 1005 891 1050 interdixit,
912 1018 958 1042 ne
979 1018 1091 1055 quem
1113 1018 1132 1042 e
1153 1005 1357 1056 Thudippo
1387 1012 1558 1042 natorum
1589 1005 1637 1042 ad
1664 1011 1724 1041 tu-

277 1066 419 1103 mulum
441 1079 554 1104 suum
584 1066 751 1104 sinerent
781 1066 986 1108 accedere;
1017 1066 1066 1103 de
1094 1079 1169 1115 quo
1190 1066 1296 1104 vobis
1325 1065 1527 1103 testabitur
1555 1065 1632 1112 ille,
1660 1064 1723 1115 qui

277 1128 398 1165 aviam
425 1127 618 1179 Astyphili
638 1129 674 1164 in
695 1127 935 1165 matrimonio
952 1127 1080 1165 habet.

797 1237 1199 1275 TESTIMONIUM.

279 1323 505 1375 Astypliilus
525 1324 654 1373 igitur,
680 1336 726 1360 ex
754 1336 831 1374 quo
857 1323 1018 1374 primum
1048 1323 1132 1361 haec
1164 1337 1210 1362 ex
1242 1324 1315 1362 hoc
1346 1324 1458 1375 [aviae
1477 1323 1627 1372 marito]
1654 1337 1722 1362 nec

275 1402 350 1426 non
372 1401 393 1425 e
412 1388 562 1437 reliquis
591 1388 813 1426 necessariis
841 1388 1057 1439 accepisset
1076 1389 1203 1425 statim
1225 1402 1247 1426 a
1266 1402 1398 1439 puero,
1427 1401 1540 1439 quam
1561 1389 1722 1439 primum

272 1462 405 1501 sapere
434 1449 564 1499 coepit,
594 1462 788 1499 nunquam
809 1450 924 1486 verba
952 1462 1040 1487 cum
1067 1450 1213 1488 Cleone
1241 1451 1502 1496 commutavit,
1532 1450 1600 1488 sed
1619 1451 1724 1501 prius

273 1524 386 1561 quam
404 1510 440 1547 id
463 1510 604 1548 faceret
625 1516 786 1549 mortem
808 1509 980 1560 oppetiit,
996 1511 1104 1548 nefas
1126 1511 1195 1548 sibi
1216 1511 1362 1549 ducens
1382 1512 1475 1557 fore,
1489 1512 1519 1549 si
1539 1524 1629 1549 cum
1644 1511 1722 1548 filio

269 1572 388 1624 pati-‚is
403 1571 484 1622 ejus
505 1571 800 1621 colloqueretur,
817 1573 882 1622 qui
897 1579 1004 1622 pater
1022 1579 1098 1610 tam
1114 1572 1317 1623 piacularis
1333 1573 1510 1611 facinoris
1526 1574 1561 1610 in
1577 1580 1723 1624 patrem

269 1647 381 1672 suum
401 1633 593 1671 commissi
614 1633 904 1671 insimularetur.
947 1633 1085 1672 Testes
1099 1647 1170 1685 ego
1190 1648 1292 1672 nunc
1309 1635 1416 1672 vobis
1437 1634 1625 1674 exhibebo
1641 1648 1722 1681 eos,

271 1695 336 1745 qui
366 1694 510 1732 conscii
540 1702 627 1731 sunt
658 1694 900 1745 Astyphilum
931 1696 1061 1745 quoad
1088 1696 1180 1733 vixit
1212 1696 1422 1735 simultates
1456 1710 1542 1734 cum
1578 1697 1723 1735 Cleone

269 1769 501 1795 exercuisse.

893 1833 1101 1871 TESTES.

325 1924 363 1960 7.
392 1920 510 1960 Porro
539 1927 841 1958 consentaneum
871 1925 967 1964 erat,
995 1918 1026 1956 si
1055 1918 1148 1969 quid
1179 1918 1264 1956 festi
1292 1918 1374 1957 dies
1403 1927 1619 1970 agerentur,
1647 1933 1724 1972 quo

270 1991 440 2034 tempore
461 1983 522 2021 alii
544 1981 798 2020 Athenienses
819 1981 915 2019 inter
943 1993 983 2018 se
1012 1980 1195 2030 congredi
1227 1986 1343 2031 atque
1362 1980 1556 2032 coepulari
1582 1981 1721 2026 solent,

271 2045 513 2096 Astypbilum
534 2056 686 2094 quoque
706 2043 787 2093 pari
814 2042 929 2080 modo
947 2055 1015 2093 per
1033 2041 1119 2079 illos
1147 2041 1228 2079 dies
1248 2041 1386 2092 quibus
1407 2041 1489 2093 ipse
1508 2041 1723 2088 interesset,

271 2107 419 2157 quoties
441 2119 578 2156 nempe
598 2106 637 2142 in
655 2105 747 2142 urbe
770 2110 900 2154 ageret
926 2116 1052 2154 neque
1073 2103 1110 2140 in
1132 2103 1266 2141 castris
1287 2110 1511 2148 versaretur,
1531 2103 1606 2141 alio
1635 2117 1722 2141 cum

270 2168 421 2206 nemine
442 2167 491 2205 ad
511 2167 600 2204 fana
616 2167 775 2204 deorum
797 2166 849 2203 ire
862 2178 977 2216 quam
993 2177 1081 2202 cum
1096 2165 1257 2210 Cleone,
1270 2165 1413 2215 quippe
1427 2166 1538 2214 cujus
1559 2165 1722 2215 primum

271 2228 513 2280 municipalis
533 2235 649 2274 esset,
671 2228 811 2266 deinde
824 2227 1093 2273 consobrinus,
1109 2231 1218 2276 cujus
1235 2228 1400 2278 denique
1415 2228 1533 2266 filium
1555 2228 1634 2278 ipse
1654 2228 1724 2266 sibi

268 2298 370 2328 esset
388 2292 654 2342 adoptaturus.
712 2290 854 2327 Verum
876 2302 1073 2340 nunquam
1093 2289 1197 2327 visus
1212 2295 1269 2327 est
1287 2289 1512 2341 Astyphilus
1535 2290 1725 2327 Cleonem-

270 2353 471 2391 comitatus
489 2352 527 2390 in
548 2352 691 2403 templa
709 2352 989 2389 communionis
1016 2364 1108 2402 ergo
1129 2363 1337 2397 sacrorum,
1366 2363 1444 2401 qua
1462 2350 1508 2389 de
1534 2364 1574 2389 re
1599 2347 1724 2388 muni-

269 2414 448 2466 cipalium
469 2413 689 2452 testimonia
709 2412 773 2450 hic
793 2412 921 2450 scriba
939 2412 1047 2450 vobis
1068 2412 1267 2463 praeleget.

793 2528 1197 2567 TESTIMONIUM.

325 2612 360 2647 8.
392 2611 622 2660 Quanquam
642 2608 757 2659 igitur
775 2608 830 2645 ita
847 2619 940 2657 erga
958 2619 1001 2644 se
1021 2613 1154 2644 mutuo
1174 2608 1331 2646 animati
1349 2613 1478 2645 essent
1496 2607 1720 2658 Astyphilus

270 2678 386 2721 atque
401 2669 719 2721 Cleon‚postulat
733 2669 855 2707 Cleon
871 2675 999 2706 tamen
1015 2668 1259 2706 nihilominus
1273 2668 1391 2706 filium
1407 2681 1519 2706 suum
1529 2668 1724 2721 Astyphili

269 2731 373 2769 bona
384 2733 524 2770 habere
537 2738 651 2782 atque
670 2738 813 2769 tenere.
870 2730 1101 2780 Quanquam
1118 2730 1303 2767 Cleonem
1319 2742 1618 2768 commemorare
1631 2730 1723 2781 quid

271 2793 433 2831 attinet?
462 2794 551 2844 Ipse
572 2793 786 2838 Hierocles,
799 2791 951 2830 tametsi
967 2803 1075 2829 meus
1086 2798 1144 2829 est
1159 2791 1385 2837 avunculus,
1397 2790 1723 2842 quemadmodum

272 2855 461 2905 Astyphili
481 2868 634 2907 quoque
653 2855 737 2900 fuit,
759 2862 836 2893 tam
857 2854 1040 2892 furiosum
1061 2859 1188 2891 tamen
1209 2853 1246 2890 in
1267 2853 1421 2891 modum
1444 2854 1570 2892 audax
1588 2860 1659 2900 est,
1679 2861 1721 2892 ut

272 2924 545 2954 testamentum
572 2929 768 2971 nunquam
789 2915 976 2966 scriptum
1002 2915 1080 2953 aiat
1106 2915 1153 2952 ab
1174 2915 1376 2966 Astyphilo
1397 2928 1516 2966 penes
1544 2929 1585 2954 se
1603 2915 1721 2967 depo·
