1870 3277
530 191 601 228 DE
633 191 837 230 PYRRHI
868 190 1229 229 HEREDITATE.
1523 190 1596 226 331

682 321 1083 362 TESTIMONIUM.

157 394 295 433 Recita
314 394 419 445 leges
438 407 604 446 quoque.

781 467 969 506 LEGES.

155 548 261 598 Cape
277 549 357 598 jam
378 548 450 586 hoc
468 548 581 600 hujus
600 560 749 599 quoque
770 543 1009 597 [Nicodemi]
1029 540 1288 580 testimonium
1307 541 1400 590 [quo
1419 539 1482 576 ille
1503 552 1594 577 con-

154 610 328 655 firmavit,
356 624 378 648 a
402 623 441 648 se
469 623 636 648 sororem
663 621 786 652 suam,
811 607 926 657 hujus
955 604 1121 642 mulieris
1149 609 1322 646 matrem,
1354 601 1498 652 Pyrrho
1526 613 1594 651 pro

154 670 325 722 legitima
344 683 458 709 uxore
477 671 596 709 fuisse
616 669 835 718 elocatam].

674 759 1076 801 TESTIMONIUM.

152 842 356 886 Quomodo
384 842 465 893 jam
498 841 598 894 quis,
635 841 786 880 actione
821 839 868 877 de
906 837 1002 875 falso
1035 836 1136 874 dicto
1170 834 1391 873 testimonio
1430 833 1596 883 aliquem

152 916 400 954 persequenS,
422 903 627 942 dilucidius
652 910 688 941 et
713 901 926 940 evidentius
951 911 1057 937 reum
1077 903 1226 949 arguat,
1246 909 1362 947 quam
1382 895 1412 933 si
1431 895 1538 932 illum
1558 901 1596 932 et

151 977 198 1001 ex
216 964 309 1014 ipsis
328 964 441 1001 rebus
462 964 580 1014 gestis
600 970 638 1001 et
656 976 705 1000 ex
727 962 904 1000 universo
923 967 1048 997 vestro
1070 957 1155 1009 jure
1174 957 1275 995 civili
1296 956 1482 994 mendacii
1503 968 1595 993 con—

150 1024 291 1069 vincat,
316 1032 358 1062 ut
378 1037 451 1075 ego
470 1038 574 1062 nunc
594 1023 849 1062 Nicodemum
870 1019 1042 1060 convici?

205 1087 243 1123 9.
276 1086 487 1123 Exsecutus
507 1085 633 1135 itaque
654 1084 819 1122 dicendo
846 1095 933 1121 cum
952 1083 1032 1133 jam
1061 1081 1129 1117 sim
1156 1092 1287 1117 eorum
1305 1079 1488 1129 pleraque
1508 1090 1594 1127 quae

151 1145 198 1183 de
227 1146 441 1185 Nicodemo
471 1153 509 1184 et
534 1147 717 1183 adversus
751 1158 837 1183 eum
868 1144 1070 1185 habebam,
1087 1140 1299 1178 Xenoclem
1328 1152 1478 1190 quoque
1507 1151 1594 1188 spe-

150 1214 267 1254 ctate,
283 1221 428 1258 quaeso,
444 1208 614 1259 judices,
632 1207 737 1244 illum
757 1219 875 1257 penes
891 1218 1005 1255 quem
1025 1217 1070 1241 ea
1089 1202 1224 1240 mulier
1243 1209 1314 1247 est,
1329 1214 1415 1251 quae
1432 1213 1451 1238 e
1467 1212 1595 1237 sorore

153 1269 355 1308 Nicodemi
375 1277 464 1307 nata
486 1269 621 1319 Pyrrhi
648 1282 689 1306 se
718 1268 833 1306 filiam
859 1268 943 1312 fert,
969 1279 1061 1303 num
1087 1278 1131 1302 ex
1158 1264 1224 1301 illo
1245 1275 1400 1314 quoque
1422 1261 1596 1299 Xenocle

149 1329 375 1368 indiciorum
405 1330 578 1368 nonnihil
609 1330 815 1375 elucescat,
847 1329 950 1366 unde
980 1333 1131 1365 constet
1156 1325 1303 1363 dictum
1334 1337 1356 1362 a
1383 1323 1597 1361 Nicodemo

149 1391 409 1430 testimonium
440 1392 582 1429 falsum
616 1398 732 1442 atque
764 1391 986 1428 ementitum
1022 1389 1150 1427 fuisse.
1222 1387 1435 1424 Xenoclem
1469 1387 1597 1436 itaque

149 1453 250 1490 hunc
271 1453 401 1490 sivisse
421 1453 534 1498 hanc,
553 1466 668 1503 quam
695 1466 797 1490 nunc
824 1464 981 1489 uxorem
1002 1450 1103 1488 domi
1132 1449 1261 1495 habet,
1289 1461 1356 1497 pro
1376 1447 1506 1498 spuria
1525 1448 1598 1485 sibi

150 1515 376 1566 desponderi
396 1529 553 1567 eamque
581 1529 648 1567 pro
674 1515 741 1553 tali
771 1514 1049 1564 manucepisse‚
1075 1513 1231 1564 planum
1259 1511 1295 1548 id
1317 1511 1424 1549 vobis
1452 1511 1596 1548 factum

150 1584 212 1615 est
243 1583 281 1614 et
314 1590 378 1627 per
410 1584 636 1627 argumenta
670 1584 709 1614 et
739 1589 808 1627 per
841 1575 1100 1613 testimonium
1132 1573 1184 1621 id,
1214 1573 1324 1623 cujus
1357 1572 1405 1609 de
1436 1571 1596 1609 veritate

151 1639 341 1677 Xenocles
362 1639 443 1690 ipse
463 1653 528 1690 per
547 1647 699 1690 tempus
724 1637 827 1675 haud
859 1637 1052 1674 modicum
1078 1636 1192 1672 rebus
1220 1634 1309 1685 ipsis
1339 1639 1502 1671 testatus
1524 1639 1596 1669 est.

151 1700 265 1739 Paret
293 1702 407 1746 enim,
440 1701 511 1738 nisi
539 1700 731 1739 Xenocles
762 1712 920 1736 uxorem
951 1697 1020 1735 sibi
1047 1704 1090 1734 ut
1117 1697 1283 1747 spuriam
1309 1695 1356 1731 ab
1377 1694 1500 1732 Endio
1529 1694 1597 1731 de-

150 1763 329 1813 sponderi
357 1770 393 1801 et
421 1762 460 1799 in
485 1776 619 1800 manus
651 1761 748 1799 tradi
776 1760 939 1804 sivisset,
967 1772 1122 1810 operam
1150 1771 1237 1795 eum
1260 1757 1380 1794 fuisse
1403 1756 1596 1800 daturum,

150 1824 352 1875 superstite
371 1823 498 1862 adhuc
521 1824 659 1870 Endio,
679 1836 766 1861 cum
786 1822 892 1859 liberi
921 1821 954 1858 ei
976 1821 1058 1871 jam
1079 1826 1208 1857 essent
1227 1831 1272 1856 ex
1294 1818 1360 1855 illa
1379 1830 1494 1855 uxore
1518 1829 1598 1853 sus-

149 1886 251 1936 cepti
289 1892 365 1923 tam
394 1885 472 1936 jam
504 1884 637 1930 adulti,
669 1890 712 1921 ut
748 1882 1046 1922 controversiam
1082 1880 1208 1917 Endio
1245 1879 1371 1917 adhuc
1403 1877 1597 1928 superstiti

149 1954 316 1984 moveret
335 1946 382 1983 de
402 1946 479 1983 filia
498 1946 669 1996 legitima
697 1952 738 1982 ut
765 1945 847 1982 sola
867 1943 1007 1980 herede
1028 1944 1215 1979 bonorum
1235 1940 1364 1991 patris,
1385 1938 1595 1989 praesertim

149 2007 215 2057 qui
235 2015 389 2057 paratus
412 2014 515 2045 esset
534 2008 647 2045 Endii
674 2006 957 2057 adoptationem
979 2018 1001 2042 a
1020 2004 1170 2055 Pyrrho
1191 2016 1359 2053 unquam
1381 2003 1520 2039 factam
1541 2001 1598 2038 in-

151 2068 280 2106 fitiari:
310 2069 457 2119 utique,
476 2082 553 2119 quo
573 2082 655 2106 eam
676 2069 913 2112 infitiaretur,
939 2065 1203 2117 exceptionem
1225 2064 1400 2101 falsitatis
1421 2063 1600 2114 opposuit

150 2132 312 2169 testibus
341 2131 413 2177 his,
438 2131 500 2182 qui
528 2132 657 2169 testati
682 2131 834 2168 fuerant
861 2142 902 2167 se
928 2128 1143 2166 interfuisse
1169 2140 1256 2164 cum
1285 2126 1453 2177 Pyrrhus
1481 2132 1599 2162 testa-

151 2202 320 2232 mentum
342 2194 538 2233 conderet.
593 2194 691 2236 Quae
710 2199 753 2230 ut
772 2192 878 2230 vobis
907 2197 1054 2229 constet
1081 2202 1103 2226 a
1129 2201 1189 2225 me
1210 2200 1296 2225 vera
1317 2187 1404 2231 dici,
1426 2186 1601 2224 recitabit

152 2257 276 2294 scriba
304 2257 411 2294 vobis
445 2254 704 2293 testimonium
739 2255 785 2291 ab
821 2253 863 2290 iis
898 2265 995 2302 quos
1031 2251 1116 2288 dico
1155 2249 1317 2286 testibus
1354 2247 1598 2299 perhibitum.

155 2316 291 2354 Recita
310 2317 415 2368 ipsis.

672 2419 1079 2458 TESTIMONIUM.

156 2501 277 2552 Atqui
303 2500 416 2539 etiam
445 2513 493 2537 ex
521 2500 596 2538 hoc
616 2499 721 2550 quod
741 2511 842 2536 nunc
863 2497 988 2535 dicam
1016 2504 1123 2549 paret
1150 2497 1220 2533 hos
1249 2493 1492 2544 [Xenoclem,
1518 2493 1600 2543 ejus

155 2576 329 2609 uxorem,
365 2562 636 2607 Nicodemum,
667 2575 755 2600 cum
790 2573 916 2598 sorore
945 2566 984 2597 et
1013 2556 1274 2605 consortibus]
1306 2556 1428 2599 fateri,
1460 2555 1601 2592 factam

154 2625 285 2674 utique
308 2625 424 2661 fuisse
448 2623 560 2661 Endii
581 2637 603 2660 a
624 2622 768 2674 Pyrrho
785 2621 1086 2671 adoptationem.
1145 2619 1245 2656 Nam
1267 2617 1359 2655 alias
1384 2629 1459 2654 non
1480 2623 1605 2653 trans-

158 2684 276 2722 issent
291 2684 397 2734 [h·,e·
418 2685 587 2734 quietum
617 2684 690 2720 frui
720 2682 960 2734 possessione
981 2680 1195 2730 patrimonii
1218 2677 1412 2725 sivissent]
1433 2690 1517 2714 eum
1539 2676 1605 2726 qui

156 2753 370 2796 postremus
398 2746 505 2784 heres
531 2745 745 2796 patrimonii
772 2744 856 2787 fuit,
885 2754 1007 2790 neque
1035 2755 1136 2779 nunc
1156 2742 1311 2779 demum
1336 2738 1540 2789 coepissent
1567 2738 1605 2774 in

157 2807 325 2845 animum
354 2806 534 2845 inducere
562 2820 628 2858 pro
656 2807 826 2849 muliere,
856 2811 1045 2854 praetensa
1075 2803 1209 2854 Pyrrhi
1238 2802 1326 2845 filia,
1354 2799 1605 2837 hereditatem

160 2867 295 2919 Pyrrhi
317 2867 351 2904 in
368 2870 451 2914 jure
473 2868 678 2918 petendam
699 2868 768 2905 sibi
790 2878 889 2903 esse.
935 2863 1027 2901 Plus
1048 2865 1146 2901 enim
1168 2875 1283 2914 quarn
1304 2862 1434 2912 viginti
1456 2861 1543 2898 anni
1561 2860 1607 2897 ab

159 2941 319 2966 excessu
356 2928 491 2979 Pyrrhi
526 2929 711 2973 exierunt,
752 2927 900 2964 Endius
934 2932 1062 2963 autem
1098 2938 1197 2963 anno
1238 2923 1422 2975 superiori
1456 2923 1608 2960 demum
