1870 3277
265 180 338 216 308
934 179 1052 217 ISAEI

317 282 356 316 4.
389 280 552 317 Primum
582 280 710 332 itaque
739 288 857 319 testes
885 295 1011 322 coram
1040 284 1147 321 vobis
1175 283 1395 334 producam,
1421 284 1708 321 confirmaturos

265 341 516 391 Cleonymum
546 344 637 382 illud
665 351 934 381 testamentum
964 359 1038 383 non
1065 359 1110 384 ex
1135 345 1345 383 offensione
1365 358 1385 382 a
1408 345 1516 382 uobis
1538 353 1711 394 accepta,

265 402 330 439 sed
362 406 464 454 quod
497 418 582 441 cum
616 406 730 442 Dinia
767 405 994 444 simultatem
1033 407 1254 458 bellumque
1293 414 1451 455 gerent,
1482 406 1709 455 scripsisse:

265 465 403 504 deinde
437 467 549 505 Dinia
579 477 729 505 mortuo
759 468 1013 520 Cleonymum
1045 483 1101 508 res
1130 478 1277 507 nostras
1306 481 1437 506 omnes
1476 480 1713 518 procurasse,

264 527 444 578 ipsosque
466 543 533 567 uos
554 543 659 567 suam
684 531 717 566 iu
741 531 895 567 domum
922 544 942 568 e
970 531 1083 569 domo
1113 532 1238 568 Diniae
1267 530 1470 567 translatos
1499 529 1710 569 educasse:

265 598 458 639 postremo
483 592 598 641 quod,
620 605 704 629 cum
734 592 970 643 Cleonymus
1003 593 1249 644 Posidippum
1281 593 1327 630 ad
1359 600 1595 641 astynomum
1626 592 1711 640 [seu

265 651 434 701 aedilem]
465 653 673 702 allegasset
700 654 782 704 ejus
812 656 1029 692 arcessendi
1057 669 1186 698 causa,
1212 655 1439 703 posidippus
1465 653 1614 689 aedilem
1639 664 1711 688 non

267 713 380 750 modo
411 715 460 750 nil
491 715 680 752 curaverit
707 728 914 760 arcessere,
936 717 1002 754 sed
1034 717 1133 754 ultro
1153 730 1307 767 quoque
1335 716 1380 752 ad
1403 714 1539 752 ostium
1559 713 1711 750 venien-

265 782 341 811 tem
363 775 618 814 Archonidem
648 777 830 827 rejecerit.
887 778 1021 816 Testes
1040 779 1128 816 cita.

884 872 1096 910 TESTES.

269 953 460 993 Praeterea
479 970 632 1006 quoque
655 967 694 994 ut
715 958 846 994 horum
874 959 1089 1010 [Posidippi
1116 969 1156 997 et
1180 959 1342 1007 Dioclis]
1368 960 1478 996 amici
1508 966 1546 995 et
1573 958 1714 1008 Cephi-

267 1015 406 1052 sandcr
427 1030 578 1066 aequum
600 1026 833 1055 censuerunt
853 1019 1104 1058 hereditatem
1124 1020 1240 1057 dividi
1260 1028 1299 1057 et
1318 1033 1385 1057 uos
1407 1022 1483 1070 [mc
1504 1019 1715 1068 fratresque

268 1078 391 1126 ineos]
412 1080 558 1116 terti-<uu
585 1081 771 1118 universae
793 1082 1018 1119 substantiae
1039 1090 1185 1133 partem
1207 1096 1229 1120 a
1246 1083 1460 1132 Cleonymo
1481 1080 1618 1118 relicta}
1638 1079 1717 1117 adi-

266 1139 373 1190 pisci,
395 1141 508 1177 etiam
531 1141 642 1192 liujus
663 1142 711 1179 rei
733 1144 807 1180 cita
826 1150 959 1181 testes.

883 1239 1095 1280 TESTES.

319 1324 356 1359 5.
385 1323 471 1360 Jam
494 1324 670 1362 existimo
687 1325 881 1376 equidem,
895 1326 1062 1377 judices,
1076 1326 1293 1377 quicunque
1311 1339 1424 1377 super
1441 1326 1714 1364 hereditatibus

265 1385 513 1429 contendant,
534 1387 596 1423 ubi
618 1386 773 1438 planum
794 1387 832 1425 id
852 1396 1107 1438 testatumque
1129 1389 1288 1426 fecerint
1306 1401 1388 1425 sese
1408 1387 1612 1426 defunctos
1632 1401 1718 1440 pro-

267 1447 367 1484 xima
386 1447 582 1497 sanguinis
602 1448 884 1486 necessitudine
903 1451 1125 1500 contingere
1147 1449 1436 1499 arctissimaque
1462 1449 1717 1488 familiaritate

267 1521 355 1546 cum
383 1508 427 1545 iis
457 1508 584 1546 adhuc
623 1510 892 1560 superstitibus
931 1511 1045 1548 fuisse
1081 1513 1322 1560 conjunctos,
1351 1511 1503 1562 reliquis
1539 1512 1716 1549 omnibus

266 1571 658 1620 argumentationibus
678 1579 719 1608 ut
736 1573 1035 1622 supervacaneis
1052 1573 1300 1622 supersedere
1318 1585 1455 1623 posse;
1483 1573 1571 1621 quia
1586 1580 1714 1611 tamen

267 1630 303 1668 hi
333 1631 537 1669 adversarii
568 1633 699 1677 nostri,
729 1633 879 1670 tametsi
912 1641 1086 1671 neutrum
1126 1633 1261 1670 horum
1297 1646 1374 1683 prae
1405 1647 1445 1671 se
1474 1634 1571 1671 ferre
1601 1642 1716 1685 atque

266 1692 406 1730 docere
436 1692 593 1742 possint,
623 1693 868 1730 nihilominus
898 1700 1026 1730 tamen
1057 1694 1181 1731 aliena
1209 1695 1308 1731 bona
1336 1707 1496 1745 quorum
1526 1695 1617 1745 ipsis
1648 1696 1714 1746 jus

266 1754 413 1791 nullum
443 1761 502 1791 est
529 1754 577 1791 ad
608 1768 648 1792 se
678 1755 882 1793 adhamare
919 1763 1108 1793 conantur
1144 1757 1331 1805 armisque
1369 1756 1641 1794 calumniarum
1679 1766 1718 1796 et

264 1816 551 1853 cavillationum
582 1829 659 1853 rem
687 1825 838 1867 gerunt,
860 1817 972 1854 etiam
1000 1817 1083 1854 haec
1110 1831 1215 1854 arma
1239 1817 1331 1866 ipsis
1357 1817 1500 1867 eripere
1520 1818 1716 1869 verbisque

266 1877 502 1915 brevissimis
532 1877 735 1915 retundere
764 1878 890 1928 juvat.
955 1878 1136 1915 Fatentes
1165 1878 1280 1927 igitur
1317 1878 1468 1916 aedilem
1497 1892 1520 1916 a
1549 1880 1717 1932 Cleony-

268 1953 331 1976 mo
359 1940 582 1977 arcessitum
610 1953 710 1985 esse,
737 1948 945 1978 causantur
972 1941 1006 1978 id
1035 1953 1080 1977 eo
1107 1940 1240 1978 fecisse
1262 1940 1514 1991 Cleonymum
1537 1948 1580 1978 ut
1599 1949 1716 1980 testa-

269 2010 436 2039 mentum
467 2002 561 2039 illud
593 2015 670 2052 quo
697 2002 830 2052 scripti
858 2002 1018 2040 heredes
1038 2002 1109 2053 ipsi
1128 2011 1257 2039 essent
1278 2015 1351 2038 non
1373 2002 1625 2048 rescinderet,
1647 2005 1716 2043 sed

268 2065 476 2114 corrigeret
491 2065 818 2114 donationemque
835 2065 905 2103 sibi
918 2065 1110 2103 decretam
1129 2065 1380 2102 confirmaret.
1440 2065 1523 2116 Ego
1544 2079 1632 2105 vero
1651 2081 1719 2107 vos

269 2135 456 2177 reputare,
470 2126 635 2174 judices,
650 2127 849 2164 vobiscum
870 2128 960 2178 ipsis
980 2127 1091 2165 velim
1116 2136 1227 2177 atque
1248 2127 1431 2173 arbitrari,
1453 2135 1577 2165 utrum
1598 2130 1720 2167 credi-

267 2187 383 2225 bilius
404 2187 453 2224 sit
474 2188 746 2239 Cleonymum,
770 2202 848 2239 quo
870 2198 1038 2239 tempore
1059 2202 1130 2226 nos
1156 2189 1312 2226 caritate
1339 2202 1489 2227 summa
1512 2203 1720 2242 proseque-

269 2257 383 2294 retur,
404 2263 450 2287 eo
469 2250 636 2288 voluisse
657 2258 926 2289 testamentum
947 2265 1014 2303 per
1039 2251 1271 2288 iracundiam
1291 2251 1329 2288 in
1350 2251 1525 2289 fraudem
1550 2260 1718 2291 nostram

269 2312 451 2362 scriptum
481 2311 713 2356 rescindere,
743 2326 789 2350 an
821 2313 858 2350 id
887 2314 1013 2364 egisse
1039 2325 1114 2363 quo
1143 2326 1212 2350 nos
1243 2313 1350 2350 bonis
1378 2314 1455 2350 suis
1481 2313 1555 2351 hoc
1580 2306 1733 2354 certius'

271 2384 384 2427 atque
412 2376 709 2426 irrefragabilius
747 2377 922 2427 privaret.
988 2377 1138 2427 Reliqui
1172 2376 1323 2427 quidem
1358 2377 1543 2424 homines,
1575 2378 1605 2415 si
1646 2392 1721 2429 qua

268 2439 305 2476 in
338 2452 375 2476 re
407 2438 640 2476 necessarios
668 2451 735 2488 per
763 2438 995 2476 iracundiam
1023 2438 1202 2482 laeserint,
1223 2439 1449 2489 poenitentia
1474 2440 1720 2489 postmodum

271 2501 374 2538 ducti
403 2502 567 2538 errorem
596 2499 804 2537 emendant
832 2507 946 2549 atque
976 2507 1063 2536 acta
1091 2500 1164 2550 ipsi
1194 2513 1263 2537 sua
1300 2500 1525 2550 antiquant:
1567 2500 1602 2538 hi
1633 2514 1720 2538 vero

272 2563 525 2613 Cleonymum
551 2561 670 2606 aiunt,
689 2574 765 2611 quo
790 2568 961 2612 tempore
990 2561 1117 2598 studio
1144 2574 1213 2599 nos
1238 2563 1542 2612 prosequabatur
1571 2562 1720 2600 calidis-

272 2624 382 2668 simo,
413 2637 459 2660 eo
489 2623 573 2673 ipso
601 2629 875 2660 testamentum
912 2623 988 2659 isse
1024 2622 1289 2660 confirmatum
1323 2635 1392 2673 per
1418 2622 1653 2661 iracundiam
1682 2625 1718 2661 in

273 2686 455 2722 damnum
485 2691 655 2721 nostrum
684 2684 880 2734 scriptum.
937 2683 1050 2727 Quod
1077 2685 1199 2733 ipsum
1228 2683 1374 2721 etiamsi
1404 2696 1472 2720 nos
1499 2683 1721 2735 largiremur

274 2759 403 2783 verum
431 2748 516 2783 esSe
545 2753 583 2782 et
609 2758 674 2782 vos
699 2758 853 2796 quoque
882 2745 1083 2782 crederetis
1109 2744 1166 2782 his
1187 2744 1387 2787 aientibus,
1407 2758 1473 2782 vos
1495 2754 1622 2783 tamen
1642 2760 1720 2785 una

273 2807 313 2845 id
337 2820 488 2858 quoque
513 2815 688 2858 reputare
713 2814 918 2857 oporteret,
939 2806 1010 2844 hos
1035 2806 1073 2843 id
1093 2806 1286 2857 jactantes
1307 2806 1556 2856 Cleonymum
1584 2808 1719 2844 summi

274 2868 339 2919 qui
364 2869 521 2918 cogitari
547 2877 674 2918 potest
697 2869 835 2905 furoris
857 2868 1087 2905 insimulare.
1146 2868 1288 2918 Ecquis
1308 2868 1404 2904 enim
1426 2867 1544 2918 major
1562 2876 1601 2905 et
1619 2877 1721 2907 atro-

275 2931 353 2969 cior
372 2943 454 2968 esse
475 2931 594 2980 possit
613 2931 716 2967 furor
736 2943 866 2981 quam,
885 2930 913 2967 si
934 2937 1011 2967 tum
1033 2929 1200 2979 quidem,
1221 2943 1297 2979 quo
1319 2937 1487 2980 tempore
1509 2931 1720 2969 simultates
