1870 3277
232 158 283 193 40
816 153 1105 194 ISOCRATIS

232 258 408 310 pendunt
429 263 467 294 et
487 268 596 294 arces
619 267 710 295 suas
732 257 779 294 ab
799 256 977 295 hostibus
998 263 1209 307 occupatas
1227 255 1370 300 vident,
1388 255 1456 293 sed
1480 261 1620 306 praeter
1636 267 1705 304 pu-

232 320 353 357 blicas
374 318 613 357 calamitates
634 318 712 357 suis
740 318 856 356 etiam
879 318 1105 369 corporibus
1125 331 1240 368 quam
1264 317 1367 368 apud
1390 330 1457 355 nos
1478 329 1552 354 aere
1572 322 1704 366 empta

233 382 426 433 mancipia
444 381 612 419 tolerant
633 381 841 419 atrociora:
873 387 1046 418 nostrum
1068 382 1169 418 enirn
1191 393 1304 418 nemo
1335 379 1501 417 famulos
1532 391 1623 416 suos
1651 378 1704 415 ita

233 443 421 494 flagellat,
444 449 485 480 ut
513 443 548 480 in
578 442 754 480 homines
776 443 967 492 ingenuos
989 443 1040 479 illi
1062 442 1386 480 animadvertunt.
1448 440 1549 477 lllud
1571 447 1702 476 autem

233 517 425 544 summum
447 504 589 542 malum
611 511 682 550 est,
703 517 823 554 quum
845 503 893 540 ad
916 503 1016 542 hanc
1036 504 1157 555 ipsam
1179 503 1402 541 servitutem
1432 501 1703 540 stabiliendam

233 582 313 606 una
333 567 508 611 militare,
530 574 567 604 et
586 574 722 604 contra
741 579 809 604 eos
830 579 936 603 arma
963 566 1059 604 ferre
1078 572 1272 617 coguntur
1289 578 1311 602 a
1330 565 1469 615 quibus
1490 563 1527 600 in
1549 563 1704 600 liberta-

233 638 310 669 tem
331 638 570 674 asseruntur,
589 642 709 679 eaque
731 629 903 680 pericula
923 629 1063 674 subire,
1084 630 1121 666 in
1143 629 1281 680 quibus
1302 636 1340 666 et
1357 628 1388 665 si
1409 628 1613 665 vincantur
1629 632 1706 663 sta-

233 693 300 729 tim
321 692 398 729 sint
418 690 590 741 perituri,
609 697 649 727 et
668 690 697 728 si
718 690 877 728 vicerint
898 691 1032 728 durius
1053 690 1090 727 in
1110 699 1309 742 posterum
1331 688 1518 727 servituri.

290 757 355 793 35.
387 756 486 798 Quae
507 754 646 804 quibus
667 753 896 804 imputanda
928 760 1019 792 sunt
1043 754 1116 792 nisi
1145 751 1474 792 Lacedaemoniis?
1504 751 1569 802 qui
1600 757 1709 788 tanta

234 817 387 868 praediti
405 816 577 867 potentia
597 829 672 853 non
693 823 898 853 moventur
921 816 1112 854 sociorum
1131 815 1280 853 dudum
1300 827 1454 852 suorum
1475 812 1706 851 calamitati-

234 881 321 925 bus,
343 878 649 928 Graecorumque
671 877 815 914 viribus
838 877 1039 928 imperium
1067 890 1179 914 suum
1207 877 1357 914 firmare
1379 876 1586 913 barbarum
1608 874 1708 924 pati-

236 947 367 978 untur.
425 939 483 976 Ac
510 939 599 976 olim
631 938 789 989 quidem
822 938 875 976 illi
907 947 945 976 et
975 946 1159 990 tyrannos
1186 937 1390 988 ejiciebant
1421 943 1461 974 et
1491 935 1707 973 libertatem

235 1000 515 1046 defendebant,
534 1013 636 1037 nunc
657 1008 785 1037 autem
800 1012 924 1050 usque
947 1000 1047 1038 adeo
1069 1000 1205 1037 mutati
1221 1005 1324 1044 sunt,
1345 1005 1388 1035 ut
1408 1011 1496 1036 curn
1519 997 1709 1047 rebuspu-

235 1061 348 1100 blicis
363 1061 466 1099 bella
483 1068 636 1111 gerant,
652 1061 880 1099 monarchiis
896 1061 1180 1099 constituendis
1200 1060 1275 1097 sint
1294 1059 1502 1107 adjutores.
1562 1057 1708 1095 Manti-

237 1124 416 1162 nensium
447 1130 551 1161 certe
578 1124 710 1159 urbem
742 1135 838 1172 pace
862 1123 944 1172 jam
969 1122 1076 1160 facta
1102 1127 1334 1165 everterunt,
1364 1119 1578 1157 Cadmeam
1605 1119 1708 1155 The-

236 1187 425 1224 banorum
446 1192 701 1235 occuparunt,
722 1184 835 1221 etiam
866 1184 1076 1235 Olynthios
1107 1189 1147 1220 et
1177 1181 1366 1220 Phliasios
1400 1180 1503 1218 bello
1533 1180 1710 1230 cingunt,

239 1249 427 1299 Amyntae
448 1253 579 1284 autem
610 1246 874 1283 Macedonum
908 1246 987 1296 regi
1015 1254 1052 1283 et
1083 1245 1274 1296 Dionysio
1307 1242 1448 1282 Siciliae
1478 1250 1643 1293 tyranno
1672 1249 1713 1279 et

236 1310 401 1349 barbaro
422 1308 527 1346 Asiae
547 1307 762 1346 dominanti
783 1314 927 1346 navant
946 1320 1120 1358 operam,
1142 1313 1184 1343 ut
1211 1306 1265 1343 illi
1296 1318 1412 1356 quam
1444 1304 1611 1342 maxima
1640 1304 1711 1341 im-

238 1371 344 1423 peria
363 1375 667 1420 consequantur.
736 1368 841 1412 Quid
865 1381 955 1406 vero
975 1367 1181 1406 absurdius
1201 1373 1259 1404 est
1278 1379 1394 1417 quarn
1416 1364 1583 1402 Graeciae
1614 1377 1711 1414 prae-

240 1434 344 1473 sides
364 1432 432 1469 uni
451 1432 532 1469 viro
551 1438 610 1469 tot
630 1430 844 1475 hominum,
864 1443 1028 1480 quorum
1051 1429 1143 1466 inire
1164 1441 1368 1466 numerum
1387 1426 1492 1464 haud
1514 1425 1628 1463 facile
1649 1425 1712 1471 sit,

238 1495 391 1534 tradere
413 1493 668 1538 dominatum,
688 1492 876 1530 maximas
896 1499 1027 1530 autem
1046 1492 1162 1529 urbes
1182 1503 1232 1528 ne
1254 1490 1313 1528 sui
1332 1489 1490 1539 quidem
1511 1488 1605 1537 juris
1625 1501 1712 1526 esse

239 1558 333 1609 pati,
355 1556 423 1593 sed
443 1555 503 1592 vel
521 1568 660 1604 cogere
677 1554 818 1592 servire
837 1554 896 1592 vel
918 1554 1094 1591 maximis
1111 1553 1266 1590 afficere
1282 1549 1484 1590 cladibus?
1513 1550 1600 1588 Jam
1618 1549 1713 1587 illud

241 1618 414 1657 omnium
435 1616 724 1654 acerbissimum
746 1622 806 1653 est
825 1628 906 1660 eos,
926 1615 991 1665 qui
1010 1614 1269 1665 principatum
1290 1612 1362 1650 sibi
1383 1611 1607 1657 vendicant,
1627 1618 1713 1649 tan-

241 1690 325 1720 tum
343 1693 419 1718 non
442 1679 605 1730 singulis
626 1679 762 1717 diebus
785 1677 891 1717 bella
910 1678 1050 1716 inferre
1078 1677 1242 1724 Graecis,
1263 1690 1351 1715 cum
1382 1675 1552 1714 barbaris
1583 1682 1716 1713 autem

240 1750 426 1782 aeternam
446 1741 671 1779 societatem
696 1740 849 1779 coiisse.

298 1805 361 1841 36.
393 1801 534 1852 Neque
554 1815 643 1840 vero
664 1815 723 1839 me
742 1801 948 1852 quisquam
969 1801 1106 1838 iratum
1128 1806 1252 1850 putet,
1267 1798 1369 1849 quod
1386 1797 1560 1849 asperius
1576 1797 1714 1835 horum

241 1864 316 1903 feci
336 1863 583 1908 mentionem,
600 1862 707 1900 initio
728 1863 913 1913 praefatus
935 1875 994 1899 me
1010 1861 1058 1898 de
1072 1860 1386 1899 reconciliatione
1408 1866 1583 1898 acturum
1605 1873 1712 1898 esse:

244 1939 316 1965 nec
337 1925 437 1963 enim
459 1924 543 1962 haec
563 1937 608 1962 eo
628 1924 834 1974 pertinent,
856 1931 898 1961 ut
924 1923 1027 1974 apud
1054 1923 1150 1961 alios
1175 1923 1558 1961 Lacedaemoniorum
1580 1924 1714 1960 urbem

243 1990 282 2026 in
302 1986 432 2025 odium
451 1985 658 2031 adducam,
678 1985 747 2023 sed
770 1992 822 2031 ut,
837 1992 1028 2036 quantum
1050 1985 1222 2022 oratione
1243 1985 1430 2034 consequi
1450 1984 1554 2029 licet,
1571 1985 1619 2022 ab
1640 1986 1716 2022 isto

243 2048 422 2088 instituto
442 2046 649 2085 abducam.
708 2046 807 2084 Fieri
828 2054 957 2085 autem
978 2047 1114 2097 nequit
1132 2053 1174 2083 ut
1194 2060 1216 2084 a
1240 2046 1440 2097 peccando
1461 2045 1657 2083 deterreas
1679 2053 1718 2084 et

245 2111 296 2149 ad
327 2109 422 2147 alias
455 2108 710 2157 cogitationes
741 2108 933 2159 impellas,
965 2108 1037 2145 nisi
1072 2115 1283 2158 praesentes
1315 2108 1453 2146 acriter
1483 2107 1715 2158 objurgaris:

244 2186 335 2211 nam
355 2183 539 2210 accusare
559 2170 725 2221 putandi
753 2176 845 2208 sunt
863 2169 928 2220 qui
948 2169 1119 2207 laedendi
1140 2182 1261 2207 causa
1290 2169 1382 2207 talia
1412 2169 1561 2213 dicunt,
1583 2169 1727 2209 admo-⁴

246 2246 336 2272 nere
352 2232 418 2283 qui
431 2238 587 2283 propter
603 2231 844 2270 audientium
859 2230 1065 2269 utilitatem
1079 2230 1247 2268 convitia
1261 2230 1419 2268 faciunt.
1451 2230 1537 2267 Nec
1553 2229 1655 2267 enim
1669 2230 1717 2268 de

247 2296 381 2334 eadem
404 2295 576 2332 oratione
598 2293 842 2331 sentiendum
863 2300 922 2331 est
942 2293 1061 2338 idem,
1084 2292 1115 2329 si
1136 2291 1264 2330 animo
1286 2304 1362 2329 non
1384 2291 1520 2329 eodem
1550 2291 1716 2329 dicatur.

247 2358 352 2396 Nam
370 2355 467 2394 illud
489 2355 604 2393 etiam
631 2355 687 2392 eis
707 2354 872 2405 objicere
894 2367 1115 2405 possumus,
1136 2353 1241 2404 quod
1262 2353 1444 2391 finitimos
1466 2365 1548 2390 suae
1573 2353 1718 2391 civitati

248 2419 391 2459 servire
411 2424 569 2469 cogunt,
584 2418 776 2455 sociorum
795 2425 922 2455 autem
938 2417 1161 2468 reipublicae
1179 2416 1272 2454 nihil
1294 2416 1718 2467 ejusmodiconferunt,

248 2495 336 2521 cum
362 2493 430 2532 per
449 2493 514 2518 eos
541 2485 585 2517 ut
603 2478 719 2517 liceat
744 2479 1016 2517 controversiis
1037 2479 1177 2516 nostris
1199 2478 1353 2517 abolitis
1373 2477 1527 2516 barbari
1550 2478 1718 2516 universi

251 2543 369 2582 totius
391 2541 557 2579 Graeciae
579 2540 678 2578 servi
693 2540 921 2579 efficiantur.
979 2540 1187 2578 Enimvero
1207 2540 1320 2578 decet
1334 2553 1416 2585 eos,
1435 2539 1501 2591 qui
1525 2546 1663 2576 natura
1680 2546 1720 2577 et

250 2617 328 2643 non
344 2603 500 2641 fortuna
513 2602 665 2653 magnis
681 2599 817 2640 animis
833 2609 936 2648 sunt,
951 2601 1174 2653 hujusmodi
1189 2601 1364 2639 facinora
1378 2601 1576 2651 suscipere
1591 2601 1718 2650 potius

250 2679 368 2719 quam
388 2664 657 2703 exactionibus
678 2677 821 2703 vexare
842 2663 1048 2710 insulares,
1069 2676 1235 2713 quorum
1256 2662 1424 2701 misereri
1445 2669 1529 2700 erat
1554 2661 1717 2712 aequius,

251 2739 392 2780 nempe
417 2738 515 2776 quos
535 2726 694 2764 videant
720 2726 802 2776 agri
830 2725 992 2777 penuria
1021 2731 1179 2763 coactos
1209 2732 1360 2762 montes
1389 2723 1576 2769 excolere,
1597 2736 1720 2773 quum

251 2788 387 2828 Asiani
407 2788 456 2825 ob
477 2787 645 2838 regionis
675 2787 968 2839 amplitudinem
989 2787 1195 2825 maximam
1217 2793 1366 2837 partem
1385 2785 1572 2824 incultam
1593 2785 1717 2837 negli—

252 2858 359 2904 gant,
379 2863 428 2888 ex
442 2849 507 2887 illa
526 2856 657 2888 autem
677 2863 794 2900 quam
811 2850 943 2888 colunt
962 2849 1079 2888 tantis
1100 2848 1262 2886 affluant
1280 2847 1435 2886 divitiis.

310 2913 376 2949 37.
407 2910 608 2962 Equidem
621 2910 654 2950 si
683 2911 750 2962 qui
780 2910 936 2951 aliunde
967 2909 1128 2962 profecti
1158 2908 1295 2948 harum
1323 2921 1451 2947 rerum
1478 2913 1716 2960 spectatores
