1870 3277
257 154 333 191 318
939 158 1056 195 ISAEI

254 256 537 295 contumeliose
571 264 780 297 tractatum
819 272 839 297 e
869 260 984 298 domo
1022 260 1174 311 ejicere.
1248 259 1323 303 Qui
1356 266 1496 298 norunt
1524 266 1642 298 testes
1661 272 1728 298 eos

253 320 405 365 sistam,
427 330 655 373 suggestum
689 324 927 362 adscendere
955 324 984 362 si
1006 324 1124 362 velint
1143 347 1194 352 -—
1217 324 1378 361 istorum
1399 324 1499 361 enim
1523 324 1728 362 familiares

254 388 346 418 sunt
365 404 430 428 —‚
445 384 504 420 sin
525 385 664 431 minus,
682 385 747 436 qui
764 384 971 424 affuerant.
1013 386 1064 423 Et
1085 386 1174 423 mihi
1198 386 1318 424 recita
1339 385 1560 424 testimonla
1577 385 1727 424 haecce:

254 449 374 493 tuque
394 457 535 496 aquam
556 446 696 485 inhibe.

806 540 1168 579 TESTIMONIA.

308 627 370 663 11.
403 626 510 678 Cape
527 627 608 678 jam
629 626 695 665 illa
725 628 963 674 testimonia,
982 641 1084 680 quae,
1102 628 1207 680 quod
1229 627 1481 679 septuaginta
1499 626 1610 664 minis
1630 638 1727 676 prae-

248 686 353 725 dium
373 689 517 739 vaeniit,
539 689 722 740 quodque
742 690 913 741 pupillus
935 691 983 728 de
1003 691 1129 742 pretio
1149 690 1337 729 divenditi
1359 690 1492 741 praedii
1515 695 1664 740 septem
1687 695 1725 725 et

249 750 452 801 sexaginta
472 751 595 789 minas
617 752 782 803 accepit,
803 759 1009 791 testantur.

804 844 1167 883 TESTIMONIA.

251 927 331 967 Iste
361 928 478 979 igitur
497 935 671 981 patruus,
690 930 775 976 viri,
798 943 918 981 quum
935 930 1191 969 hereditatem
1224 933 1305 979 ejus
1337 937 1441 968 esset
1474 941 1610 981 reapse
1640 941 1729 967 eon-

250 999 407 1029 secutus
422 997 462 1029 et
482 1004 558 1029 non
579 992 678 1029 sicut
695 1004 768 1042 ego
783 993 1032 1039 verbotenus,
1048 1000 1165 1044 atque
1185 1005 1245 1030 me
1263 992 1385 1030 multo
1403 991 1514 1043 plura
1530 991 1731 1041 possideat

250 1074 303 1080 —-
323 1066 396 1103 ego
416 1053 517 1091 enirn
539 1059 729 1092 trecentas
746 1067 834 1105 quae
853 1055 989 1106 praedii
1010 1055 1058 1093 de
1079 1055 1203 1106 pretio
1224 1055 1424 1092 restabant
1443 1052 1661 1099 drachmas,
1683 1064 1729 1089 ac

250 1113 528 1153 domunculam
556 1128 605 1153 ne
635 1115 757 1154 tribus
779 1117 937 1166 quidem
959 1117 1070 1155 minis
1100 1117 1308 1163 valentem,
1329 1116 1494 1167 adeptus
1514 1127 1621 1153 sum:
1654 1113 1728 1152 istc

248 1189 350 1225 vero,
370 1178 436 1228 qui
458 1177 649 1229 praedium
671 1178 789 1229 pluris
811 1192 928 1229 quam
950 1179 1085 1217 decem
1108 1179 1223 1217 minis
1244 1179 1378 1218 valens
1397 1186 1515 1223 tenet,
1536 1189 1641 1214 nunc
1663 1176 1728 1214 de-

246 1251 354 1276 mum
375 1238 531 1290 insuper
552 1240 711 1277 domum
732 1241 813 1292 ejus
827 1242 1006 1278 orbatum
1023 1241 1066 1278 it.
1126 1242 1256 1291 Atque
1278 1255 1353 1291 ego
1370 1239 1579 1291 quidemin
1596 1239 1726 1277 locum

246 1300 314 1337 filii
334 1300 559 1352 adoptatuS,
580 1300 672 1337 dum
693 1302 787 1338 vixit
808 1301 1027 1339 Meneclem
1042 1301 1159 1347 colui,
1182 1302 1421 1353 ipsemetque
1449 1308 1488 1338 et
1504 1313 1598 1338 uxor
1626 1312 1725 1346 mea,

246 1361 412 1413 hujusce
426 1360 646 1399 Philonidae
662 1362 755 1409 filia,
771 1369 809 1399 et
825 1363 1027 1413 puerulum
1043 1376 1170 1401 meum
1186 1376 1206 1401 e
1222 1364 1376 1402 nomine
1392 1363 1474 1414 ejus
1489 1361 1726 1412 nuncupavi,

247 1436 297 1461 ne
318 1436 458 1461 nomen
479 1422 517 1459 in
538 1423 656 1460 domo
673 1422 711 1460 in
731 1429 852 1461 totum
872 1424 1126 1470 exolesceret,
1148 1431 1186 1462 et
1208 1425 1420 1474 exsequias
1437 1424 1470 1462 ei
1491 1424 1570 1462 fato
1590 1423 1726 1461 functo

246 1497 317 1536 pro
348 1484 539 1535 dignitate
574 1484 658 1535 ejus
693 1497 857 1536 meaque
885 1485 992 1532 duxi,
1020 1493 1059 1524 et
1088 1487 1246 1538 cippum
1272 1486 1438 1524 instruxi
1467 1485 1668 1531 decorum,
1688 1492 1728 1522 et

246 1545 495 1584 novendialia
528 1553 748 1596 caeteraque
782 1547 911 1585 officia
944 1547 1136 1586 inferialia
1176 1561 1294 1599 quam
1334 1547 1725 1586 honorificentissime

245 1608 373 1658 exegi,
389 1608 442 1645 ita
463 1615 506 1646 ut
525 1621 659 1646 omnes
676 1608 931 1660 municipales
953 1622 1015 1646 me
1036 1610 1328 1648 collaudarent:
1359 1610 1431 1648 iste
1451 1622 1539 1647 vero
1559 1621 1727 1646 consan-

245 1669 425 1720 guineus,
445 1670 509 1720 qui
534 1682 623 1707 eum
644 1669 909 1721 adoptationis
929 1671 1095 1718 incusat,
1116 1672 1262 1724 praedio
1288 1673 1394 1725 quod
1412 1673 1583 1710 restabat
1597 1671 1723 1723 ipsum

244 1731 375 1770 vivum
396 1730 621 1778 denudavit,
644 1737 762 1783 atque
796 1732 1026 1771 defunctum
1060 1734 1262 1786 improlem
1285 1735 1416 1773 facere
1438 1741 1554 1785 atque
1575 1746 1722 1785 anony-

245 1805 350 1830 mum
371 1793 519 1832 studet.
577 1793 674 1831 Tam
703 1795 879 1846 perditus
913 1796 985 1834 iste
1018 1795 1136 1835 homo
1167 1804 1238 1835 est.
1296 1796 1590 1844 Verumtamen,
1617 1795 1724 1846 quod

241 1855 447 1905 exsequias
464 1855 498 1893 ei
527 1855 694 1902 reddidi,
714 1863 830 1908 atque
862 1857 1030 1897 tridialia
1054 1859 1381 1912 novendialiaque
1413 1859 1545 1912 exegi,
1587 1871 1721 1897 eorum

243 1917 308 1966 qui
326 1924 468 1954 norunt
489 1918 712 1958 testimonia
730 1919 909 1959 recitabit
926 1921 1065 1959 scriba.

802 2014 1165 2054 TESTIMONIA.

304 2097 366 2134 12.
398 2095 516 2140 Quod
548 2096 665 2148 igitur
698 2097 914 2145 Menecles,
949 2098 1031 2145 viri,
1064 2113 1191 2151 neque
1223 2101 1393 2140 delirans
1429 2117 1554 2155 neque
1576 2106 1724 2145 mulieri

242 2171 382 2210 parens
401 2171 462 2196 me
485 2158 699 2209 adoptavit,
722 2166 761 2198 et
779 2160 851 2199 hos
872 2161 979 2212 ipsos
999 2167 1118 2200 testes
1138 2169 1327 2213 praestare
1343 2164 1444 2212 volo,
1457 2173 1496 2203 et
1514 2180 1554 2204 re
1569 2167 1724 2217 quidem

243 2228 360 2272 atque
381 2234 459 2259 non
488 2221 606 2259 verbo
636 2223 734 2261 actis
765 2223 846 2261 suis
881 2231 1085 2271 testantes,
1119 2237 1180 2263 me
1201 2238 1294 2264 vera
1327 2227 1466 2265 dicere.
1525 2229 1594 2267 Isti
1621 2231 1724 2268 enim

243 2284 358 2322 ambo
379 2295 549 2330 mecum,
567 2296 816 2335 nequaquam
838 2299 929 2324 vero
955 2299 1045 2324 cum
1074 2286 1275 2334 Menecle,
1297 2288 1609 2339 pacificationem
1638 2298 1740 2343 per-'

242 2352 414 2397 petrasse
435 2344 708 2391 ostenduntur,
724 2346 1055 2399 juribusjtirandis
1076 2348 1176 2387 inter
1196 2362 1268 2387 nos
1298 2350 1462 2389 invicem
1479 2351 1580 2390 datis
1599 2359 1638 2391 et
1657 2366 1722 2392 ac-

241 2408 378 2460 ceptis.
436 2408 504 2446 Sin
527 2408 730 2459 adoptatio
752 2409 878 2447 minus
909 2411 1125 2449 secundum
1158 2412 1265 2463 leges
1296 2413 1401 2452 facta
1422 2413 1572 2460 fuisset,
1592 2428 1722 2466 neque

242 2483 316 2522 ego
335 2471 447 2508 heres
467 2470 658 2510 Meneclis
678 2471 838 2510 fuissem
858 2471 1022 2511 istorum
1049 2486 1243 2513 consensu
1264 2476 1515 2526 approbatus,
1537 2490 1721 2526 quorsum

240 2532 399 2570 tandem
418 2532 483 2571 isti
504 2532 597 2570 mihi
619 2532 800 2584 jurarent
819 2539 887 2571 aut
913 2546 936 2572 a
964 2546 1024 2571 me
1039 2534 1315 2586 jusjurandum
1337 2537 1561 2587 exigerent?
1594 2538 1720 2578 Nemo

241 2596 443 2635 causulam
459 2596 611 2635 dixerit.
662 2597 832 2640 Quando
852 2597 968 2649 igitur
984 2598 1066 2636 haec
1087 2599 1279 2647 fecerunt,
1298 2613 1319 2638 e
1339 2613 1398 2638 me
1419 2601 1535 2651 plane
1556 2608 1721 2642 testatos

239 2671 325 2696 esse
345 2657 409 2696 isti
437 2658 510 2709 ipsi
530 2657 887 2709 deprehenduntur,
907 2659 1012 2711 quod
1039 2659 1239 2711 adoptatio
1260 2661 1476 2699 secundum
1498 2662 1605 2714 leges
1626 2664 1721 2703 inita

241 2726 316 2766 est,
337 2720 604 2771 bonorumque
626 2720 818 2759 Meneclis
832 2722 921 2772 jure
937 2734 1010 2773 ego
1024 2721 1136 2760 heres
1152 2734 1252 2762 sum.
1299 2723 1468 2762 Proinde
1488 2724 1563 2763 hoc
1584 2727 1722 2777 opinor

239 2781 349 2820 vobis
365 2781 546 2818 omnibus
562 2781 809 2820 manifestum
826 2796 928 2829 esse,
947 2785 994 2822 ab
1013 2783 1094 2822 istis
1109 2783 1256 2822 scilicet
1270 2797 1499 2824 concessum
1515 2788 1620 2838 quod
1640 2801 1718 2827 non

241 2842 431 2881 delirabat
452 2842 668 2890 Menecles,
690 2845 758 2882 sed
778 2845 849 2883 iste
870 2846 993 2883 multo
1011 2846 1133 2897 magis
1155 2846 1372 2886 dementem
1395 2862 1501 2887 nunc
1522 2850 1616 2901 agit,
1636 2852 1718 2902 qui,

234 2917 355 2958 quum
369 2904 458 2943 lites
473 2904 651 2944 diluisset
661 2906 1045 2959 nobisquejurasset,
1060 2921 1163 2946 nunc
1185 2908 1296 2948 adest
1315 2910 1561 2962 pactionibus
1576 2925 1716 2952 rursus
