1870 3277
536 183 604 219 DE
634 183 840 221 PYRRHI
872 182 1233 220 HEREDITATE.
1528 184 1602 220 333

222 285 282 320 10.
315 283 441 327 Adde,
462 284 564 333 quod
596 284 729 335 Pyrrhi
758 283 947 327 avunculi,
971 284 999 320 si
1021 283 1186 321 scissent
1211 297 1232 320 a
1260 284 1398 322 sororis
1421 298 1500 322 suae
1527 285 1602 322 filio

167 343 312 393 Pyrrho
340 344 453 381 tiliam
481 346 686 395 genuinam
713 357 797 382 esse
816 344 1000 388 relictam,
1021 357 1096 381 non
1119 344 1292 382 videntur
1311 347 1461 395 passuri
1486 346 1603 384 fuisse

167 412 210 440 ut
237 405 426 442 Xenocles
449 418 487 442 se
517 406 764 456 praeveniret:
794 405 832 442 id
852 405 951 441 enim
972 405 1003 441 si
1029 405 1206 450 scissent,
1227 413 1263 443 et
1291 414 1472 456 praeterea
1492 408 1521 445 si
1548 408 1601 444 vi-

165 464 312 502 dissent
339 475 503 502 nostrum
532 466 719 502 neminem
749 465 851 502 illam
876 465 1072 503 mulierem
1094 465 1130 502 in
1153 466 1430 504 matrimonium
1462 468 1601 506 ducere

165 526 277 570 velle,
300 527 470 577 profecto
500 541 574 564 non
603 526 864 576 permisissent
895 526 1055 563 Xenocli
1078 534 1132 571 ut,
1153 527 1217 576 qui
1238 527 1343 564 nullo
1369 535 1483 577 pacto
1511 529 1603 579 Pyr-

167 586 275 624 rhum
309 588 537 637 cognatione
568 588 786 637 attingeret,
807 587 908 623 illam
936 587 1131 624 mulierem
1154 600 1285 624 secum
1307 596 1511 637 cognatam
1533 590 1603 626 sibi

167 648 399 699 praeriperet.
457 649 569 686 Foret
585 649 714 698 utique
735 661 792 685 res
814 649 937 698 gravis
958 657 996 685 et
1013 649 1233 694 abhorrens,
1251 649 1281 686 si
1302 649 1357 687 sic
1378 662 1418 686 se
1436 649 1604 695 haberet,

166 716 209 745 ut
229 708 332 758 leges
359 709 508 759 quidem
535 708 740 753 edicerent,
763 715 803 745 ut
833 708 1022 755 mulieres,
1043 712 1120 746 sive
1146 710 1193 746 ab
1220 709 1311 760 ipsis
1338 709 1507 760 patribus
1530 711 1607 748 elo-

165 777 262 807 catae
281 770 359 820 jam
383 771 419 807 in
440 770 754 820 matrimonioque
777 770 962 820 degentes
979 774 1217 820 (quanquam
1239 770 1286 808 de
1305 771 1427 809 mariti
1453 771 1602 810 delectu

164 831 246 882 quis
266 831 398 869 melius
417 831 518 877 filiae,
537 845 649 881 quam
670 839 791 882 pater,
810 832 987 868 consulat
1001 832 1043 877 ἲ),
1063 832 1140 869 sive
1160 832 1328 869 nondum
1349 832 1508 870 elocatae
1523 841 1602 871 tum

163 906 280 942 quum
301 900 409 944 pater
428 907 557 931 earum
587 893 805 938 decederet,
827 893 931 930 nulla
958 894 1062 944 prole
1083 894 1255 931 mascula
1273 894 1443 944 legitima
1462 895 1604 941 relicta,

166 961 207 991 ut
226 953 300 991 illae
330 955 443 1004 igitur
462 954 638 992 mulieres
658 968 680 992 a
705 955 885 1005 proximis
906 955 942 992 in
970 955 1154 1005 sanguine
1176 957 1213 993 in
1240 955 1518 993 matrimonium
1540 970 1606 1008 pe-

165 1021 291 1053 tantur
317 1016 440 1066 iisque
460 1029 482 1054 a
508 1016 699 1067 judicibus
719 1017 1007 1067 adjudicentur;
1038 1025 1077 1054 et
1094 1018 1265 1068 profecto
1291 1018 1503 1069 complures
1525 1019 1605 1070 jam

165 1077 344 1114 uxoribus
378 1078 551 1116 mulctati
569 1084 672 1124 sunt,
690 1079 724 1116 vi
744 1078 868 1128 legum
896 1078 1108 1124 abstractis,
1132 1080 1356 1129 quibuscum
1377 1080 1604 1130 jamdudum

165 1137 464 1177 cohabitassent.
522 1139 729 1185 Praeterea,
755 1153 842 1190 quae
868 1140 915 1177 ab
936 1139 1023 1190 ipsis
1052 1141 1223 1190 patribus
1252 1140 1409 1178 elocatae
1431 1141 1604 1187 fuissent,

164 1199 249 1250 lege
278 1200 547 1239 controversiae
575 1214 638 1239 eas
665 1200 880 1239 necessario
899 1214 983 1238 esse
1011 1201 1196 1239 obnoxias
1225 1201 1413 1240 debebat:
1444 1203 1605 1241 Xenocli

165 1268 292 1299 autem
312 1263 585 1301 avunculorum
607 1262 742 1314 Pyrrhi
758 1276 857 1300 unus
874 1262 1013 1313 aliquis·
1023 1264 1261 1313 permitteret
1276 1276 1433 1302 uxorem
1448 1264 1603 1302 domum

164 1322 303 1360 ducere
325 1324 394 1361 sibi
413 1324 484 1375 ipsi
505 1324 809 1369 convenientem,
829 1324 860 1361 si
881 1324 1049 1375 Pyrrhus
1073 1324 1187 1361 filiam
1207 1325 1410 1374 genuinam
1431 1325 1605 1376 reliquis-

164 1390 236 1427 set,
260 1389 480 1434 tantamque
508 1384 759 1422 substantiam
780 1384 861 1434 ipse
888 1384 958 1421 sibi
984 1384 1205 1434 denegaret,
1228 1385 1390 1422 Xenocli
1415 1386 1606 1424 tribueret.

164 1444 292 1482 Nolite
312 1445 401 1483 illos
422 1455 498 1484 tam
517 1445 655 1484 stultos
676 1445 904 1483 existimare.
962 1445 1087 1482 Nemo
1104 1445 1252 1483 lucrum
1267 1446 1379 1484 facile
1396 1454 1606 1494 aversatur,

162 1518 231 1542 nec
252 1505 393 1543 alienos
425 1506 495 1544 sibi
515 1506 680 1557 praefert.
739 1506 851 1549 Quod
879 1506 909 1542 si
937 1518 1028 1556 ergo
1057 1514 1246 1556 praetextu
1272 1513 1428 1545 utentur
1445 1507 1532 1554 hoc,
1565 1515 1608 1545 ut

162 1567 278 1611 aiant,
309 1574 465 1617 propter
503 1567 785 1617 adoptationem
821 1567 934 1604 Endii
969 1567 1240 1605 controversiae
1273 1568 1470 1607 mulierem
1501 1570 1606 1608 haud

160 1628 278 1666 fuisse
304 1628 520 1674 obnoxiam,
540 1628 738 1666 etidcirco
767 1628 814 1665 de
834 1641 879 1665 ea
904 1628 1111 1666 obtinenda
1137 1629 1172 1665 in
1195 1628 1282 1679 jure
1302 1631 1531 1669 contendere
1565 1645 1606 1670 se

164 1696 308 1739 negent
328 1689 506 1735 voluisse,
527 1689 687 1740 primum
710 1689 782 1726 hoe
801 1689 984 1726 debebitis
1006 1703 1070 1726 eos
1091 1690 1339 1740 interrogare,
1361 1704 1444 1728 cum
1466 1693 1605 1731 factam

163 1766 186 1790 a
205 1753 350 1804 Pyrrho
372 1753 486 1791 Endii
512 1753 703 1791 fateantur
729 1753 1027 1803 adoptationem,
1056 1766 1123 1789 cur
1144 1760 1267 1790 tamen
1291 1754 1514 1806 exceptione
1540 1757 1608 1794 fal-

164 1814 285 1852 sitatis
306 1821 528 1866 oppugnent
547 1827 611 1851 eos
631 1820 750 1851 testes
771 1813 835 1864 qui
855 1813 1018 1850 Endium
1034 1827 1055 1851 a
1076 1813 1224 1864 Pyrrho
1245 1814 1466 1865 adoptatum
1487 1816 1605 1855 fuisse

163 1876 290 1914 testati
309 1876 424 1914 sunt?
454 1876 606 1922 deinde,
627 1889 712 1913 cum
744 1876 1004 1927 praeterissent
1024 1889 1109 1913 eum
1130 1878 1193 1927 qui
1214 1877 1395 1914 bonorum
1417 1891 1439 1916 a
1461 1878 1608 1930 Pyrrho

165 1937 373 1975 relictorum
396 1944 608 1988 postremus
638 1950 838 1988 possessor
858 1944 896 1975 et
921 1937 1030 1976 heres
1058 1939 1207 1984 fuisset,
1226 1951 1294 1976 cur
1319 1947 1445 1977 tamen
1473 1949 1606 1980 contra

165 1999 364 2036 formulam
386 1998 484 2050 juris
504 1999 604 2036 illarn
626 1998 875 2036 hereditatem
899 1998 934 2035 in
958 1999 1044 2049 jure
1066 2006 1193 2050 petere
1214 2013 1315 2038 nunc
1335 2001 1489 2039 demum
1508 2002 1604 2040 inci-

163 2060 298 2111 piant?
328 2060 492 2110 denique
511 2074 576 2098 eos
593 2061 835 2110 interrogate,
853 2074 942 2098 num
959 2074 1086 2098 eorum
1105 2062 1289 2107 omnium,
1308 2070 1498 2114 quotquot
1516 2072 1606 2103 sunt

164 2123 226 2174 qui
243 2122 411 2173 legitime
431 2123 510 2160 nati
529 2134 631 2167 suut,
646 2123 706 2160 vel
726 2136 825 2175 unus
841 2136 992 2174 aequum
1013 2130 1170 2161 censeat
1186 2124 1332 2174 sibique
1352 2125 1453 2162 factu
1472 2139 1603 2165 neces-

163 2184 301 2222 sarium
320 2183 436 2221 ducat
450 2191 491 2222 ut
505 2183 753 2221 hereditatem
774 2183 985 2234 patrimonii
1004 2183 1061 2221 sui
1079 2185 1116 2221 in
1133 2184 1219 2235 jure
1237 2192 1341 2235 petat
1355 2198 1376 2223 a
1390 2186 1605 2237 judicibus-

163 2259 237 2297 que
253 2245 422 2297 postulet
442 2245 479 2282 in
493 2246 593 2283 bona
608 2245 657 2283 de
670 2245 756 2296 jure
774 2258 841 2282 sua
860 2244 1038 2282 immitti?
1081 2245 1163 2282 Has
1178 2246 1407 2296 quaestiones
1425 2248 1606 2298 opponite

162 2320 232 2346 vos
260 2321 388 2345 eorum
416 2307 675 2359 impudentiae.
734 2307 933 2345 Mulierem
961 2315 1088 2345 autem
1118 2307 1302 2357 [Philam]
1335 2309 1602 2346 controversiae

163 2368 294 2418 utique
313 2369 516 2406 obnoxiam
534 2368 667 2414 fuisse,
684 2368 713 2405 si
732 2368 885 2419 quidem
906 2367 1072 2419 legitime
1093 2375 1182 2406 nata
1203 2368 1328 2414 suerit,
1350 2369 1388 2406 id
1408 2383 1495 2407 vero
1514 2370 1605 2408 licet

163 2443 185 2466 e
210 2429 358 2481 legibus
387 2443 499 2480 quam
518 2430 798 2467 evidentissime
818 2443 985 2468 cernere.
1041 2430 1125 2468 Lex
1147 2430 1245 2468 enim
1267 2431 1455 2481 expressis
1478 2432 1603 2470 verbis

162 2491 214 2529 ita
233 2491 417 2542 praecipit,
441 2490 504 2542 qui
530 2491 672 2542 prolem
699 2491 908 2530 masculam
928 2491 1069 2530 nullam
1095 2492 1296 2542 relinquat,
1318 2492 1350 2529 ei
1371 2492 1481 2530 licere
1503 2493 1604 2532 bona

163 2566 232 2590 sua
252 2567 319 2604 per
339 2559 609 2591 testamentum
626 2552 843 2604 cuicunque
862 2554 953 2591 velit
972 2553 1125 2604 legare:
1155 2554 1212 2590 sin
1234 2560 1361 2591 autem
1383 2553 1483 2592 idem
1505 2555 1601 2593 filias

163 2615 365 2665 relinquat,
391 2615 443 2654 ita
461 2614 659 2654 valituram
681 2627 764 2653 esse
784 2615 1019 2653 voluntatem
1041 2615 1173 2665 patris,
1193 2622 1249 2659 ut,
1269 2614 1332 2664 qui
1352 2614 1601 2654 hereditatem

164 2676 246 2726 ejus
260 2676 386 2721 adeat,
405 2676 436 2714 is
450 2689 527 2714 una
544 2689 695 2727 quoque
715 2677 829 2714 filiam
851 2678 886 2714 in
908 2675 1186 2719 matrimonium
1203 2675 1331 2713 ducat.
1389 2676 1495 2714 Licet
1511 2690 1602 2728 ergo

164 2736 275 2774 alicui
293 2738 394 2776 bona
411 2751 482 2777 sua
499 2738 641 2790 legare,
660 2738 690 2777 si
710 2752 787 2777 una
807 2752 892 2777 cum
914 2738 1023 2776 bonis
1043 2737 1157 2775 filiam
1178 2751 1332 2788 quoque
1353 2738 1473 2776 eidem
1495 2739 1600 2778 dele-

164 2804 228 2847 get
246 2804 376 2848 pater:
407 2799 464 2836 sin
481 2807 606 2838 autem
623 2800 783 2838 filiarum
800 2799 968 2850 legitime
988 2806 1160 2836 natarum
1181 2799 1326 2837 ratione
1349 2800 1454 2838 nulla
1472 2800 1603 2839 habita

165 2866 270 2910 pater
290 2859 451 2909 aliquem
471 2873 539 2911 pro
559 2861 635 2899 filio
655 2862 837 2913 adoptare
859 2861 948 2899 velit
970 2862 1079 2912 eique
1098 2862 1199 2899 bona
1219 2875 1289 2900 sua
1308 2876 1374 2914 per
1393 2869 1598 2901 testamen-

163 2930 239 2957 tum
267 2920 407 2971 legare,
436 2921 538 2960 illam
568 2923 850 2973 adoptationem
881 2929 996 2973 atque
1029 2922 1259 2974 legationem
1297 2925 1481 2964 bonorum
1513 2938 1598 2962 esse
