1870 3277
592 201 664 237 DE
696 198 1156 237 PERMUTATIONE.
1527 198 1603 234 2-27

140 315 238 340 unus
258 303 412 353 quidem
434 303 573 340 horum
592 316 680 341 cum
706 303 751 340 iis
772 301 837 353 qui
863 313 1023 351 pravum
1052 299 1199 350 aliquid
1220 300 1352 338 dicunt
1373 307 1439 339 aut
1458 299 1604 338 faciunt

138 364 380 402 confabulari
400 365 581 416 patietur.

190 426 279 462 26.ὂὶὲ
313 426 374 463 19.
421 426 524 464 Illud
558 437 714 477 quoque
747 424 911 462 libenter
941 421 1121 461 rescirem
1155 423 1203 460 ab
1237 422 1465 461 adversariis
1495 423 1603 469 meis,

134 485 229 537 quid
249 487 296 525 de
316 487 361 525 iis
383 488 551 526 sentiant
570 487 635 538 qui
664 499 684 524 e
712 485 844 523 Sicilia.
869 492 908 522 et
928 483 1054 521 Ponto
1080 483 1242 534 aliisque
1270 497 1317 522 ex
1345 483 1442 521 locis
1462 484 1510 521 ad
1533 497 1602 522 nos

135 548 213 586 huc
243 549 430 599 navigant
456 557 501 587 ut
523 545 801 586 instituantur?
843 545 948 583 Num
978 558 1044 583 eos
1071 552 1223 596 putant,
1251 545 1344 595 quia
1370 553 1528 583 careant
1552 546 1603 584 ibi

135 609 262 660 pravis
282 609 516 656 hominibus,
536 610 613 647 huc
639 609 710 646 iter
739 606 960 658 suscipere?
1002 607 1059 644 At
1085 607 1227 657 ubique
1247 619 1429 657 magnam
1450 607 1601 657 copiam

135 671 259 720 quivis
279 671 448 709 inveniat
467 670 665 708 hominum
682 669 749 720 qui
769 682 900 707 secum
922 668 1094 719 improbe
1111 680 1225 719 agere
1243 675 1281 706 et
1297 680 1460 718 peccare
1481 668 1602 718 parati

136 732 225 770 sint.
269 733 334 778 At,
350 732 501 778 dicetis,
523 738 563 769 ut
583 732 746 770 malefici
765 738 803 768 et
821 730 1076 781 sycophantae
1095 729 1202 774 fiant,
1223 728 1346 767 multa
1363 729 1603 780 impendunt„

138 792 216 830 Sed
243 794 406 844 primum
434 793 590 844 quidem
620 793 686 842 qui
712 792 786 830 hac
814 800 905 829 sunt
932 798 1080 836 mente,
1111 790 1235 828 multo
1264 790 1446 828 libentius
1477 790 1603 828 aliena

134 854 340 905 accipient,
361 869 476 906 quam
497 855 707 906 quicquam
729 853 777 891 de
800 866 870 891 suo
894 852 977 891 aliis
998 852 1164 890 dabunt:
1196 852 1334 890 deinde
1354 852 1511 903 quinam
1532 852 1602 889 im-

132 916 335 967 probitatis
372 916 620 968 acquirendae
640 928 761 954 causa
780 914 985 966 pecuniam
1006 913 1214 959 insumant,
1234 927 1352 964 quum
1375 913 1489 951 liceat
1509 912 1602 964 ipsis

131 978 213 1016 sine
242 978 319 1016 ulla
344 978 519 1029 impensa
545 990 631 1016 esse
660 977 814 1022 talibus,
847 975 979 1014 statim
1005 988 1051 1014 ac
1078 975 1292 1013 voluerint?
1330 975 1471 1026 Neque
1498 974 1600 1013 enim

133 1038 282 1077 discere
303 1039 400 1087 haec,
431 1039 500 1077 sed
528 1046 680 1077 tantum
710 1038 873 1089 aggredi
893 1044 1059 1089 oportet.
1115 1037 1204 1075 Jam
1226 1050 1317 1075 vero
1338 1043 1447 1089 patet
1475 1050 1542 1076 eos
1563 1043 1603 1075 et

133 1100 210 1138 huc
230 1101 412 1151 navigare
433 1109 472 1139 et
492 1099 686 1152 stipendia
701 1100 884 1151 pendere,
900 1106 1121 1150 cunctaque
1140 1098 1226 1137 haec
1244 1099 1332 1137 ideo
1353 1099 1480 1137 facere
1496 1099 1600 1150 quod

132 1169 172 1200 et
191 1176 231 1201 se
251 1163 425 1202 meliores
446 1176 630 1201 evasuros
653 1169 692 1200 et
711 1175 777 1200 eos
799 1163 864 1212 qui
881 1161 944 1199 hic
959 1161 1104 1199 docent
1120 1160 1243 1198 multo
1258 1173 1342 1198 esse
1361 1160 1601 1199 cordatiores

133 1237 251 1274 quam
267 1238 358 1263 suos
374 1225 578 1275 indigenas
599 1230 761 1275 putant:
792 1223 931 1274 quibus
951 1223 1065 1260 rebus
1080 1235 1150 1273 par
1165 1230 1269 1260 esset
1284 1222 1386 1261 cives
1403 1223 1600 1261 universos

134 1285 304 1336 gloriari,
334 1286 565 1337 plurimique
595 1299 662 1324 eos
690 1284 818 1323 facere
845 1285 912 1335 qui
940 1284 1043 1322 hanc
1073 1284 1294 1334 opinionem
1325 1283 1469 1322 civitati
1499 1297 1602 1322 crea-

131 1353 234 1384 runt.
279 1347 357 1385 Sed
377 1355 467 1385 sunt
485 1347 642 1397 quidam
664 1347 716 1384 ita
735 1346 935 1390 vecordes,
956 1356 999 1382 ut
1015 1358 1134 1395 quum
1150 1345 1308 1383 videant
1327 1352 1408 1383 tum
1429 1345 1601 1384 advenas

131 1408 197 1459 qui
217 1408 292 1447 huc
313 1409 546 1460 appulerunt
564 1415 647 1446 tum
667 1406 920 1446 institutionis
939 1406 1125 1457 praesides
1145 1406 1239 1443 nihil
1259 1407 1365 1457 pravi
1385 1406 1602 1454 molientes,

130 1469 200 1508 sed
220 1470 258 1508 in
277 1470 431 1508 civitate
450 1469 708 1508 alienissimos
728 1482 751 1507 a
770 1467 937 1519 negotiis
955 1475 992 1505 et
1011 1467 1286 1518 quietissimos,
1305 1467 1376 1506 sibi
1396 1481 1486 1506 vero
1505 1468 1600 1519 ipsis

129 1538 313 1570 vacantes
333 1545 380 1570 ac
401 1533 606 1571 societates
632 1531 733 1569 inter
759 1544 799 1568 se
828 1529 1083 1574 celebrantes,
1111 1537 1299 1579 praeterea
1325 1543 1440 1580 parce
1460 1537 1500 1568 et
1518 1543 1600 1568 mo-

131 1593 243 1632 deste
275 1593 542 1645 quotidianam
572 1593 691 1631 vitam
725 1592 931 1643 degentes,
964 1598 1003 1629 et
1031 1591 1247 1629 orationum
1277 1591 1487 1637 studiosos,
1521 1604 1599 1630 non

131 1668 263 1693 earum
284 1669 373 1706 quae
392 1667 462 1706 pro
487 1654 643 1706 privatis
672 1653 839 1705 negotiis
867 1653 1049 1691 dicuntur
1076 1665 1201 1702 neque
1221 1653 1360 1703 quibus
1382 1653 1498 1703 aliqui
1518 1666 1602 1690 mo-

132 1716 244 1755 lestia
281 1717 514 1763 afficiuntur,
550 1716 620 1754 sed
650 1729 738 1767 quae
772 1714 922 1753 cunctis
956 1714 1178 1752 hominibus
1212 1715 1437 1765 probantur,
1470 1721 1599 1752 tamen

132 1779 304 1817 audeant
322 1779 366 1817 iis
387 1780 620 1824 obtrectare,
636 1791 682 1817 ac
705 1777 831 1816 dicere
856 1790 923 1815 eos
947 1777 1049 1814 hanc
1077 1776 1204 1815 colere
1224 1776 1480 1828 disciplinam,
1502 1784 1543 1814 ut
1562 1778 1600 1814 in

127 1841 253 1878 causis
275 1847 410 1890 praeter
428 1839 494 1890 jus
522 1839 737 1890 superiores
763 1838 944 1877 evadant.
1003 1836 1123 1874 Porro
1144 1838 1302 1888 quinam
1331 1850 1379 1874 ex
1399 1837 1444 1875 iis
1463 1837 1527 1887 qui
1550 1838 1599 1875 ad

130 1900 356 1952 injustitiam
389 1908 428 1938 et
458 1900 744 1951 improbitatem
786 1912 871 1938 sese
911 1905 1106 1943 exercent,
1141 1898 1404 1936 continentius
1446 1898 1600 1949 reliquis

131 1963 259 2002 vivere
280 1962 452 2001 vellent?
510 1962 711 2006 Quosnam
735 1975 824 1999 vero
843 1960 1022 1998 viderunt
1044 1960 1082 2004 ii,
1105 1960 1171 2010 qui
1198 1961 1285 1998 haec
1304 1961 1513 2007 blaterant,
1533 1961 1602 1999 im-

130 2026 361 2077 probitatem
382 2024 534 2062 differre
557 2031 673 2075 atque
693 2024 728 2061 in
758 2023 929 2060 futurum
955 2034 1165 2068 reservare,
1194 2028 1233 2059 et
1252 2035 1329 2060 non
1348 2023 1479 2073 potius
1500 2036 1598 2074 prae-

131 2094 281 2125 sentem
302 2087 600 2138 propensionem
621 2091 727 2123 recta
747 2083 881 2135 sequi?

187 2148 278 2186 26:³2
307 2149 372 2185 20.
403 2148 481 2186 Sed
506 2148 565 2185 vel
592 2147 652 2185 his
679 2146 845 2193 omissis,
873 2145 1060 2196 siquidem
1081 2145 1236 2185 dicendi
1262 2146 1318 2185 vis
1345 2147 1437 2185 facit
1463 2148 1599 2186 alienis

130 2209 316 2255 insidiari,
332 2222 466 2247 omnes
482 2209 648 2248 disertos
664 2214 857 2260 oporteret
876 2207 1122 2246 turbulentos
1143 2222 1229 2247 esse
1250 2222 1297 2247 ac
1318 2210 1600 2261 sycophantas:

130 2272 230 2310 hanc
250 2272 351 2320 enim
377 2284 534 2310 causam
560 2271 598 2308 in
622 2271 801 2309 omnibus
827 2269 968 2321 pariter
989 2270 1140 2320 operari
1166 2284 1326 2309 necesse
1353 2279 1421 2309 est.
1484 2272 1599 2309 Nunc

131 2339 260 2372 autem
280 2340 319 2371 et
336 2333 436 2371 inter
455 2332 682 2384 superstites
703 2333 806 2369 cives
827 2337 865 2369 et
890 2331 989 2370 inter
1016 2345 1139 2383 nuper
1158 2332 1360 2371 defunctos
1382 2333 1599 2383 deprehen-

132 2395 246 2441 detis,
266 2394 332 2446 qui
359 2394 565 2445 plurimum
593 2393 827 2444 eloquentiae
857 2393 1028 2431 studium
1055 2407 1135 2445 prae
1165 2408 1206 2432 se
1232 2395 1403 2440 tulerint,
1432 2394 1599 2445 optimos

131 2469 264 2495 eorum
280 2469 364 2495 esse
380 2456 446 2506 qui
461 2462 691 2508 suggestum
706 2455 994 2500 conscenduut3
1026 2463 1214 2506 praeterea
1232 2457 1410 2506 antiquos
1426 2455 1599 2494 rhetores

131 2517 197 2568 qui
234 2531 418 2569 magnum
455 2531 597 2556 nomen
631 2525 721 2556 sunt
756 2518 971 2563 consecuti,
1000 2518 1249 2569 plurimorum
1289 2519 1474 2556 bonorum
1514 2519 1598 2556 urbi

131 2581 323 2620 exstitisse
353 2588 546 2628 auctores,
567 2581 673 2619 initio
705 2581 824 2619 ducto
853 2594 875 2618 a
907 2581 1065 2619 Solone.
1124 2581 1198 2619 Hic
1234 2581 1334 2619 enirn
1360 2581 1438 2618 dux
1467 2582 1598 2633 populi

131 2643 364 2681 constitutus
397 2656 465 2681 eas
498 2643 606 2694 leges
644 2643 746 2689 tulit,
781 2643 836 2681 ita
869 2656 929 2681 res
966 2642 1159 2680 ordinavit
1193 2643 1402 2692 urbemque
1440 2655 1597 2693 compo-

133 2703 224 2748 suit,
251 2711 295 2741 ut
331 2717 434 2742 nunc
468 2718 625 2756 quoque
659 2704 942 2742 administratio
976 2705 1024 2741 ab
1057 2716 1104 2741 eo
1142 2704 1356 2741 constituta
1394 2705 1596 2754 probetur:

133 2764 278 2802 deinde
308 2765 529 2804 Clisthenes
563 2780 586 2804 a
613 2768 787 2818 tyrannis
822 2779 869 2803 ex
905 2766 999 2802 urbe
1034 2765 1195 2816 ejectus,
1228 2779 1349 2815 quum
1379 2766 1596 2816 eloquentia

133 2826 390 2877 persuasisset
422 2829 768 2880 Amphictyonibus
804 2835 846 2865 ut
877 2841 922 2865 ex
961 2827 1130 2878 pecunia
1167 2827 1334 2866 numinis
1367 2828 1437 2866 sibi
1475 2829 1595 2867 soene-

136 2896 278 2940 rarent,
304 2897 342 2928 et
369 2890 554 2940 populum
589 2892 741 2930 reduxit
773 2899 810 2929 et
842 2897 1027 2940 tyrannos
1061 2889 1208 2940 expulit
1236 2899 1273 2929 et
1308 2891 1411 2929 illam
1439 2891 1595 2931 liberta»
