1870 3277
266 173 341 209 194
850 166 1139 207 lSOCRATlS

259 273 545 319 memorabunt,
561 279 628 311 aut
639 272 743 324 quod
758 273 851 311 satis
866 285 982 324 grave
999 270 1230 323 supplicium
1244 269 1353 308 luent
1366 269 1414 308 ad
1429 267 1732 320 exstinguendas

262 342 411 374 vestras
432 334 664 380 inimicitias,
685 347 782 386 quas
803 334 863 373 his
883 335 931 373 de
952 334 1081 372 causis
1096 334 1183 385 jure
1206 332 1442 371 subiissent?

316 399 380 435 14.
414 397 534 436 Nulla
563 397 678 448 igitur
708 396 791 435 istis
822 402 909 447 post
938 402 1048 434 tanta
1078 394 1220 433 delicta
1248 393 1446 432 excusatio
1476 397 1664 444 superest,
1695 397 1735 428 at

257 459 430 512 patronis
452 472 583 498 eorum
604 459 679 497 hoc
695 471 816 495 unum
839 458 1078 508 relinquitur,
1099 463 1142 494 ut
1158 456 1292 494 dicant
1308 454 1499 493 Boeotiam
1521 467 1625 492 nunc
1647 465 1733 504 pro-

255 534 430 574 pugnare
458 534 527 573 pro
548 527 676 559 vestra
695 519 867 571 regione,
888 520 919 557 si
940 532 1029 557 vero
1049 531 1118 556 vos
1141 518 1189 556 ab
1210 530 1343 556 eorum
1369 515 1536 554 amicitia
1561 527 1733 553 remove-

255 584 349 630 ritis,
368 583 405 621 id
424 583 538 621 sociis
556 581 655 620 male
671 593 869 619 cessurum
887 593 995 619 esse:
1025 593 1211 631 magnum
1227 580 1328 616 enim
1344 579 1382 616 in
1398 577 1473 615 hoc
1491 582 1732 615 momentum

261 646 358 692 fore,
378 646 407 684 si
427 646 587 683 istorum
609 645 698 682 urbs
719 656 808 682 curn
832 642 1137 681 Lacedaemoniis
1159 655 1200 680 se
1219 640 1475 693 conjunxerit.

316 709 378 746 15.
412 708 496 759 Ego
514 718 604 745 vero
624 719 695 745 nec
717 718 738 744 e
759 718 799 743 re
821 705 1011 743 sociorum
1032 717 1118 743 esse
1139 710 1232 756 puto
1250 709 1294 741 ut
1313 702 1583 741 imbecilliores
1600 705 1735 751 poten-

258 770 420 808 tioribus
442 768 823 807 serviant—etenim
848 766 1034 818 superiori
1052 774 1224 817 tempore
1240 772 1395 817 propter
1411 765 1512 803 hanc
1533 776 1612 802 rem
1628 760 1733 800 bella

260 832 456 883 gessimus
471 853 537 875 -—-‚
560 843 632 867 nec
654 830 861 867 Thebanos
883 828 920 865 in
949 841 1038 866 eum
1065 828 1230 866 furorem
1252 827 1487 865 deventuros
1509 833 1549 863 ut
1570 822 1731 875 [vestra]

256 894 443 932 societate
475 892 678 943 repudiata
709 890 1092 929 Lacedaemoniorum
1122 889 1308 941 potestati
1340 901 1450 926 suam
1481 888 1613 925 urbem
1644 897 1730 936 per-

253 955 423 1000 mittant,
448 967 524 991 non
548 953 652 1004 quod
677 966 810 991 eorum
835 952 1002 1003 ingeniis
1029 951 1229 989 fidendum
1256 958 1405 1002 putem,
1432 949 1501 988 sed
1531 949 1623 1000 quia
1649 950 1729 987 scio

250 1020 355 1070 ipsos
389 1018 616 1069 intelligere,
656 1018 883 1055 alterutrum
918 1016 1136 1054 necessario
1171 1017 1358 1062 futurum,
1392 1015 1454 1053 vel
1489 1021 1530 1052 ut
1561 1015 1600 1051 in
1636 1016 1731 1053 urbe

250 1088 455 1119 manentes
476 1079 704 1119 occidantur
724 1086 762 1118 et
782 1092 869 1130 quae
892 1086 1163 1130 perpetravere
1191 1077 1306 1115 simili
1327 1089 1443 1128 poena
1462 1076 1587 1125 luant,
1608 1077 1669 1115 vel
1688 1084 1731 1115 ut

252 1144 289 1182 in
310 1143 488 1182 exsilium
519 1150 656 1182 euntes
684 1150 828 1194 egeant
853 1155 921 1193 spe
951 1155 1106 1192 prorsus
1129 1141 1234 1179 omni
1255 1141 1445 1180 destituti.
1504 1141 1606 1178 Num
1628 1141 1731 1179 enim

251 1218 340 1243 cum
359 1205 506 1244 civibus
528 1205 580 1243 eis
601 1205 701 1243 bene
720 1204 917 1250 convenit,
933 1216 1097 1254 quorum
1114 1203 1209 1241 alios
1230 1202 1506 1242 interfecerunt
1523 1202 1617 1241 alios
1635 1203 1730 1240 urbe

252 1267 452 1318 ejecerunt
470 1266 621 1317 direpta
648 1279 782 1304 eorum
811 1278 850 1304 re
870 1264 1062 1310 familiari,
1085 1271 1153 1302 aut
1173 1277 1261 1303 cum
1282 1264 1365 1303 aliis
1389 1264 1565 1311 Boeotiis,
1591 1264 1730 1315 quibus

252 1342 329 1367 non
365 1328 482 1366 modo
517 1340 585 1378 per
619 1327 798 1378 injuriam
838 1327 1026 1378 imperare
1061 1333 1267 1371 conantur,
1305 1325 1373 1364 sed
1412 1333 1450 1364 et
1484 1327 1729 1377 quorundam

251 1389 392 1428 moenia
412 1392 649 1428 subruerunt
669 1388 915 1440 quorundam
943 1401 1056 1439 agros
1083 1387 1324 1439 rapuerunt?
1365 1387 1506 1439 Neque
1535 1388 1652 1426 etiam
1679 1387 1730 1426 ad

252 1459 420 1490 vestram
441 1451 635 1490 civitatem
653 1451 762 1501 quasi
783 1449 1020 1501 postliminio
1042 1449 1166 1488 redire
1188 1456 1385 1501 poterunt,
1408 1449 1522 1488 toties
1545 1463 1568 1487 a
1588 1462 1629 1488 se
1650 1456 1729 1488 tam

254 1520 384 1565 aperte
412 1512 602 1565 proditam
630 1519 669 1550 et
689 1511 902 1555 desertam
940 1524 1058 1562 quare
1079 1511 1159 1549 fieri
1185 1524 1261 1549 non
1288 1519 1419 1563 potest
1442 1518 1485 1550 ut
1509 1525 1579 1562 pro
1605 1511 1731 1550 alieno

254 1575 398 1627 oppido
417 1582 566 1613 vestras
589 1574 806 1625 suscipiant
833 1573 1066 1618 inimicitias,
1087 1586 1164 1624 quo
1185 1586 1295 1612 suam
1315 1575 1448 1612 urbem
1469 1574 1568 1612 adeo
1589 1580 1731 1612 temere

253 1651 300 1676 ac
320 1637 586 1675 indubitanter
607 1636 798 1680 amittant,
817 1635 883 1674 sed
906 1641 945 1673 et
964 1635 1001 1673 in
1019 1635 1198 1673 omnibus
1216 1635 1434 1673 actionibus
1455 1635 1577 1674 multo
1598 1635 1730 1673 mode-

252 1700 413 1738 ratiores
434 1705 558 1743 erunt,
581 1697 622 1735 et
640 1711 709 1736 vos
735 1704 843 1736 tanto
872 1696 995 1748 magis
1026 1697 1302 1743 observabunt,
1323 1703 1471 1748 quanto
1493 1698 1612 1748 magis
1639 1697 1730 1735 sibi-

252 1761 428 1813 metipsis
448 1759 658 1799 timuerint.
717 1758 870 1801 Quibus
893 1766 1024 1797 autem
1053 1758 1216 1810 ingeniis
1242 1765 1281 1797 et
1309 1759 1507 1809 quomodo
1537 1759 1729 1798 tractandi

253 1824 344 1871 sint,
370 1823 467 1862 actis
493 1821 648 1873 Oropiis
677 1820 951 1859 ostenderunt:
998 1833 1090 1858 nam
1119 1820 1210 1858 dum
1236 1827 1468 1871 potestatem
1500 1820 1572 1859 sibi
1598 1821 1729 1860 datam

248 1899 336 1924 esse
355 1891 540 1937 putarunt
560 1883 728 1921 faciendi
749 1883 854 1933 quod
883 1883 1075 1928 libuisset,
1099 1884 1302 1921 vobiscum
1329 1896 1407 1921 non
1434 1889 1478 1921 ut
1503 1896 1591 1921 curn
1613 1883 1729 1923 sociis

250 1953 428 1999 egerunt,
448 1945 518 1984 sed
548 1952 591 1983 ut
613 1944 873 1982 infestissimis
900 1944 1078 1982 hostibus
1098 1944 1358 1983 insultarunt:
1388 1958 1509 1995 quum
1530 1952 1659 1984 autem
1679 1947 1729 1984 ob

251 2023 296 2048 ea
317 2009 459 2048 delicta
476 2007 688 2046 foederibus
707 2020 774 2045 eos
790 2006 948 2045 decreto
965 2007 1067 2045 facto
1084 2007 1363 2053 excluderetis,
1379 2007 1531 2059 abjecta
1548 2011 1731 2060 superbia

252 2078 291 2110 et
320 2071 465 2109 ferocia
495 2069 545 2108 ad
560 2080 646 2107 ‘vos
677 2068 883 2106 humiliore
915 2075 1026 2119 gestu
1059 2068 1266 2119 magisque
1299 2068 1496 2120 supplices
1529 2080 1730 2119 venerunt,

252 2145 369 2184 quam
391 2145 461 2170 nos
487 2131 561 2169 hoc
583 2137 770 2180 tempore.
829 2130 959 2171 Quare
981 2130 1010 2167 si
1030 2130 1097 2180 qui
1117 2137 1313 2168 oratorum
1334 2143 1402 2169 vos
1428 2133 1730 2183 perterrefacere

252 2195 514 2238 conabuntur,
546 2191 761 2243 periculum
792 2203 879 2229 esse
913 2190 1125 2241 [dicentes]
1155 2204 1204 2229 ne
1234 2198 1384 2230 mutata
1415 2194 1607 2232 sententia
1641 2208 1729 2233 cum

251 2255 430 2295 hostibus
453 2267 493 2293 se
514 2252 772 2304 conjungant,
800 2251 892 2289 nihil
920 2265 966 2290 ea
988 2265 1027 2290 re
1055 2253 1199 2291 moveri
1220 2252 1436 2292 debebitis:
1467 2268 1513 2293 ea
1532 2255 1635 2293 enim
1659 2270 1727 2295 ne*-

252 2317 437 2356 cessitate
486 2320 726 2367 premuntur,
758 2307 802 2351 ut
828 2313 950 2351 multo
985 2313 1171 2352 libentius
1195 2320 1366 2353 vestrum
1397 2315 1599 2368 imperium
1614 2331 1730 2369 quam

252 2381 480 2419 societatem
501 2376 889 2416 Lacedaemoniorum
912 2375 998 2413 sint.
1008 2376 1185 2415 subituri.

309 2442 371 2480 16.
402 2440 460 2479 Ut
487 2446 615 2478 autem
641 2437 834 2477 contraria
866 2437 995 2475 omnia
1020 2438 1192 2477 facturos
1218 2439 1494 2486 concedamus,
1520 2447 1651 2480 tamen
1680 2457 1727 2482 ne

253 2505 308 2544 sic
328 2503 486 2556 quidem
505 2502 643 2541 decere
664 2501 827 2539 arbitror
847 2500 982 2552 majori
1012 2513 1115 2539 curae
1135 2501 1245 2540 vobis
1266 2514 1351 2541 esse
1371 2503 1505 2542 urbem
1524 2504 1729 2545 Thebano-

255 2580 338 2605 rum
358 2578 475 2616 quam
494 2564 623 2603 foedus
642 2569 679 2601 et
701 2562 996 2614 jusjurandum;
1029 2563 1283 2613 cogitandum
1305 2564 1407 2602 enim
1426 2565 1592 2616 primum
1612 2569 1729 2607 vestri

252 2629 368 2667 moris
387 2640 474 2665 esse
493 2633 537 2664 ut
556 2639 634 2665 non
655 2623 830 2676 pericula
855 2623 925 2662 sed
952 2624 1094 2675 probra
1119 2630 1157 2662 et
1179 2624 1349 2663 dedecus
1369 2626 1567 2673 metuatis,
1589 2627 1730 2669 deinde

251 2690 455 2729 usuvenire
476 2696 519 2726 ut
545 2688 585 2725 in
615 2687 718 2725 bello
743 2686 957 2738 superiores
988 2685 1064 2723 sint
1090 2698 1168 2723 non
1193 2685 1258 2736 qui
1284 2686 1460 2726 civitates
1479 2687 1515 2726 vi
1537 2697 1730 2739 evertunt,

252 2753 320 2791 sed
343 2752 407 2803 qui
427 2751 598 2789 sanctius
619 2756 659 2788 et
679 2747 912 2787 clementius
935 2746 1129 2786 Graeciam
1149 2747 1433 2787 administrant.

310 2815 372 2851 17.
404 2812 457 2850 Et
475 2811 562 2849 haec
581 2810 763 2862 plurimis
784 2808 1252 2860 exemplis-demonstrari
1271 2816 1443 2860 queunt:
1476 2810 1546 2849 sed
1565 2811 1651 2863 quis
1671 2820 1732 2852 est

252 2875 319 2928 qui
338 2874 400 2913 vel
421 2887 468 2913 ea
492 2887 581 2925 quae
609 2873 751 2911 nostris
776 2871 955 2910 accidere
984 2871 1222 2923 temporibus
1249 2872 1429 2923 ignoret?
1459 2886 1587 2913 noune
1607 2875 1727 2915 Lace—

252 2937 433 2978 daemonii
457 2943 624 2976 vestram
650 2934 864 2987 potentiam
886 2947 975 2985 quae
1003 2933 1274 2985 insuperabilis
1300 2934 1506 2974 videbatur
1533 2948 1727 2989 represse-
