1870 3277
457 168 527 204 DE
565 165 892 203 ARISTARCHI
925 165 1287 203 HEREDITATE.
1515 169 1589 205 407

159 270 311 319 liquisse
331 281 407 319 quo
427 269 508 320 ipse
539 269 588 306 sit
612 268 721 306 heres
751 269 934 305 bonorum
956 267 1163 304 Aristarchi
1194 267 1386 317 [senioris]
1416 268 1592 319 scriptus,

146 331 278 380 jubete
299 343 384 367 eum
405 330 538 367 docere
560 329 776 367 Aristarcho
803 327 1029 378 disponendi
1050 335 1276 378 potestatem
1299 329 1414 367 fuisse
1433 343 1594 380 eumque

155 392 202 429 de
221 392 329 429 bonis
350 405 436 442 quae
456 391 572 442 ipsius
594 391 742 441 propria
762 397 799 427 et
819 389 982 439 legitime
1003 397 1109 439 parta
1127 396 1256 426 essent
1274 390 1516 440 disposuisse.
1548 392 1593 429 Id

155 454 255 490 enim
272 454 414 502 justum
434 460 471 490 et
499 465 648 501 aequum
671 459 740 489 est.
798 450 925 487 Grave
952 451 1050 487 enirn
1070 450 1168 487 foret
1187 463 1309 500 neque
1329 451 1538 499 ferendum,
1560 453 1592 491 si

158 514 370 564 Cyronides
399 521 437 552 et
457 514 493 550 hi
514 527 559 550 ex
580 526 624 550 eo
644 513 721 549 nati
749 525 826 549 non
855 511 976 548 solum
1007 511 1207 549 Xenaeneti
1225 512 1416 562 [senioris]
1437 513 1593 551 domum

157 575 322 612 habeant
340 576 395 625 [h.
409 589 442 612 e.
461 573 731 621 substantiam]
745 578 906 623 quatuor
924 572 1073 610 talentis
1090 578 1128 609 et
1146 573 1244 610 ultra
1263 574 1503 619 aestimatam,
1525 575 1594 612 sed

157 636 257 673 hanc
285 635 490 673 Aristarchi
509 647 662 685 quoque
682 647 752 670 ceu
773 633 991 671 mantissam
1021 633 1229 671 aufferant:
1259 647 1330 684 ego
1350 647 1437 672 vero
1465 635 1594 673 matris

159 712 252 736 meae
273 699 519 736 hereditatem
547 696 647 733 adire
669 696 880 746 prohibear,
900 708 1012 745 quam
1033 696 1069 732 in
1089 695 1338 733 hereditatem
1365 697 1472 734 matri
1497 710 1593 735 meae

152 762 217 811 jus
237 768 293 798 est
312 761 490 811 optimum
517 765 632 808 atque
666 759 1006 796 luculentissimum
1035 759 1173 809 quippe
1200 772 1285 809 quae
1312 759 1361 796 sit
1385 761 1432 797 ab
1460 761 1594 799 eodem

158 828 264 872 patre
283 820 442 858 oriunda
465 819 564 857 unde
585 826 674 856 sunt
702 819 917 870 Cyronides
947 826 984 856 et
1010 820 1057 857 ab
1086 832 1131 856 eo
1158 820 1250 865 nati,
1269 821 1478 870 praesertim
1507 835 1593 860 cum

158 881 295 919 docere
314 881 352 918 hi
372 888 576 931 nequeant,
597 894 619 918 a
638 893 804 931 quonam
826 880 1042 930 acceperint
1070 881 1175 918 istaec
1196 894 1282 931 quae
1301 888 1378 918 tam
1400 881 1465 919 diu
1486 896 1595 921 usur-

159 949 252 993 pant
269 943 382 980 bona.
439 942 570 992 Atqui,
596 942 761 991 judices,
781 941 1101 991 quemadmodum
1122 955 1190 993 par
1214 950 1272 980 est
1299 950 1380 980 orta
1400 943 1447 981 de
1466 944 1595 983 fundis

158 1004 414 1041 controversia
433 1016 690 1053 possessorem
710 1002 857 1040 illorum
877 1003 1080 1040 fundorum
1100 1003 1358 1042 demonstrare
1377 1005 1455 1042 sive
1471 1018 1557 1043 eum
1573 1019 1597 1044 a

159 1077 234 1114 quo
253 1065 336 1102 illos
351 1064 620 1115 oppigneratos
641 1064 872 1119 habeat-sive
893 1078 978 1102 eum
993 1079 1014 1102 a
1031 1078 1106 1115 quo
1121 1065 1264 1112 emerit,
1280 1073 1356 1111 aut,
1373 1066 1595 1105 alterutrum

159 1126 196 1162 ni
214 1125 359 1171 fecerit,
380 1126 457 1176 pati
475 1125 617 1163 fundos
637 1125 810 1176 judicum
831 1126 1018 1164 sententia
1046 1126 1114 1163 sibi
1135 1127 1343 1178 abjudicari
1362 1134 1400 1165 et
1418 1141 1536 1166 causa
1555 1143 1596 1168 se

160 1186 311 1232 cadere,
331 1186 384 1223 ita
412 1186 480 1223 hos
511 1199 664 1236 quoque
693 1186 856 1224 decebat
884 1201 929 1224 ex
954 1187 1080 1237 aliquo
1105 1186 1239 1225 horum
1267 1188 1461 1226 titulorum
1489 1190 1597 1228 istaee

161 1249 262 1285 bona
281 1248 350 1285 sibi
371 1248 599 1298 ajudicib'us
626 1249 883 1299 adjudicanda
907 1262 1053 1294 curare,
1073 1263 1149 1287 non
1171 1257 1295 1288 autem
1322 1251 1465 1289 indicta
1482 1264 1599 1291 causa

161 1316 199 1346 et
218 1308 386 1346 nondum
409 1309 504 1346 adeo
530 1310 567 1346 in
589 1309 709 1346 forum
731 1310 859 1347 delata
884 1310 998 1348 filiam
1028 1310 1249 1357 Aristarchi,
1269 1324 1354 1362 quae
1376 1325 1459 1351 mea
1478 1319 1598 1352 mater

161 1376 234 1414 est,
255 1383 275 1407 e
302 1369 410 1406 bonis
442 1370 606 1419 paternis
641 1370 839 1421 expellere.
896 1371 1228 1410 Verumenimvero
1262 1373 1471 1412 Xenaeneto
1505 1375 1598 1414 satis

163 1443 238 1467 non
258 1436 330 1475 est,
344 1430 510 1480 judices,
530 1430 782 1468 Aristomenis
804 1431 1055 1469 substantiam
1078 1433 1264 1470 scelerata
1281 1435 1546 1485 prodigalitate
1561 1437 1596 1474 in

162 1492 349 1530 nefandos
377 1505 579 1542 puerorum
608 1505 755 1530 amores
785 1492 1020 1538 exhausisse,
1049 1506 1176 1531 verum
1207 1494 1306 1532 hane
1334 1509 1485 1547 quoque
1514 1497 1599 1535 Ari·-

163 1553 302 1590 starchi
322 1553 573 1590 substantiam
593 1560 635 1590 ut
654 1554 733 1603 pari
749 1566 836 1590 cum
857 1553 1044 1591 dedecore
1065 1554 1244 1605 prodigat
1256 1568 1296 1593 se
1308 1555 1441 1594 decere
1457 1566 1601 1598 censet.

164 1619 248 1668 Ego
261 1631 362 1663 vero,
376 1618 544 1668 judiees,
559 1617 718 1655 honeste
736 1631 929 1668 nunquam
949 1631 1023 1655 non
1040 1618 1256 1669 pudiceque
1271 1627 1385 1670 atque
1404 1621 1600 1672 frugaliter

163 1681 249 1726 vixi,
270 1695 316 1719 ex
336 1688 502 1731 angusta
517 1695 554 1719 re
573 1681 744 1719 familiari
761 1694 906 1719 sorores
923 1689 1048 1720 tamen
1065 1682 1210 1721 elocavi
1230 1697 1316 1721 cum
1337 1684 1488 1723 dotibus
1504 1700 1599 1737 quas

163 1744 216 1781 eis
236 1743 377 1780 addere
401 1742 606 1780 facultates
634 1743 822 1789 sinebant,
852 1742 1066 1781 modestum
1097 1750 1210 1794 atque
1240 1751 1512 1796 temperantem
1539 1762 1600 1787 me

164 1818 313 1856 semper
331 1804 496 1846 exhibui,
517 1803 701 1854 imperata
720 1817 918 1855 exsequor,
940 1805 976 1842 in
999 1805 1131 1842 castris
1150 1805 1340 1855 stipendia
1356 1807 1474 1852 faci03
1505 1822 1601 1860 quo-

165 1879 247 1903 rum
267 1866 302 1903 in
324 1865 683 1916 compensationem,
699 1873 741 1904 ut
759 1866 852 1904 civis
873 1866 970 1917 frugi
990 1874 1102 1918 atque
1123 1868 1341 1918 probabilis,
1363 1871 1516 1920 postulo
1534 1885 1601 1911 vos

165 1927 240 1965 hoc
260 1927 346 1964 mihi
360 1928 423 1977 jus
443 1927 666 1974 concedere,
684 1934 727 1965 ut
746 1928 876 1965 matris
898 1941 991 1965 meae
1009 1929 1261 1967 substantiam
1280 1930 1370 1968 mihi
1389 1945 1456 1982 per
1473 1932 1546 1971 vim
1564 1941 1604 1973 et

166 1989 271 2026 nefas
297 1988 387 2039 eripi
417 2002 463 2025 ne
491 1988 634 2026 sinatis.
693 1988 959 2026 Demonstravi
983 1989 1079 2026 enim
1108 1990 1348 2040 Cyronidem‚
1380 1992 1443 2042 qui
1469 1993 1603 2033 horum

167 2049 483 2101 [adversariorum
514 2049 699 2098 meorum]
719 2056 826 2100 pater
856 2056 927 2096 est,
955 2063 1002 2087 ex
1031 2050 1236 2089 Aristarchi
1263 2053 1377 2102 patris
1410 2055 1468 2092 sui
1488 2055 1602 2094 domo

165 2111 283 2148 fuisse
298 2111 581 2161 emancipatum
601 2110 639 2147 in
652 2123 811 2161 eamque
825 2124 901 2148 non
921 2111 1077 2157 redisse,
1091 2119 1171 2149 tum
1187 2112 1442 2152 demonstravi
1456 2123 1602 2166 patrem

167 2171 370 2222 Cyronidis
390 2179 505 2222 atque
533 2171 662 2209 matris
689 2184 784 2209 meae
813 2172 1061 2211 hereditatem
1090 2186 1197 2211 suam
1227 2175 1331 2213 alteri
1362 2176 1436 2214 filio
1462 2177 1604 2216 Demo·

166 2233 269 2271 chari
309 2233 520 2284 reliquisse,
550 2232 689 2283 illoque
721 2233 958 2272 Demochare
996 2234 1077 2272 sine
1110 2235 1213 2286 prole
1243 2236 1425 2276 defuncto
1457 2239 1603 2277 heredi-

167 2302 285 2333 tatem
324 2295 405 2345 ejus
438 2295 485 2334 ad
521 2307 701 2340 sororem,
727 2308 814 2344 quae
845 2301 902 2334 est
941 2308 1024 2334 mea
1053 2303 1186 2343 mater,
1204 2296 1291 2349 jure
1320 2299 1463 2350 optimo
1488 2300 1605 2338 fuisse

169 2355 400 2396 devolutam.
