1870 3277
702 200 960 238 EPISTOLA
992 199 1060 236 IX.
1521 203 1598 240 299

166 313 242 339 non
277 301 380 339 illam
414 302 608 353 vulgarem
641 302 822 352 aliquam,
854 301 920 339 sed
954 314 1039 351 quae
1070 307 1268 352 tantopere
1303 304 1448 341 virtutis
1481 317 1598 343 causa

165 362 358 399 emineret.
415 362 475 400 De
495 363 631 413 quibus
651 376 763 401 nemo
784 361 928 400 scilicet.
946 374 1023 399 non
1043 375 1128 399 cum
1149 364 1401 402 ostentatione
1422 365 1490 402 sed
1508 365 1596 403 sim-

163 424 311 474 pliciter
343 426 544 470 narrando,
579 438 704 475 neque
737 437 823 463 cum
852 425 1051 461 verborum
1080 432 1215 462 ornatu
1245 425 1310 462 sed
1338 427 1597 464 enumerando

163 485 354 523 duntaxat
372 494 410 524 et
428 494 568 524 temere
592 486 738 536 quidvis
765 484 1010 529 effundendo,
1036 484 1270 530 disseruerit,
1297 486 1362 534 qui
1388 499 1462 523 non
1482 499 1530 524 ex
1551 499 1597 524 eo

162 559 343 597 magnam
361 547 430 585 sibi
449 547 600 584 laudem
620 545 906 597 comparaverit.

217 609 253 645 3.
283 608 366 658 Ego
392 620 503 659 porro
532 607 596 657 qui
623 607 736 644 etiam
762 607 809 643 de
839 606 897 643 his
928 613 1098 656 poteram
1125 607 1264 644 idoneo
1290 607 1405 644 modo
1431 607 1595 657 praefari,

163 669 256 706 illud
288 682 438 719 quoque
468 669 602 712 sentio,
636 668 797 718 primum
830 667 980 705 facilius
1014 681 1098 705 esse
1128 668 1175 705 de
1209 668 1408 718 praeteritis
1442 667 1595 718 copiose

162 730 289 780 eloqui
309 742 422 779 quam
441 730 489 766 de
514 729 650 766 futuris
671 729 825 766 cordate
846 729 987 774 dicere,
1009 729 1148 766 deinde
1169 742 1300 766 omnes
1319 728 1494 766 homines
1516 742 1595 767 ma-

154 791 276 841 jorem
297 791 436 827 habere
458 791 616 840 gratiam
636 790 879 828 laudantibus
899 802 1012 840 quam
1033 789 1474 827 consiliantibus—illos
1494 789 1595 827 enim

160 851 319 888 libenter
339 851 530 901 excipiunt
550 858 590 888 ut
609 851 666 887 sui
687 851 891 896 studiosos,
917 851 988 888 hos
1008 864 1110 896 vero,
1137 851 1208 888 nisi
1222 851 1322 902 jussi
1351 851 1598 895 admoneant,

161 912 312 950 auribus
327 912 537 950 obtundere
555 912 856 955 arbitrantur—,
879 925 965 962 quae
981 912 1051 949 etsi
1067 912 1195 950 omnia
1214 911 1465 963 praeviderim,
1481 911 1597 948 nihilo

159 981 286 1011 tamen
315 974 438 1011 secius
465 975 512 1011 ab
543 974 599 1011 his
630 974 795 1011 abstinui
822 987 908 1024 quae
933 974 982 1010 ad
1013 974 1173 1024 gratiam
1199 973 1405 1011 ineundam
1433 972 1596 1010 dicenda

159 1042 298 1081 essent,
325 1035 373 1072 de
403 1035 459 1072 his
488 1036 750 1072 tantummodo
776 1035 946 1072 dicturus
973 1035 1020 1072 de
1051 1036 1186 1084 quibus
1214 1048 1324 1072 nemo
1355 1035 1451 1072 alius
1483 1034 1596 1079 ausi-t,

158 1103 263 1133 ratus
284 1096 456 1133 nimirum
477 1096 612 1134 decere
640 1109 718 1142 eos,
746 1096 809 1145 qui
834 1096 880 1133 de
908 1097 1088 1146 aequitate
1115 1103 1152 1133 et
1178 1095 1379 1147 prudentia
1403 1108 1491 1132 cum
1511 1094 1594 1132 aliis

158 1157 409 1202 contendunt,
435 1170 673 1208 nequaquam
707 1170 752 1194 ea
784 1158 852 1194 sibi
888 1157 1024 1207 eligere
1057 1164 1281 1207 argumenta
1313 1169 1398 1206 quae
1427 1162 1592 1201 tractatu

157 1217 337 1255 facillima
357 1226 446 1256 sunt
465 1219 531 1256 sed
552 1231 637 1269 quae
660 1217 890 1263 difficillima,
906 1231 1031 1269 neque
1052 1232 1180 1256 rursus
1200 1231 1245 1255 ea
1264 1231 1350 1268 quae
1369 1217 1501 1255 auditu
1520 1217 1596 1255 sint

150 1279 443 1330 jucundissima,
478 1280 547 1318 sed
578 1294 626 1317 ex
657 1280 794 1330 quibus
820 1280 1065 1317 emolumenti
1092 1280 1294 1330 plurimum
1326 1278 1489 1316 afferant
1512 1285 1594 1315 tum

156 1340 371 1377 civitatibus
399 1341 478 1378 suis
504 1348 583 1378 tum
612 1340 759 1379 Graecis
788 1341 976 1386 omnibus,
1007 1341 1044 1378 in
1075 1354 1235 1391 quorum
1262 1341 1461 1379 utilitatem
1490 1347 1593 1377 totus

158 1414 258 1439 nunc
278 1402 469 1439 intendor.

207 1464 246 1500 4.
278 1462 452 1500 Demiror
472 1471 599 1501 autem
619 1464 712 1502 alios
733 1463 869 1514 quibus
891 1464 948 1501 vel
969 1464 1109 1514 agendi
1128 1471 1184 1501 est
1203 1463 1263 1501 vel
1284 1463 1438 1501 dicendi
1468 1462 1596 1513 aliqua

153 1524 331 1570 facultas,
353 1525 456 1575 quod
476 1526 581 1563 nulla
599 1539 767 1576 unquam
789 1525 838 1563 de
858 1526 1124 1563 communibus
1145 1526 1257 1563 rebus
1279 1525 1427 1562 illorum
1449 1524 1594 1560 animos

154 1587 336 1637 cogitatio
370 1588 518 1633 subeat,
556 1601 678 1638 neque
715 1594 935 1625 moveantur
970 1587 1132 1625 Graeciae
1167 1585 1462 1628 calamitatibus,
1484 1585 1593 1635 cujus

156 1654 277 1686 status
297 1648 394 1686 adeo
413 1649 540 1687 foedus
559 1657 618 1687 est
638 1656 678 1686 et
702 1648 940 1691 miserabilis,
968 1656 1011 1685 ut
1031 1648 1158 1685 nullus
1180 1648 1217 1685 in
1238 1660 1284 1685 ea
1302 1647 1410 1684 locus
1431 1646 1594 1696 reperia-

154 1716 227 1754 tur,
250 1711 406 1759 quinon
421 1710 623 1755 bellorum,
644 1709 887 1752 seditionum,
904 1709 1081 1754 caedium,
1102 1717 1140 1746 et
1157 1709 1391 1745 infinitorum
1412 1707 1594 1744 malorum

154 1770 290 1820 plenus
321 1770 381 1807 sit.
439 1770 609 1813 Quorum
638 1770 792 1819 quidem
814 1775 958 1819 partem
990 1770 1103 1818 longe
1125 1770 1327 1805 maximam
1357 1768 1547 1811 sustinent
1572 1768 1595 1804 ii

154 1830 220 1880 qui
238 1830 338 1867 Asiae
358 1830 546 1867 maritima
565 1830 751 1873 incolunt,
779 1837 818 1866 et
843 1842 865 1866 a
892 1829 1000 1865 nobis
1020 1829 1202 1866 universis
1222 1830 1259 1865 in
1280 1827 1487 1865 foederibus
1508 1837 1595 1867 sunt

155 1891 274 1928 dediti
306 1904 379 1928 non
413 1890 581 1929 barbaris
615 1889 893 1934 tantummodo,
930 1889 997 1926 sed
1030 1890 1074 1927 iis
1106 1890 1194 1927 item
1230 1889 1376 1926 Graecis
1408 1889 1487 1939 qui,
1525 1891 1595 1928 etsi

156 1953 353 1989 nobiscum
381 1951 516 1989 eadem
539 1951 672 2001 lingua
697 1956 864 1995 utantur,
892 1962 913 1987 a
941 1950 1106 1988 moribus
1133 1951 1378 1988 barbarorum
1405 1950 1496 1987 nihil
1517 1951 1594 1989 dis-

156 2019 333 2063 crepant:
363 2025 457 2062 quos
480 2019 596 2056 certe,
624 2011 654 2048 si
680 2011 715 2047 in
738 2011 846 2048 nobis
868 2011 1074 2061 quidquam
1096 2019 1197 2049 esset
1217 2025 1320 2049 sanae
1342 2012 1491 2057 mentis,
1517 2026 1594 2051 non

156 2074 366 2111 sineremus
386 2073 486 2111 coire
505 2080 544 2110 et
563 2086 584 2109 a
601 2072 838 2122 quibuslibet
856 2072 892 2108 in
914 2072 1190 2121 expeditionem
1212 2073 1338 2116 educi,
1357 2074 1595 2124 majoresque

156 2141 195 2172 et
221 2134 420 2172 validiores
445 2134 602 2171 conflari
632 2135 761 2184 copias
789 2147 809 2171 e
834 2134 1061 2184 vagantibus
1086 2134 1173 2171 viris
1199 2148 1313 2184 quam
1342 2148 1363 2172 e
1383 2135 1528 2172 civibus
1555 2136 1592 2173 in

155 2196 247 2233 urbe
277 2195 517 2246 degentibus.
587 2196 662 2239 Qui
694 2209 810 2246 quum
845 2196 1021 2246 exiguam
1056 2197 1262 2234 admodum
1295 2197 1448 2235 ditionis
1476 2198 1592 2248 regiae

156 2265 301 2307 partem
329 2257 542 2303 devastent,
565 2257 720 2295 Graecas
744 2258 854 2295 urbes
882 2257 930 2294 ad
959 2270 1206 2308 quascunque
1236 2259 1469 2297 accesserint
1489 2272 1594 2297 ever-

155 2324 254 2363 tunt,
274 2318 309 2354 in
327 2318 464 2368 quibus
485 2319 577 2356 alios
599 2318 806 2363 trucidant,
820 2318 913 2356 alios
934 2319 1197 2365 exterminant,
1215 2319 1310 2357 alios
1331 2320 1441 2357 bonis
1460 2333 1594 2370 exspo-

153 2378 261 2423 liant,
280 2387 535 2430 praetereaque
555 2392 691 2430 pueros
712 2387 751 2417 et
769 2379 941 2416 foeminas
961 2380 1199 2418 coutumeliis
1219 2379 1399 2425 afficiunt,
1419 2387 1457 2417 et
1475 2381 1511 2417 in
1533 2380 1592 2418 his

154 2440 277 2477 forma
298 2441 631 2490 praestantissimas
653 2449 926 2486 contemerant,
948 2449 1106 2480 caeteras
1127 2443 1171 2480 iis
1191 2450 1335 2480 exuunt
1356 2442 1590 2480 vestimentis

155 2502 293 2552 quibus
314 2508 496 2552 teguntur
524 2503 686 2553 ipsarum
711 2516 880 2553 corpora,
908 2511 948 2540 ut
966 2516 1061 2552 quas
1082 2511 1195 2541 antea
1213 2504 1248 2540 in
1271 2502 1468 2553 peregrina
1486 2510 1590 2541 veste

154 2574 347 2611 nunquam
376 2575 422 2599 ne
451 2570 605 2601 ornatus
633 2564 786 2614 quidem
816 2563 937 2613 gratia
964 2564 1135 2609 vidisses,
1168 2564 1282 2601 nudae
1307 2564 1386 2614 jam
1411 2576 1433 2600 a
1462 2564 1590 2601 multis

152 2622 448 2673 conspiciantur,
467 2631 505 2661 et
532 2637 660 2662 earum
689 2625 881 2673 nonnullae
909 2625 945 2662 in
964 2624 1099 2662 vilibus
1126 2625 1261 2675 pannis
1288 2625 1336 2661 ob
1356 2625 1589 2663 necessario-

153 2695 234 2719 rum
252 2683 419 2733 inopiam
438 2691 607 2735 pereant.

206 2744 243 2779 5.
272 2743 368 2786 Quae
388 2758 504 2794 quum
526 2753 632 2784 tanto
652 2745 929 2797 jain[tempore
953 2747 1053 2784 mala
1081 2745 1298 2796 perdurent,
1328 2745 1432 2782 nulla
1458 2753 1587 2785 tamen

156 2803 289 2841 civitas
309 2817 356 2841 ex
376 2805 418 2842 iis
437 2819 522 2855 quae
543 2807 764 2845 Graecorum
793 2807 986 2857 imperium
1014 2806 1207 2851 affectant,
1229 2819 1352 2856 neque
1371 2806 1425 2842 vir
1450 2806 1586 2857 aliquis

152 2877 199 2902 ex
231 2864 391 2902 Graeciae
422 2867 650 2918 principibus
682 2868 879 2907 molestius
907 2868 1003 2912 tulit,
1036 2875 1285 2918 praeterquam
1320 2875 1408 2905 tuus
1434 2881 1584 2919 parens.

155 2926 269 2964 Solus
289 2927 388 2964 enim
412 2928 617 2977 Agesilaus
637 2943 766 2967 eorum
787 2942 884 2978 quos
911 2930 1082 2967 novimus
1109 2930 1144 2967 in
1165 2941 1302 2978 magno
1324 2941 1473 2979 semper
1492 2929 1584 2967 vixit
