1870 3277
251 211 303 248 56
846 209 1136 247 ISOCRA'rtS

250 315 470 353 militabant
496 327 601 353 nunc
623 314 819 352 Thebanis
847 314 990 353 addicti
1023 321 1127 359 sunt,
1149 326 1264 365 agros
1291 326 1383 353 suos
1408 315 1594 354 incursari
1617 315 1721 354 vide-

249 383 359 419 runt:
391 390 480 415 cum
506 377 645 427 quibus
671 389 746 414 non
776 377 812 414 in
843 389 935 427 agro
965 377 1014 414 de
1040 376 1230 427 frugibus,
1254 377 1321 414 sed
1345 378 1381 414 in
1405 378 1530 416 media
1557 379 1650 417 urbe
1670 380 1720 417 ad

250 439 335 489 ipsa
364 438 544 490 praetoria
578 438 627 476 de
657 439 839 476 uxoribus
873 445 912 475 ct
942 437 1085 483 liberis,
1115 438 1298 476 dimicare
1331 447 1370 476 et
1403 439 1478 477 tale
1509 440 1716 478 discrimen

248 501 375 538 subire
390 500 513 538 coacti
531 506 635 544 sunt,
652 513 731 550 quo
748 499 777 537 si
795 499 1051 550 impegissent
1067 513 1155 538 mox
1171 501 1344 538 funditus
1362 500 1582 551 periissent,
1601 503 1721 540 victo-

247 563 340 600 riam
364 575 455 600 vero
485 561 615 612 adepti
642 561 751 598 malis
780 562 898 599 nihilo
925 574 1041 612 quam
1069 569 1157 600 ante
1185 563 1396 600 minoribus
1421 563 1718 602 conflictantur:

249 637 336 661 nam
365 631 405 661 et
431 636 453 660 a
480 623 650 660 finitimis
679 623 781 660 bello
810 622 1055 668 infestantur,
1077 631 1116 661 et
1145 623 1509 674 Peloponnensibus
1540 625 1720 662 omnibus

248 684 418 735 suspecti
445 691 485 721 et
505 683 655 721 Graecis
688 684 881 734 plerisque
908 685 1088 722 omnibus
1114 684 1228 722 invisi
1257 691 1361 730 sunt,
1385 693 1423 722 et
1446 699 1467 723 a
1494 686 1574 724 suis
1601 687 1720 725 servis

247 754 363 784 noctu
395 755 434 784 et
465 746 629 783 interdiu
667 746 946 796 direptionibus
977 754 1177 792 vexantur,
1207 746 1373 798 denique
1406 747 1511 785 nullo
1546 756 1721 799 ternpore

247 822 321 846 non
351 815 416 845 aut
440 807 588 858 aliquos
611 814 841 859 oppugnant
863 815 930 845 aut
950 808 1080 858 praelia
1102 808 1350 846 committunt
1369 816 1435 846 aut
1454 809 1534 846 suis
1555 822 1720 860 pereun-

246 870 345 907 tibus
375 870 634 920 opitulautur;
666 877 717 913 et,
737 869 839 919 quod
873 869 1060 907 malorum
1094 870 1264 907 omnium
1294 870 1505 907 maximum
1531 877 1605 916 est,
1634 884 1719 922 per-

244 941 362 984 petuo
384 933 520 971 timent
538 946 584 970 ne
606 946 627 970 a
642 932 836 969 Thebanis
853 932 1031 983 pactione
1048 946 1135 970 cum
1155 932 1419 970 Phocensibus
1437 932 1540 970 facta
1556 933 1720 971 reversis

244 995 453 1047 majoribus
492 994 669 1032 cladibus
703 1007 816 1044 qnam
855 994 1020 1032 antehac
1056 1007 1227 1044 unquam
1265 994 1500 1031 afficiantur.
1578 995 1719 1032 Nonne

245 1063 374 1094 autem
409 1063 714 1094 consentaneum
747 1063 808 1093 est
835 1068 902 1093 eos
929 1069 1017 1094 cum
1047 1057 1185 1106 quibus
1220 1056 1273 1093 ita
1305 1055 1431 1106 agitur
1464 1055 1719 1095 libentissime

243 1118 392 1155 visuros
414 1118 534 1154 virum
559 1130 699 1166 magna
724 1116 929 1166 praeditum
958 1117 1202 1161 auctoritate,
1223 1123 1262 1153 et
1282 1116 1335 1153 ita
1354 1123 1532 1166 paratum
1555 1124 1597 1154 ut
1615 1117 1718 1156 bella

244 1192 310 1217 eos
333 1179 511 1229 urgentia
532 1178 728 1229 depellere
750 1178 886 1229 possit,
909 1178 974 1228 qui
996 1191 1036 1216 se
1060 1179 1166 1229 pacis
1187 1185 1388 1215 auctorem
1409 1179 1659 1229 profiteatur?

299 1242 363 1278 ³20.
393 1241 559 1291 Argivos
588 1248 716 1278 autem
743 1248 891 1291 partem
921 1240 1055 1278 eadem
1087 1254 1165 1290 qua
1185 1240 1414 1291 Spartanos,
1436 1239 1573 1291 partim
1600 1241 1718 1279 etiam

243 1302 434 1341 deteriore
467 1303 635 1347 fortuna,
670 1303 724 1340 uti
751 1302 908 1340 videas:
944 1302 1222 1353 belligerantur
1257 1303 1358 1340 enim
1392 1316 1440 1340 ex
1471 1316 1547 1353 quo
1583 1305 1718 1341 urbem

243 1372 450 1402 tenuerunt
471 1378 558 1401 cum
581 1364 763 1408 finitimis,
781 1372 820 1401 ut
839 1371 876 1401 et
894 1364 1196 1409 Lacedaemonii,
1219 1364 1284 1402 sed
1308 1365 1402 1403 illud
1420 1366 1593 1410 interest,
1613 1367 1718 1416 quod

242 1427 301 1465 his
318 1441 404 1465 cum
427 1427 739 1465 imbecillioribus
758 1439 817 1464 res
838 1435 910 1472 est,
924 1427 997 1464 illis
1015 1440 1102 1464 cum
1121 1427 1425 1477 potentioribus;
1459 1428 1565 1478 quod
1583 1441 1718 1466 omnes

242 1492 452 1530 maximum
476 1491 616 1529 malum
638 1504 726 1529 esse
747 1491 953 1528 fateantur.
1014 1489 1166 1527 Bellum
1188 1496 1318 1527 autem
1337 1496 1415 1526 tarn
1437 1489 1639 1527 infeliciter
1656 1502 1720 1540 ge-

242 1562 345 1601 runt,
366 1561 409 1591 ut
430 1553 591 1604 singulis
612 1553 689 1591 fere
710 1552 822 1590 annis
842 1564 977 1603 agrurn
999 1564 1112 1588 suum
1135 1550 1246 1601 diripi
1268 1551 1487 1601 vastarique
1509 1550 1716 1601 patiantur.

243 1618 306 1664 Et,
330 1616 436 1667 quod
462 1615 754 1654 acerbissimum
775 1620 848 1661 est,
873 1628 894 1651 a
920 1612 1069 1651 bellicis
1101 1611 1278 1650 cladibus
1307 1611 1430 1650 feriati
1455 1611 1716 1650 nobilissimos

242 1687 282 1719 et
302 1679 616 1731 opulentissimos
647 1678 749 1715 cives
780 1675 1030 1720 interficiunt,
1052 1687 1175 1725 eaque
1204 1687 1243 1712 re
1272 1674 1326 1711 ita
1350 1674 1530 1712 laetantur
1558 1680 1602 1711 ut
1621 1673 1717 1711 nulli

242 1743 305 1780 alii
323 1742 435 1780 caesis
452 1740 639 1778 hostibus.
698 1739 792 1776 Tam
812 1738 1046 1789 perturbatae
1061 1743 1187 1774 autem
1207 1736 1297 1774 vitae
1313 1736 1418 1773 nulla
1434 1735 1507 1773 alia
1524 1748 1643 1773 causa
1659 1742 1719 1773 est

243 1805 314 1842 nisi
336 1803 506 1846 bellum3
537 1815 616 1852 quo
639 1801 780 1852 sopito,
798 1814 875 1837 non
892 1799 950 1837 his
968 1806 1117 1837 tantum
1135 1797 1422 1836 calamitatibus
1439 1810 1505 1835 eos
1522 1797 1716 1843 liberabis,

242 1866 312 1904 sed
333 1872 376 1902 ut
393 1864 545 1902 caeteris
565 1876 721 1914 quoque
741 1863 856 1900 rebus
876 1861 1076 1912 aliquanto
1098 1860 1242 1898 rectius
1264 1859 1474 1898 consulant
1495 1857 1653 1896 efficies.

295 1929 360 1966 21.
400 1927 674 1964 Thebanorum
710 1937 821 1976 porro
851 1936 940 1974 quae
974 1922 1068 1960 ratio
1102 1922 1164 1967 sit,
1195 1935 1242 1959 ne
1274 1928 1311 1959 te
1343 1921 1500 1972 quidem
1533 1923 1716 1971 praeterit.

244 1989 399 2027 Etenim
417 1987 714 2039 pulcherrimam
728 1985 926 2023 victoriam
945 1984 1160 2030 consecuti,
1175 1993 1214 2021 et
1229 1983 1434 2021 maximam
1450 1982 1538 2020 inde
1553 1983 1715 2033 gloriam

242 2053 388 2104 adepti,
409 2050 656 2089 successibus
676 2048 778 2086 male
800 2048 947 2086 utendo
968 2047 1178 2085 effecerunt
1196 2053 1240 2083 ut
1258 2045 1377 2083 nihilo
1394 2059 1483 2083 cum
1503 2045 1558 2082 eis
1579 2045 1717 2083 melius

243 2120 381 2165 agatur
410 2126 526 2163 quam
558 2125 645 2149 cum
671 2110 783 2148 victis
817 2116 856 2147 et
885 2109 1088 2146 adversam
1122 2107 1316 2146 fortunam
1345 2106 1526 2158 expertis.
1585 2106 1717 2149 Quum

240 2176 405 2226 primum
426 2175 526 2212 enirn
548 2174 682 2210 hostes
700 2172 897 2217 vicissent,
912 2170 1101 2220 neglectis
1122 2170 1237 2207 rebus
1259 2169 1437 2206 omnibus
1460 2168 1610 2207 molesti
1631 2168 1715 2206 fue—

241 2244 331 2275 runt
350 2236 569 2274 civitatibus
584 2232 861 2284 Peloponnesi,
875 2239 913 2270 et
934 2231 1151 2269 Thessaliae
1173 2230 1397 2268 servitutem
1418 2228 1553 2267 afferre
1573 2228 1657 2266 ausi
1679 2237 1727 2266 et=

244 2298 541 2349 Megarensibus
559 2296 694 2333 vicinis
716 2295 796 2333 suis
818 2293 980 2331 minitati
1009 2299 1114 2338 sunt,
1134 2299 1173 2330 et
1193 2299 1338 2330 uostrae
1360 2290 1443 2329 urbi
1464 2291 1546 2342 agri
1566 2298 1715 2341 partem

242 2361 475 2411 eripuerunt,
501 2368 539 2397 et
571 2358 761 2395 Euboeam
790 2362 1006 2399 vastarunt,
1033 2361 1071 2392 et
1103 2353 1333 2405 Byzantium
1360 2353 1530 2391 triremes
1557 2352 1716 2402 ablega-

241 2429 343 2467 runt,
365 2429 547 2472 tanquam
581 2427 682 2457 terra
713 2418 883 2468 marique
905 2417 1154 2454 dominaturi.
1214 2415 1419 2454 Postremo
1444 2415 1717 2453 Phocensibus

240 2485 387 2523 bellum
417 2482 644 2525 intulerunt,
676 2488 718 2517 ut
752 2487 789 2517 et
821 2480 936 2516 urbes
970 2478 1073 2516 brevi
1104 2478 1141 2515 in
1172 2483 1408 2528 potestatem
1439 2475 1648 2521 redacturi,
1680 2482 1720 2513 et

240 2547 369 2584 locum
398 2545 506 2582 illurn
533 2544 835 2593 circumquaque
861 2540 1105 2591 occupaturi,
1127 2546 1168 2577 et
1193 2539 1352 2590 privatis
1380 2538 1598 2589 sumptibus
1620 2539 1716 2576 Del-

242 2608 375 2660 phicas
408 2606 594 2657 pecunias
626 2603 856 2655 superaturi.
930 2602 1107 2645 Quorum
1140 2601 1233 2638 nihil
1259 2600 1407 2637 factum
1438 2606 1520 2637 est:
1563 2606 1714 2636 tantum

243 2670 345 2707 enim
365 2669 477 2705 abest
494 2675 537 2704 ut
558 2666 781 2704 Phocenses
803 2663 980 2701 civitates
998 2663 1171 2713 ceperint
1191 2668 1231 2700 ut
1252 2673 1344 2698 suas
1365 2661 1438 2712 ipsi
1456 2659 1712 2711 perdiderint;

243 2731 348 2782 quod
365 2730 396 2767 si
416 2730 454 2765 in
469 2728 652 2766 hostilem
674 2739 808 2777 agrum
830 2725 1123 2776 impressionem
1142 2723 1303 2768 faciunt,
1324 2736 1402 2760 non
1423 2729 1480 2760 tot
1499 2721 1602 2759 mala
1621 2721 1717 2759 dant

242 2792 418 2830 hostibus
443 2797 538 2840 quot
565 2789 637 2840 ipsi
672 2788 897 2839 priusquam
933 2787 1077 2841 abeunt
1111 2785 1335 2823 sustinent:
1364 2796 1455 2821 nam
1481 2783 1519 2820 iu
1540 2782 1716 2822 Phocide

243 2851 500 2892 mercenarios
517 2851 664 2901 aliquot
680 2850 836 2894 milites,
852 2848 993 2899 quibus
1010 2847 1105 2886 mori
1120 2846 1244 2898 magis
1261 2845 1421 2896 expedit
1440 2857 1560 2895 quarn
1575 2845 1718 2892 vivere,

243 2916 440 2960 occidunt,
460 2913 688 2951 recedentes
720 2918 849 2949 autem
884 2909 1145 2948 nobilissimos
1177 2909 1281 2947 cives
1312 2914 1351 2946 et
1379 2907 1428 2945 ad
1458 2914 1619 2946 mortem
1647 2921 1717 2958 pro

243 2978 367 3030 patria
396 2974 657 3027 oppetendam
692 2973 857 3011 maxime
889 2979 1044 3022 paratos
1076 2970 1257 3022 perdunt.
1327 2970 1463 3019 quue
1493 2982 1552 3008 res
1583 2981 1716 3007 eorum
