1870 3277
269 173 346 208 350
931 169 1049 207 ISAEI

266 273 532 318 refutaturum,
552 271 666 321 idque
685 271 854 309 futurum
874 272 1160 310 confidebamus
1182 271 1327 310 nullam
1348 273 1460 310 aliam
1480 274 1528 311 ob
1548 285 1703 312 causam

265 346 380 385 quam
399 334 447 372 ob
462 345 685 384 sponsorum
702 332 982 379 auctoritatem,
998 334 1062 384 qui
1076 333 1189 371 fidem
1207 346 1315 372 suam
1334 333 1406 371 hac
1421 334 1468 371 de
1485 347 1522 372 re
1543 335 1708 385 interpo-

267 402 435 434 suerant.
492 395 842 438 Verumenimvero,
868 396 1054 444 quamvis,
1075 395 1329 445 Dicaeogenes
1354 395 1426 433 illis
1449 395 1540 445 ipsis
1568 396 1710 447 portio-

266 459 379 495 nibus
400 457 624 494 hereditatis
651 457 894 502 decessisset,
915 458 1053 507 quibus
1084 471 1125 495 se
1155 470 1256 495 nunc
1276 458 1413 495 fatetur
1442 458 1562 495 nostri
1591 471 1710 496 causa

265 518 489 565 decessisse,
521 518 688 556 Mecioni
721 526 847 555 tamen
879 518 1061 556 balneum
1093 520 1334 557 confirmavit
1364 519 1418 569 [h.
1440 532 1472 556 e.
1499 518 1708 562 affirmavit,

269 581 484 618 Mecionem
513 580 607 616 illud
635 592 657 617 a
687 593 740 624 se,
765 587 808 616 ut
837 592 859 617 a
885 579 1054 631 legitimo
1073 581 1156 632 ejus
1183 581 1337 618 domino
1362 588 1401 618 et
1419 580 1629 625 venditore,
1648 580 1710 618 cui

268 656 378 681 nemo
404 641 628 680 facultatem
659 654 727 678 sua
753 654 820 692 pro
850 641 970 680 lubitu
996 643 1189 681 vendendi
1214 643 1356 694 eripere
1384 642 1520 693 possit,
1542 642 1711 693 legitime

267 706 419 750 emisse,
440 704 603 754 ideoque
629 703 846 741 Mecionem
870 704 965 742 illud
993 705 1172 743 balneum
1201 705 1345 756 optimo
1366 705 1475 742 titulo
1501 711 1644 749 tenere,
1665 716 1711 740 ex

267 781 402 820 eoque,
421 775 463 805 ut
481 781 502 805 e
527 767 678 819 peculio
699 779 769 804 suo
787 774 892 805 recte
923 774 962 806 et
978 768 1141 806 honeste
1163 775 1286 819 parto,
1305 768 1445 806 deduci
1472 767 1577 805 nullo
1596 766 1712 805 modo

267 830 414 883 posse].
471 830 535 869 Sic
554 843 626 881 ego
647 830 760 868 miser
773 843 849 868 non
869 830 984 869 modo
999 831 1145 868 nullum
1167 831 1279 882 liujus
1297 831 1522 869 hereditatis
1544 831 1710 868 fructum

265 895 432 948 percepi,
460 894 528 933 sed
547 901 732 945 praeterea
751 907 904 944 quoque
925 901 1079 945 propter
1105 907 1188 931 eam
1208 894 1464 944 quadraginta
1482 894 1593 931 minis
1613 893 1710 930 mul-

266 964 391 995 ctatus
424 957 491 1002 sui,
519 962 557 993 et
584 955 743 993 discessi
773 955 1007 992 contumelia
1038 968 1060 993 a
1083 955 1318 1005 Dicaeogene
1351 954 1525 993 affectus.
1583 954 1711 992 Etiam

266 1017 380 1069 hujus
400 1017 452 1055 rei
471 1023 591 1054 testes
610 1015 718 1055 vobis
738 1016 943 1066 praestabo.

881 1117 1090 1156 TESTES.

317 1204 357 1239 5.
387 1199 483 1238 Haec
509 1211 591 1244 nos,
619 1212 641 1236 o
665 1197 830 1250 judices,
860 1210 882 1235 a
913 1197 1148 1247 Dicaeogene
1179 1196 1284 1248 passi
1310 1208 1466 1233 sumus:
1499 1194 1712 1233 Leochares

263 1269 406 1307 autem,
427 1274 450 1299 a
475 1273 552 1311 quo
577 1259 662 1298 haec
682 1259 811 1297 omnia
835 1257 1008 1309 profecta
1026 1264 1066 1295 et
1088 1257 1199 1295 nobis
1217 1257 1388 1296 conflata
1408 1262 1509 1299 sunt,
1535 1269 1623 1294 curn
1642 1269 1710 1306 pro

261 1323 329 1361 illo
349 1321 632 1374 spopondisset,
653 1326 770 1370 negat
790 1332 831 1357 se
851 1332 897 1356 ea
917 1318 1170 1369 spopondisse
1190 1331 1277 1369 quae
1297 1325 1426 1356 tamen
1445 1318 1492 1355 ab
1506 1330 1550 1355 eo
1571 1329 1710 1368 sponsa

263 1397 350 1425 esse
369 1391 487 1423 testes
506 1382 627 1421 nostri
642 1381 814 1426 edicunt,
833 1379 907 1418 hoc
926 1381 1047 1418 fretus
1068 1386 1307 1430 argumento,
1328 1379 1432 1429 quod
1451 1378 1584 1416 horum
1605 1377 1712 1416 nulla

262 1447 404 1487 mentio
420 1447 488 1484 fiat
502 1446 539 1483 in
553 1444 692 1484 tabulis
713 1442 998 1494 coramjudicio
1013 1441 1191 1480 conditis.
1247 1441 1329 1479 Nos
1349 1448 1526 1486 autem‚o
1540 1439 1709 1491 judices,

263 1516 355 1548 tunc
375 1508 554 1559 temporis
571 1507 608 1544 in
628 1504 809 1544 tribunali
828 1504 1069 1548 festinantes,
1087 1502 1162 1541 alia
1180 1503 1219 1540 in
1231 1503 1381 1541 tabulas
1401 1502 1530 1540 referri
1546 1509 1584 1539 et
1598 1501 1715 1538 diser-

263 1572 313 1610 tis
333 1570 457 1608 verbis
474 1568 633 1619 exprimi
652 1566 883 1610 curavimus,
905 1565 978 1602 alia
997 1565 1236 1602 solummodo
1249 1564 1429 1602 antestari
1451 1576 1582 1601 sumus
1604 1562 1658 1613 [h.
1674 1575 1710 1600 e.

264 1645 420 1685 operam
440 1630 631 1676 dedimus,
645 1635 686 1665 ut
704 1634 822 1665 testes
843 1626 953 1664 nobis
973 1632 1117 1671 essent,
1137 1625 1202 1676 qui
1220 1626 1435 1676 reciperent
1454 1625 1499 1661 iis
1528 1624 1575 1662 de
1596 1624 1712 1662 rebus

264 1707 306 1732 se
325 1692 629 1743 requisitosesse
649 1687 873 1736 testaturos]
892 1700 901 1724 z
931 1687 970 1725 hi
995 1694 1123 1725 autem
1142 1687 1417 1738 [Dicaeogenes
1438 1693 1532 1738 puta
1554 1692 1593 1725 et
1610 1685 1713 1723 Leo-

263 1755 399 1793 chares
419 1765 504 1791 cum
521 1751 685 1790 factione
701 1748 789 1798 sua]
809 1761 873 1787 eas
895 1748 1136 1786 solummodo
1156 1755 1309 1786 servant
1327 1747 1563 1785 conditiones
1583 1760 1670 1797 quae
1690 1760 1712 1785 e

266 1830 305 1855 re
324 1816 494 1867 ipsorum
514 1820 617 1859 sunt,
637 1823 779 1862 easque
797 1818 898 1849 ratas
917 1810 1023 1849 aiunt
1049 1823 1148 1855 esse,
1168 1809 1318 1848 etiamsi
1337 1810 1376 1847 in
1397 1809 1537 1847 tabulis
1563 1809 1712 1860 scriptae

265 1885 306 1917 et
322 1876 508 1915 verbatim
527 1886 722 1926 expressae
741 1884 818 1910 non
837 1871 939 1915 sint3
968 1884 1056 1922 quae
1075 1877 1203 1909 autem
1224 1870 1314 1922 ipsis
1334 1870 1459 1907 minus
1477 1869 1713 1916 conducunt,

264 1953 344 1985 eas,
365 1938 515 1990 scriptae
535 1937 566 1975 si
586 1936 710 1974 minus
731 1934 884 1980 fuerint,
895 1940 997 1972 ratas
1014 1946 1099 1971 esse
1118 1939 1274 1984 negant.
1331 1931 1418 1982 Ego
1429 1944 1531 1975 vero,
1547 1931 1712 1982 judices,

267 2003 320 2041 nil
337 2002 450 2039 miror
465 2012 532 2038 eos
548 2006 662 2051 pacta
676 1996 828 2035 infitiari
848 1995 970 2034 verbis
990 1995 1233 2034 solummodo
1250 1994 1364 2032 inita:
1394 2006 1484 2031 nam
1503 2006 1551 2030 ne
1571 1992 1714 2044 scripta

265 2063 420 2115 quidem
449 2073 600 2099 servare
619 2066 659 2096 et
686 2057 843 2109 exsequi
869 2056 1017 2094 volunt.
1072 2056 1175 2093 Vera
1203 2061 1332 2093 autem
1359 2067 1405 2092 ea
1431 2066 1516 2091 esse
1536 2067 1622 2104 quae
1642 2067 1713 2092 nos

268 2127 406 2170 aimus,
432 2123 537 2162 aliud
570 2121 698 2160 adhuc
723 2125 991 2171 argumentum
1023 2119 1228 2170 proferam,
1250 2116 1352 2154 unde
1384 2117 1562 2154 cernatis.
1619 2115 1714 2154 Pro-

265 2185 427 2226 tarchidi
456 2184 630 2222 Potamio
661 2182 919 2232 Dicaeogenes
945 2181 982 2218 in
1007 2180 1291 2218 matrimonium
1317 2178 1520 2217 collocavit
1546 2191 1712 2216 sororem

263 2265 375 2290 suam
401 2263 489 2288 cum
510 2248 598 2286 dote
620 2246 876 2298 quadraginta
891 2244 1093 2290 minarum,
1115 2252 1154 2282 et
1177 2243 1264 2286 loco
1283 2243 1381 2281 dotis
1402 2243 1556 2280 domum
1577 2243 1611 2280 ei
1639 2249 1714 2280 tra-

267 2313 365 2353 didit
384 2312 422 2350 in
443 2309 642 2349 Ceramico
663 2308 787 2345 sitam.
843 2306 946 2344 Huic
967 2305 1129 2350 mulieri,
1152 2318 1266 2356 quam
1297 2303 1566 2342 Protarchides
1586 2302 1714 2340 adhuc
1734 2307 1736 2310 “

266 2376 305 2413 in
327 2372 564 2413 matrimonio
591 2370 720 2412 habet,
742 2367 900 2418 aequalis
927 2367 1049 2418 portio
1073 2365 1298 2405 hereditatis
1325 2365 1569 2416 competebat
1596 2371 1712 2415 atque

266 2438 378 2476 matri
398 2448 505 2473 meae,
563 2432 690 2476 Quum
709 2430 823 2481 igitur
842 2428 1097 2479 Dicaeogenes
1119 2428 1338 2466 mulieribus
1355 2427 1405 2464 de
1424 2428 1537 2465 besse
1564 2426 1713 2465 heredi-

265 2500 356 2539 tatis
372 2495 642 2539 concessisset,
663 2492 826 2543 rogabat
845 2489 1059 2528 Leochares
1084 2488 1371 2528 Protarchidem
1392 2496 1435 2526 ut
1454 2488 1524 2526 sibi
1544 2488 1715 2527 traderet

267 2562 426 2600 domum
447 2555 679 2597 elocatitiam
699 2556 786 2606 [seu
806 2552 1082 2591 elocutionibus
1100 2552 1407 2591 habitaculorum
1429 2553 1623 2591 mercedes
1645 2565 1713 2590 an-

268 2635 365 2660 nuas
385 2618 610 2668 merentem]
638 2629 751 2668 quam
775 2628 844 2667 pro
871 2615 962 2653 dote
990 2614 1258 2653 Protarchides
1284 2614 1478 2659 habebat;
1509 2628 1532 2652 a
1551 2628 1591 2653 se
1613 2615 1714 2653 enim

273 2681 548 2735 [Leocharete]
567 2687 609 2718 ut
637 2690 820 2730 sponsore
838 2677 964 2729 ipsum
984 2676 1309 2728 [Protarchidem]
1327 2682 1473 2727 partem
1492 2675 1714 2716 hereditatis

268 2745 378 2783 uxori
398 2745 481 2794 ejus
501 2742 668 2782 debitam
689 2740 907 2778 ablaturum
926 2751 1024 2777 esse.
1080 2738 1226 2776 Nactus
1241 2737 1299 2776 his
1315 2737 1497 2775 orationis
1512 2739 1715 2791 praestigiis

271 2806 485 2846 Leochares
504 2805 609 2842 illam
637 2803 792 2841 domum
813 2799 1060 2846 elocatitiam,
1083 2798 1305 2838 hereditatis
1326 2799 1539 2850 portionem
1563 2799 1716 2838 Protar-

274 2868 377 2908 chidi
399 2880 474 2906 non
505 2864 672 2913 tradidit,
703 2876 824 2915 eaque
855 2862 903 2901 de
931 2875 972 2901 re
997 2868 1133 2901 testem
1167 2860 1456 2900 Protarchidem
1482 2861 1590 2900 vobis
1618 2861 1720 2900 exhi-

268 2930 379 2969 bebo.
