1870 3277
458 167 530 204 DE
558 168 914 208 DICAEOGENIS
946 168 1310 208 HEREDITATE.
1528 171 1604 208 347

160 270 402 323 Dieaeogenis
418 273 566 323 [medii]
585 288 606 313 e
626 287 755 313 sorore
780 280 959 325 nepotem
989 274 1202 312 Harmodio
1234 274 1341 312 fratri
1369 288 1438 313 suo
1467 274 1601 314 Corin-

158 331 263 369 thum
279 333 532 383 proficiscenti
547 349 615 386 pro
630 335 773 374 famulo
788 335 953 373 addidit:
973 341 1050 373 tam
1063 335 1240 372 immanis
1254 335 1360 374 istius
1373 337 1603 375 contumelia

157 392 229 432 fuit
247 401 285 432 et
302 394 501 445 flagitium.
559 397 608 434 Et
626 397 794 447 reliquis,
809 397 948 447 quibus
962 409 1047 434 eum
1064 396 1144 447 ipse
1165 396 1358 443 demersit,
1373 398 1483 435 malis
1495 398 1600 437 'nunc

156 455 274 494 veluti
293 459 488 496 cumulum
508 459 628 506 addit,
647 459 751 510 quod
777 459 812 496 ei
838 472 904 509 per
935 460 1115 509 probrum
1145 459 1310 509 objectet
1339 460 1442 509 quod
1470 473 1601 499 ocreas

157 523 272 567 atque
290 520 469 570 penulam
490 527 628 570 gestet,
644 520 752 570 quasi
772 520 908 571 injuria
927 520 1055 571 aliqua
1070 519 1246 565 affectus,
1259 519 1288 557 si
1305 532 1435 557 ocreas
1457 521 1599 572 Cephi—

158 579 316 617 sodotus
348 587 487 631 gestat,
508 581 576 619 sed
605 580 751 618 nullam
771 594 791 618 e
819 588 954 619 contra
980 581 1014 618 ei
1044 580 1219 632 injuriam
1248 580 1394 618 faciens
1423 594 1469 619 eo
1495 583 1600 632 quod

156 641 265 679 bonis
280 643 455 681 omnibus
475 656 561 680 eum
578 641 734 693 privarit
754 654 877 692 eoque
897 641 944 680 ad
964 642 1248 679 mendicitatem
1269 641 1473 692 redegerit.

216 705 253 741 3.
284 704 427 741 Verum
446 704 530 742 haee
550 703 757 742 hactenus:
779 704 870 742 illuc
890 704 1018 748 redeo,
1039 703 1142 740 unde
1158 716 1413 741 excesseram.
1471 704 1606 742 Mene-

155 777 275 802 xenus
296 764 423 815 itaque
444 765 768 817 Cephisophontis
787 766 903 811 filius,
919 764 1168 816 Cephisodoti
1184 765 1475 816 hujusitemque
1491 779 1599 804 meus

154 826 416 873 consobrinus,
432 827 493 865 cui
513 828 636 878 portio
656 827 878 865 hereditatis
899 840 968 878 par
991 840 1086 864 meae
1114 827 1310 877 competit,
1326 827 1517 865 actionem
1536 828 1601 865 ad-

151 899 282 924 versus
297 900 361 925 eos
381 888 541 926 instituit
552 888 616 940 qui
629 889 813 939 nobisque
828 889 975 940 ipsique
988 888 1243 940 [Menexeno]
1261 888 1421 926 adversa
1437 895 1477 926 et
1490 890 1603 927 noxia

153 948 281 985 testati
304 949 468 995 fuerant,
490 950 773 1002 Lyconemque,
793 963 908 1001 quem
926 951 1091 1002 primum
1110 949 1149 987 in
1174 950 1362 998 judicium
1382 950 1599 997 induxerat,

153 1022 260 1047 reum
279 1011 446 1061 peregit3
476 1012 543 1062 qui
569 1012 673 1064 Lyco
693 1019 855 1050 testatus
874 1012 998 1050 fuerat
1013 1012 1061 1050 ab
1080 1011 1270 1050 avunculo
1289 1017 1421 1049 nostro
1447 1012 1600 1050 Dicaeo-

152 1083 290 1121 genem
311 1071 425 1118 hunc,
446 1072 511 1123 qui
532 1073 659 1111 adhuc
680 1080 869 1125 superest,
886 1086 932 1112 ea
946 1073 1031 1124 lege
1044 1073 1162 1111 fuisse
1175 1072 1398 1123 adoptatum
1420 1080 1461 1110 ut
1480 1074 1600 1111 bono-

150 1145 234 1169 rum
254 1145 407 1170 suorum
428 1146 476 1170 ex
498 1147 584 1171 asse
596 1134 706 1172 heres
723 1142 840 1171 esset.
899 1136 996 1171 Haec
1017 1135 1080 1173 ille
1101 1135 1206 1187 Lyco
1222 1141 1382 1173 testatur
1405 1135 1489 1173 falsi
1509 1136 1599 1174 dicti

150 1195 355 1232 testimonii
375 1196 568 1233 convictus
586 1202 657 1233 est.
689 1195 944 1247 Dicaeogenes
959 1197 1085 1247 itaque
1100 1209 1146 1235 eo
1161 1197 1354 1243 redactus,
1369 1205 1413 1235 ut
1424 1198 1504 1249 jam
1523 1211 1599 1236 non

151 1258 311 1308 amplius
339 1271 407 1295 vos
437 1257 612 1309 decipere
641 1264 785 1309 posset,
807 1259 900 1309 quid
931 1258 1032 1309 egit?
1060 1258 1251 1310 persuasit
1281 1259 1500 1297 Menexeno
1529 1272 1599 1297 no-

151 1326 345 1370 stramque
366 1332 550 1369 suamque
569 1332 726 1357 causam
745 1332 989 1358 communem
1010 1319 1140 1370 agenti
1159 1319 1294 1370 (pudet
1307 1319 1499 1358 enimvero
1514 1333 1599 1371 pro-

151 1380 254 1425 dere,
274 1393 359 1431 quae
379 1386 532 1430 propter
551 1380 649 1418 illius
669 1380 934 1431 [Dicaeogenis
962 1387 1055 1431 puta
1075 1387 1192 1430 atque
1212 1380 1437 1430 Menexeni]
1456 1381 1597 1432 impro-

149 1443 306 1479 bitatem
328 1441 503 1492 proloqui
522 1443 668 1491 cogor),
689 1441 871 1492 quidnam
891 1441 1047 1479 facere?
1074 1448 1196 1478 ratam
1214 1442 1438 1480 hereditatis
1456 1443 1598 1492 portio-

150 1517 237 1541 nem
260 1504 327 1540 sibi
348 1503 634 1554 contingentem
665 1516 687 1541 a
707 1516 749 1542 se
781 1503 954 1550 aufferre,
976 1503 1188 1554 gratiaeque
1216 1503 1253 1540 in
1287 1504 1502 1541 mercedem
1529 1518 1599 1543 nos

151 1581 313 1618 quorum
345 1581 502 1605 causam
533 1574 664 1618 ageret
692 1568 763 1606 sibi
792 1567 968 1619 prodere,
999 1568 1240 1618 reliquosque
1269 1568 1387 1606 falsos
1415 1576 1534 1607 testes
1562 1570 1599 1607 in

149 1630 270 1667 forum
287 1629 458 1667 nondum
479 1630 526 1667 ab
542 1629 624 1680 ipso
641 1636 850 1681 pertractos
870 1629 1008 1667 missos
1032 1630 1170 1673 facere,
1191 1630 1303 1667 venia
1322 1631 1598 1680 persecutionis

150 1690 315 1728 forensis
346 1690 438 1741 ipsis
469 1703 669 1729 concessa.
734 1691 832 1728 Haec
860 1703 930 1728 nos
960 1691 1008 1728 ab
1037 1690 1166 1728 amicis
1194 1691 1335 1741 pariter
1363 1691 1598 1742 inimicisque

148 1751 355 1789 tolerantes
372 1758 501 1790 tamen
520 1752 754 1803 quievimus;
774 1758 813 1790 et
832 1753 1042 1803 producam
1061 1751 1108 1789 ad
1129 1764 1198 1790 vos
1220 1758 1338 1790 testes
1357 1753 1468 1791 nobis
1483 1753 1595 1804 hujus

152 1813 205 1851 rei
225 1813 385 1853 futuros.

751 1907 962 1946 TESTES.

153 1994 297 2031 Verum
324 1999 459 2043 pactus
486 1993 593 2030 istaec
620 2005 705 2030 cum
734 1992 969 2043 Dicaeogene
998 1993 1240 2031 Menexenus
1271 1995 1318 2032 ab
1345 1993 1419 2032 isto
1438 1994 1595 2033 delusus

152 2057 235 2102 fuit,
255 2056 292 2094 id
313 2057 415 2106 quod
437 2056 471 2093 ei
492 2064 593 2094 recte
623 2055 675 2093 sic
707 2055 842 2093 merito
861 2057 1042 2107 contigit:
1073 2057 1255 2095 falsorum
1275 2059 1376 2095 enim
1398 2059 1552 2097 testium
1573 2074 1596 2099 a

153 2118 416 2170 persecutione
449 2129 537 2154 cum
573 2116 786 2154 destitisset
823 2117 1060 2156 Menexenus
1100 2126 1216 2169 atque
1247 2132 1314 2157 nos
1349 2119 1595 2170 prodidisset,

150 2180 347 2218 fraudatus
367 2185 425 2217 est
445 2179 488 2216 iis
508 2178 771 2217 emolumentis
787 2192 947 2229 quorum
965 2193 1032 2230 spe
1048 2179 1195 2218 illectus
1210 2180 1311 2219 illam
1332 2181 1527 2232 perfidiam
1544 2183 1593 2220 ad

152 2255 193 2280 se
209 2241 427 2279 admiserat.
459 2240 639 2291 Injuriam
653 2239 752 2278 hanc
768 2253 790 2278 a
804 2240 1036 2292 Dicaeogene
1052 2253 1189 2291 passus
1208 2241 1449 2280 Menexenus
1464 2256 1593 2281 rursus

152 2304 200 2341 ad
220 2310 367 2341 nostras
386 2310 515 2353 partes
537 2302 659 2340 rediit.
692 2302 741 2339 Et
759 2314 828 2340 nos
845 2302 1011 2341 arbitrati
1029 2303 1251 2355 Dicaeogeni
1265 2303 1345 2355 jam
1363 2304 1505 2342 nullam
1520 2317 1595 2342 am-

150 2366 248 2417 plius
266 2364 486 2402 hereditatis
505 2364 714 2415 portionem
728 2370 957 2414 competere,
972 2372 1175 2415 postquam
1192 2372 1309 2403 testes
1330 2366 1376 2403 ab
1398 2378 1444 2403 eo
1462 2366 1594 2402 subor-

152 2427 227 2465 nati
247 2426 331 2463 falsi
352 2425 443 2463 dicti
463 2425 670 2463 testimonii
685 2425 859 2475 coarguti
874 2431 1017 2471 essent,
1040 2426 1089 2463 de
1107 2427 1254 2476 integro
1274 2439 1361 2464 cum
1381 2439 1427 2463 eo
1447 2426 1494 2463 de
1507 2426 1592 2464 uni-

150 2501 259 2526 versa
284 2486 492 2525 hereditate
523 2499 569 2524 ex
600 2486 710 2524 titulo
740 2486 922 2537 propioris
949 2487 1292 2537 consanguinitatis
1313 2487 1591 2526 contendimus.

151 2552 238 2592 Qua
249 2549 286 2586 in
301 2562 338 2586 re
352 2561 421 2585 nos
438 2555 580 2585 rectum
594 2548 741 2599 cepisse
755 2547 967 2592 consilium,
979 2555 1018 2585 et
1039 2549 1304 2597 Dicaeogenem
1321 2548 1422 2584 omni
1435 2561 1590 2598 prorsus

144 2611 228 2661 jure
238 2610 426 2647 habendae
440 2609 614 2647 tenendae
627 2609 847 2647 hereditatis
863 2609 1062 2654 excidisse,
1072 2609 1171 2646 facili
1188 2609 1342 2659 negotio
1357 2609 1488 2647 videor
1500 2610 1588 2648 mihi

150 2673 476 2710 demonstraturus
496 2684 594 2710 esse.
652 2671 760 2708 Binae
779 2671 893 2715 enim,
914 2670 1052 2708 diversi
1079 2670 1236 2716 tenoris,
1256 2670 1397 2708 tabulae
1416 2670 1589 2722 ejusdem

151 2732 367 2771 testamenti
380 2732 537 2782 prolatae
553 2732 717 2778 fuerant,
731 2733 861 2770 alterae
872 2730 1027 2781 quidem
1045 2730 1187 2768 dudum
1202 2737 1303 2775 ante,
1317 2731 1446 2769 alterae
1461 2739 1589 2771 autem

152 2793 272 2831 multo
301 2798 404 2842 post:
446 2799 485 2830 et
508 2793 640 2844 primae
664 2793 818 2843 quidem
848 2791 925 2828 illae
952 2791 1190 2837 vetustiores,
1222 2804 1244 2828 a
1274 2791 1450 2830 Proxeno
1475 2793 1588 2844 hujus

153 2853 396 2905 Dicoeogenis
416 2860 521 2903 patre
534 2854 707 2905 prolatae,
723 2854 994 2903 Dicaeogenem
1014 2852 1117 2890 hunc
1136 2853 1313 2891 avunculi
1332 2854 1450 2892 nostri
1471 2855 1588 2892 filium

152 2915 370 2967 adoptivum
391 2927 435 2953 ea
454 2914 540 2964 lege
559 2914 766 2960 faciebant,
789 2921 831 2952 ut
849 2914 880 2951 is
900 2915 1072 2952 trientem
1103 2912 1344 2953 solummodo
1370 2915 1589 2955 hereditatis
