1870 3277
706 601 1065 656 LYCURGI

470 751 1320 804 CONTRA<LEOCRATEM.

663 965 1125 1003 ARGUMENTUM.

218 1061 294 1093 Post
310 1061 437 1095 tolerata
453 1060 628 1090 Chaeroneae
652 1061 785 1100 pericula
802 1061 959 1091 decretum
975 1060 1050 1093 facit
1064 1059 1302 1091 Atheniensium
1318 1058 1463 1100 populuS,
1480 1063 1512 1089 ut
1527 1068 1615 1089 nemo

174 1124 209 1141 ex
227 1113 300 1150 urbe
316 1111 375 1141 alio
390 1122 420 1140 se
441 1111 594 1145 conferret
614 1121 715 1151 neque
736 1117 789 1141 aut
811 1111 923 1142 liberos
946 1116 998 1142 aut
1019 1121 1128 1141 uxores
1149 1111 1179 1141 in
1203 1110 1295 1140 aliurn
1319 1102 1416 1140 locum
1435 1109 1616 1139 traduceret.

172 1163 337 1192 Leocrates
352 1161 441 1202 igitur
456 1161 608 1205 quispiam
627 1162 731 1192 urbem
747 1172 896 1202 egressuS‚
912 1161 1058 1192 Rhodum
1079 1162 1218 1197 accessit,
1235 1160 1308 1191 dein
1325 1160 1455 1201 Megara
1471 1159 1620 1200 pervenit,

174 1213 298 1243 taudem
314 1212 453 1243 Athenas
469 1213 577 1243 rediit:
603 1217 696 1253 atque
712 1223 805 1253 quum
823 1213 912 1243 isthic
927 1224 997 1243 eum
1013 1213 1125 1243 fiducia
1139 1219 1253 1254 ageret,
1269 1212 1495 1243 accusationem
1511 1211 1620 1241 adver-

175 1274 223 1298 sus
245 1274 317 1298 eum
340 1274 397 1294 ceu
421 1264 607 1304 proditorem
631 1264 791 1305 Lycurgus
814 1265 956 1296 instituit.
1000 1266 1104 1296 Status
1126 1271 1173 1296 est
1197 1265 1296 1295 finitio
1321 1275 1383 1295 non
1408 1265 1546 1305 simplex,
1570 1265 1625 1294 sed

174 1325 347 1358 repugnans
362 1315 500 1350 instituto
514 1316 640 1349 actoris:
664 1316 778 1347 fatetur
795 1317 876 1347 enim
892 1317 1057 1353 Leocrates
1073 1327 1105 1347 se
1121 1317 1280 1357 reliquisse
1293 1317 1418 1357 quidem
1436 1317 1553 1352 urbem,
1567 1316 1621 1347 sed

176 1366 411 1406 haudquaquam
427 1367 600 1406 prodidisse
616 1373 729 1397 tamen.
772 1368 836 1398 Alii
852 1368 960 1399 dicunt
983 1369 1193 1409 conjecturam
1209 1379 1275 1400 esse
1292 1379 1309 1401 a
1328 1368 1469 1406 consilio,
1486 1378 1542 1398 ceu
1558 1367 1624 1409 ejus

178 1417 230 1456 qui
272 1416 440 1456 profectum
464 1417 586 1457 quidem
609 1427 640 1449 se
656 1428 692 1447 ex
714 1419 786 1447 urbe
810 1419 893 1448 haud
913 1419 1072 1453 infitietur,
1096 1420 1135 1448 de
1158 1419 1245 1459 cujus
1268 1423 1366 1448 tamen
1390 1418 1529 1448 instituto
1544 1418 1625 1448 haud

175 1467 245 1496 satis
262 1472 392 1503 constet,
409 1478 468 1506 qua
483 1467 592 1497 mentis
607 1468 759 1498 sententia
775 1469 813 1498 sit
829 1478 976 1509 egressus,
996 1469 1218 1509 proditionisne
1235 1479 1273 1498 an
1289 1468 1503 1508 negotiationis
1518 1477 1621 1497 causa.

175 1517 238 1547 Alii
257 1518 458 1548 intentionem
476 1518 598 1549 dicunt:
625 1519 752 1549 affirmat
766 1519 846 1549 enim
865 1529 896 1549 se
912 1529 973 1549 non
995 1519 1187 1559 proditioniS,
1210 1519 1263 1549 sed
1281 1518 1509 1557 negotiationis,
1534 1527 1626 1548 causa

177 1570 336 1610 reliquisse
363 1571 484 1603 urbem.
539 1571 594 1602 Est
610 1575 714 1602 autem
737 1571 818 1606 idem
846 1571 937 1612 hujus
960 1572 1104 1601 orationis
1127 1575 1336 1611 argumentum
1360 1578 1431 1600 cum
1460 1580 1509 1605 ea,
1534 1579 1625 1609 quam

177 1622 321 1658 adversus
337 1622 526 1662 Autolycum
545 1622 674 1662 scripsit.

236 1723 270 1758 1.
301 1721 491 1766 Jus'rUM,
513 1721 785 1771 Athenienses,
806 1728 844 1758 et
860 1720 958 1772 pium
982 1728 1020 1758 et
1038 1733 1107 1771 pro
1129 1726 1258 1757 nostra
1278 1725 1316 1756 et
1331 1718 1486 1756 deorum
1507 1729 1627 1755 causa

178 1782 375 1821 exordium
406 1782 660 1820 accusationis
690 1782 885 1822 Leocratis
914 1783 966 1819 rei
995 1772 1079 1819 sum
1112 1781 1296 1819 facturus.
1352 1779 1495 1817 Precor
1527 1779 1628 1816 enim

179 1845 393 1883 Minervam
415 1844 584 1898 aliosque
605 1843 696 1881 deos
717 1852 756 1881 et
784 1843 933 1889 heroas⁷
963 1855 1029 1893 per
1056 1842 1187 1879 urbem
1208 1843 1352 1892 passim
1375 1847 1413 1877 et
1432 1839 1625 1891 regionem

179 1906 422 1952 constitutos,
435 1913 491 1957 ut,
504 1905 535 1942 si
552 1904 601 1942 ad
617 1905 802 1957 judicium
817 1905 1029 1942 vocaverim
1044 1904 1150 1955 juste
1167 1903 1405 1948 Leocratem‚
1422 1914 1625 1939 accusem—

182 1983 257 2028 que
287 1983 371 2008 eum
404 1969 617 2020 prodidisse
650 1977 688 2006 et
714 1968 874 2006 delubra
903 1976 941 2006 et
971 1969 1084 2006 sedes
1105 1968 1263 2006 deorum
1294 1966 1561 2005 immortalium
1591 1973 1630 2003 et

181 2032 288 2069 lucos
308 2044 380 2069 nec
408 2045 483 2069 non
514 2030 666 2085 legibus
693 2030 867 2068 instituta
897 2043 1006 2068 sacra
1034 2044 1056 2067 a
1082 2030 1216 2067 vestris
1244 2029 1449 2082 maioribus
1478 2027 1629 2073 tradita,

180 2106 239 2131 me
258 2093 415 2146 dignum
445 2092 631 2130 hodierno
660 2092 720 2129 die
749 2092 944 2130 Leocratis
972 2091 1160 2129 scelerum
1190 2097 1452 2128 accusatorem
1475 2089 1630 2133 faciant,

181 2154 284 2205 quod
304 2162 342 2191 et
361 2153 504 2210 populo
524 2160 560 2190 et
581 2152 663 2190 urbi
684 2159 744 2190 est
768 2153 1027 2198 commodum,
1046 2165 1115 2190 vos
1136 2159 1263 2190 autem
1285 2164 1355 2188 ceu
1376 2164 1445 2202 pro
1463 2150 1631 2202 parenti·

181 2215 254 2253 bus
274 2221 314 2252 et
336 2214 461 2255 liberis
482 2220 521 2252 et
548 2213 734 2252 uxoribus
758 2220 797 2252 et
819 2214 941 2264 patria
962 2221 1001 2251 et
1023 2214 1140 2254 sacris
1162 2212 1430 2259 deliberantes,
1444 2212 1631 2250 habentes

181 2276 273 2314 item
293 2276 363 2317 sub
377 2275 525 2332 judicio
545 2275 779 2326 proditorem
799 2275 933 2313 horum
953 2275 1137 2322 omnium,
1157 2274 1282 2313 faxint
1300 2272 1552 2314 inexorabiles
1566 2273 1630 2323 ju-

182 2337 285 2375 dices
306 2336 484 2393 [quinon
506 2337 606 2375 detis
631 2336 800 2385 veniam]
820 2343 859 2374 et
878 2350 982 2374 nunc
1009 2344 1047 2375 et
1072 2336 1111 2377 in
1140 2337 1330 2388 reliquum
1357 2344 1506 2386 tempus
1533 2333 1630 2372 adeo

184 2398 348 2452 graviter
373 2405 412 2436 et
437 2397 627 2449 flagitiose
651 2397 980 2449 delinquentibus:
1012 2397 1068 2440 sin
1088 2411 1179 2437 vero
1204 2410 1330 2448 neque
1356 2409 1443 2434 eum
1472 2395 1630 2446 patriam

184 2459 401 2512 prodidisse
421 2472 544 2510 neque
565 2459 782 2498 deseruisse
802 2460 934 2497 urbem
954 2467 993 2497 et
1019 2472 1129 2497 saera
1151 2460 1223 2497 hoc
1242 2458 1447 2497 certamine
1468 2457 1632 2501 evicero,

183 2529 374 2560 servatum
393 2521 435 2563 iri
453 2522 577 2574 ipsum
599 2535 621 2562 a
637 2522 806 2578 periculo
826 2530 864 2562 et
883 2536 906 2563 a
925 2523 994 2561 diis
1015 2530 1053 2560 et
1072 2522 1178 2563 vobis
1192 2522 1387 2574 judicibus
1409 2521 1593 2572 efflagito.

236 2586 273 2625 2.
305 2583 478 2640 Optarim
507 2591 649 2631 autem,
679 2584 761 2635 viri,
788 2584 1112 2640 quemadmodum
1142 2584 1231 2624 utile
1259 2592 1318 2622 est
1344 2584 1428 2621 urbi
1455 2595 1540 2621 esse
1567 2584 1627 2632 ju-

185 2644 289 2690 dices
308 2645 345 2682 in
370 2645 444 2686 hac
473 2645 658 2689 scelerate
683 2647 891 2698 agentium,
922 2646 975 2684 sic
1002 2651 1043 2687 et
1068 2645 1276 2685 humanum
1303 2644 1406 2696 apud
1427 2644 1630 2697 plerosque

186 2705 447 2750 existimatum
465 2706 620 2750 fuisset:
644 2707 725 2761 jam
744 2720 832 2748 vero
853 2719 898 2744 eo
925 2719 986 2744 res
1013 2706 1136 2755 rediit,
1165 2713 1208 2745 ut
1226 2718 1293 2757 per
1313 2718 1400 2744 sese
1421 2704 1629 2756 periculum

187 2766 343 2807 subiens
363 2778 407 2808 ac
427 2780 494 2821 pro
514 2768 676 2823 publicis
696 2769 808 2807 rebus
828 2767 917 2808 odio
937 2767 1133 2818 expositus
1161 2780 1235 2806 non
1256 2768 1387 2820 patriae
1408 2778 1540 2805 amans
1561 2766 1630 2804 sed

185 2829 358 2872 curiosus
373 2841 452 2868 esse
465 2829 651 2876 videatur,
666 2843 786 2884 neque
796 2830 882 2882 jure
896 2842 1020 2882 neque
1037 2828 1197 2867 civitatis
1210 2828 1339 2879 aliquo
1355 2827 1629 2867 emolumento.

185 2890 273 2934 Tria
298 2891 397 2934 enim
418 2900 507 2930 sunt
527 2893 702 2940 maxima,
729 2905 814 2944 quae
841 2891 1066 2935 custodiunt
1095 2898 1207 2943 atque
1239 2899 1466 2931 conservant
1487 2898 1627 2929 statum
