1870 3277
253 164 330 198 25¹2
828 163 1104 201 ISOCRATls

251 263 423 313 hospites
439 263 598 308 contuli,
614 271 728 315 atque
745 266 824 315 ipse
841 266 1012 303 delectus
1024 265 1113 302 mibi
1126 264 1277 314 quidem
1296 265 1476 302 tributum
1493 266 1695 302 maximum

251 323 435 374 inscripsi,
464 337 531 374 pro
561 325 722 363 Pasiouc
745 332 882 363 ›autcm
912 327 1138 377 deprecatus
1169 338 1251 363 sum
1283 332 1511 375 quaestores,
1541 326 1643 376 quod
1666 326 1695 364 is

251 386 344 423 meis
365 386 535 437 pecuniis
558 394 738 425 uteretur.
800 388 955 426 Prodite
975 395 1105 426 testes.

871 544 1079 581 TESTES.

302 637 366 673 22.
398 637 489 688 Ipse
511 643 696 688 praeterea
712 637 841 683 Pasio‚
862 649 938 674 non
959 637 1112 688 quidem
1137 638 1271 683 verbis,
1289 638 1357 675 sed
1378 638 1478 676 facto
1504 637 1586 688 ipso
1608 638 1696 675 milri

251 699 508 736 testimonium
535 699 593 736 his
616 699 662 736 de
687 700 799 736 rebus
824 699 1049 750 perhibebit.
1107 699 1251 736 Navem
1272 699 1371 736 enim
1393 700 1613 743 onerariam,
1635 700 1696 737 cui

247 772 320 809 ego
336 760 473 798 multas
489 773 634 798 merces
648 762 911 811 imposueram,
928 760 1082 810 quidam
1097 760 1355 810 detulitquasi
1378 760 1478 797 Delii
1493 760 1694 810 cujusdam

248 828 360 858 esset.
419 823 545 863 Quum
569 834 656 859 vero
677 834 750 871 ego
771 834 853 859 eam
876 821 964 858 mihi
986 833 1194 859 assererem
1222 828 1261 858 et
1288 821 1324 858 in
1358 829 1508 871 portum
1535 822 1694 860 subduci

241 882 430 933 juberem,
450 883 605 933 quidam
626 896 769 928 eorum,
789 883 854 932 qui
873 882 1143 920 calumniando
1157 889 1346 932 quaestum
1367 883 1522 929 faciunt,
1538 896 1583 922 ea
1603 896 1696 921 con-

247 943 331 981 silia
350 945 524 989 inierant,
547 951 589 981 ut
613 957 722 994 paene
752 944 895 981 indicta
921 956 1037 980 causa
1057 956 1130 993 ego
1150 943 1357 993 periissem.
1414 944 1587 982 Tandem
1607 958 1695 982 vero

246 1005 465 1055 persuaderi
487 1005 556 1042 sibi
577 1005 680 1055 passi
702 1011 792 1042 sunt
812 1011 853 1041 ut
872 1004 988 1042 vades
1019 1017 1041 1041 a
1060 1017 1121 1041 me
1146 1004 1374 1055 acciperent.
1424 1006 1480 1043 Ac
1496 1005 1695 1056 Philippus

246 1074 428 1116 paternus
456 1065 597 1116 hospes
626 1066 851 1112 accersitus,
872 1067 975 1104 venit
1002 1065 1065 1103 ille
1092 1065 1259 1116 quidem,
1286 1067 1354 1104 sed
1374 1067 1531 1118 periculi
1551 1068 1697 1118 magni-

246 1127 379 1164 tudine
407 1127 630 1177 perterritus
662 1140 702 1164 se
728 1126 936 1165 subduxit:
980 1127 1092 1164 Pasio
1113 1139 1200 1165 vero
1225 1128 1515 1166 Archestratum
1552 1142 1694 1167 mensae

244 1188 467 1239 praefectum
500 1188 592 1226 mihi
616 1188 788 1226 exhibuit
822 1195 972 1239 septem
996 1188 1183 1227 talentum
1211 1202 1448 1240 sponsorem.
1505 1190 1634 1241 Atqui,
1662 1190 1694 1229 si

244 1261 361 1299 parva
390 1249 578 1288 duntaxat
602 1251 757 1300 jactura
779 1249 918 1287 fuisset
936 1249 1113 1288 facienda
1128 1256 1168 1287 et
1187 1262 1246 1287 me
1266 1249 1357 1287 nihil
1380 1249 1440 1288 hic
1460 1249 1601 1288 habere
1621 1251 1696 1290 sci-

244 1309 377 1355 visset,
405 1324 648 1361 nequaquam
684 1324 750 1362 pro
781 1324 841 1348 me
871 1317 1016 1349 tantam
1047 1311 1246 1361 pecuniam
1277 1312 1560 1362 spopondisset.
1617 1314 1694 1352 Sed

245 1371 403 1409 evidens
419 1371 593 1409 nimirum
606 1379 663 1409 est
680 1385 765 1409 eum
783 1372 873 1409 mihi
889 1372 1166 1422 gratificantem
1180 1379 1366 1410 trecentas
1382 1386 1404 1410 a
1419 1386 1477 1411 me
1490 1373 1693 1413 drachmas

245 1432 480 1482 postulasse,
519 1439 558 1469 et
595 1440 742 1483 septem
781 1433 968 1471 talentum
1001 1445 1228 1484 sponsorem
1265 1446 1350 1471 esse
1387 1434 1542 1480 facturn,
1575 1449 1693 1486 quum

246 1494 483 1532 existimaret
503 1494 595 1532 satis
623 1495 692 1532 sibi
709 1502 862 1532 cautum
885 1507 969 1532 esse
990 1508 1081 1533 auro
1098 1508 1181 1533 meo
1201 1497 1300 1546 apud
1320 1509 1362 1534 se
1381 1496 1570 1547 deposito.
1627 1498 1694 1535 Me

242 1555 358 1606 igitur
392 1556 552 1594 multum
587 1557 757 1606 pecuniae
787 1556 981 1601 habuisse,
1007 1569 1168 1606 eamque
1201 1556 1239 1594 in
1269 1557 1381 1608 hujus
1414 1571 1547 1596 mensa
1576 1559 1692 1610 depo-

244 1616 371 1662 sitam,
391 1623 471 1655 tum
502 1617 613 1655 factis
646 1617 822 1655 Pasionis
845 1617 949 1655 vobis
969 1618 1142 1669 probavi,
1173 1625 1252 1655 tum
1282 1631 1327 1656 ex
1358 1619 1441 1657 aliis
1471 1620 1600 1671 gnaris
1627 1633 1691 1658 au-

245 1677 403 1716 divistis.
1688 1695 1689 1698 ’

295 1741 360 1778 23.
391 1740 455 1778 Sic
483 1747 624 1786 autem,
647 1740 815 1792 judices,
837 1748 879 1778 ut
903 1741 993 1779 mihi
1018 1742 1170 1792 quidem
1194 1742 1354 1790 videtur,
1374 1743 1584 1783 rectissime
1611 1758 1694 1796 per-

243 1800 391 1852 cipietis
411 1815 562 1840 omnem
579 1803 892 1850 controversiam,
913 1803 1007 1842 illud
1036 1811 1186 1856 tempus
1218 1805 1247 1843 si
1281 1805 1542 1852 recordemini,
1561 1814 1598 1845 et
1615 1821 1691 1858 quo

242 1862 328 1900 loco
348 1875 408 1900 res
430 1869 569 1901 nostrae
601 1863 743 1901 fuerint
769 1864 965 1914 spectetis,
985 1878 1101 1916 quum
1133 1879 1205 1916 ego
1228 1866 1482 1905 Menexenum
1511 1875 1550 1906 et
1568 1868 1695 1908 Philo-

243 1924 383 1962 melum
405 1924 490 1963 misi
517 1925 583 1975 qui
609 1924 821 1976 depositum
842 1934 1100 1977 reposcerent,
1120 1939 1166 1965 ac
1188 1927 1303 1966 Pasio
1322 1928 1482 1979 primum
1503 1931 1691 1982 abnegare

245 1998 360 2023 ausus
380 1985 465 2023 fuit.
521 1986 675 2025 Patrem
702 1987 803 2024 enim
832 2001 960 2025 meum
990 1988 1107 2026 fuisse
1139 1990 1458 2040 comprehensum
1488 1999 1528 2030 et
1555 1993 1690 2044 opibus

244 2046 428 2085 universis
457 2047 661 2097 privatum,
682 2060 805 2098 neque
828 2048 917 2086 mihi
936 2049 1103 2094 licuisse,
1121 2050 1185 2100 qui
1218 2057 1340 2089 status
1373 2064 1496 2089 rerum
1522 2067 1690 2093 mearum

244 2114 325 2145 tum
344 2108 427 2154 fuit,
449 2109 507 2146 vel
523 2109 585 2147 hic
605 2122 758 2147 manere
779 2110 838 2147 vel
859 2111 1041 2161 navigare
1060 2111 1098 2148 in
1120 2112 1298 2158 Pontum,
1318 2115 1524 2164 reperietis.
1573 2117 1691 2168 Atqui

245 2175 372 2207 utrum
393 2169 631 2207 verisimilius
658 2178 732 2215 est,
754 2184 813 2208 me
834 2171 870 2208 in
891 2173 1007 2210 tantis
1035 2173 1318 2212 calamitatibus
1336 2176 1473 2226 injuste
1494 2190 1688 2225 accusare,

245 2244 294 2269 an
314 2230 518 2269 Pasionem
540 2236 618 2267 tum
633 2231 771 2269 nostris
789 2232 1009 2283 ingentibus
1028 2234 1137 2272 malis
1149 2241 1227 2271 tum
1241 2236 1504 2285 magnitudine
1518 2241 1690 2289 pecuniae
1716 2270 1719 2273 »

243 2291 447 2342 impulsum
471 2291 647 2329 fraudare
667 2305 737 2330 nos
764 2293 964 2332 voluisse?
1019 2295 1113 2339 Quis
1135 2308 1223 2334 vero
1257 2310 1423 2348 unquam
1457 2299 1554 2338 adeo
1583 2303 1691 2341 calu-

244 2353 430 2391 mniarum
443 2353 606 2405 cupidus
627 2354 787 2400 exstitit,
804 2361 847 2392 ut
860 2356 941 2405 ipse
954 2355 990 2393 in
1007 2356 1095 2394 vitae
1116 2358 1286 2409 periculo
1307 2361 1538 2400 constitutus
1553 2363 1689 2403 alienis

244 2414 381 2466 opibus
412 2414 687 2452 insidiaretur?
745 2416 832 2459 Qua
853 2430 933 2467 spe,
951 2431 1028 2468 quo
1057 2419 1214 2458 consilio
1240 2428 1375 2460 contra
1407 2422 1520 2461 istum
1549 2424 1688 2476 injuste

243 2474 459 2514 venissem?
499 2477 560 2513 An
579 2482 620 2513 ut
635 2488 758 2514 meam
776 2477 983 2528 potentiam
1003 2479 1250 2519 reformidans
1272 2495 1358 2520 mox
1378 2490 1578 2534 argentum
1598 2485 1687 2523 mihi

244 2537 488 2576 numeraret?
540 2537 660 2598 Atqui
688 2551 764 2576 non
794 2539 847 2578 ita
878 2553 964 2578 cum
996 2547 1157 2592 utroque
1177 2550 1348 2582 nostrum
1375 2546 1571 2595 agebatur.
1628 2548 1688 2586 An

243 2612 331 2637 vero
365 2599 519 2650 negotio
551 2599 588 2637 in
617 2600 739 2638 forum
771 2600 940 2639 deducto
972 2602 1085 2640 etiam
1114 2611 1250 2652 praeter
1280 2605 1500 2655 aequitatem
1532 2608 1688 2649 meliore

244 2660 462 2699 conditione
483 2660 632 2699 futurus
650 2674 753 2699 eram
773 2662 876 2714 apud
895 2676 961 2702 vos
981 2676 1096 2714 quam
1118 2664 1260 2703 Pasio?
1314 2667 1366 2704 At
1386 2680 1432 2705 ne
1453 2668 1514 2706 hic
1532 2670 1686 2719 quidem

243 2733 395 2759 manere
411 2723 604 2772 parabam,
630 2735 745 2773 quum
763 2723 932 2762 timerem
953 2738 1001 2762 ne
1021 2738 1080 2764 me
1098 2726 1257 2777 Satyrus
1274 2728 1514 2779 deposceret.
1570 2733 1631 2771 An
1647 2741 1689 2772 ut

241 2782 348 2820 nullo
376 2795 461 2820 meo
492 2784 695 2822 commodo
727 2785 841 2822 istum
870 2785 1062 2825 inimicum
1091 2787 1298 2827 haberem?
1326 2797 1365 2828 at
1393 2805 1506 2831 nemo
1539 2794 1576 2831 in
1606 2801 1687 2833 tota

243 2844 334 2881 urbe
351 2843 422 2881 fuit
434 2857 509 2895 quo
526 2845 746 2884 familiarius
767 2854 903 2884 uterer.
961 2848 1011 2886 Et
1030 2849 1115 2899 quis
1136 2857 1299 2889 vestrum
1320 2860 1379 2891 est
1397 2855 1461 2904 qui
1483 2868 1541 2894 me
1568 2863 1685 2895 tantae

242 2906 396 2944 insaniae
417 2912 455 2944 et
474 2906 632 2945 inscitiae
652 2909 955 2948 condemnaret?

606 2982 625 2998 θ’,
