1870 3277
231 167 280 204 32
821 166 1107 206 ISOCRATIS

231 268 463 319 imperatum
486 275 525 307 et
544 269 593 307 ad
613 269 756 308 liberos
780 269 959 308 Herculis
979 268 1250 308 defendendos
1270 268 1432 320 Argivos
1460 276 1700 322 caeterosque

230 330 548 381 peloponnenses
577 332 712 383 praelio
738 331 968 382 superarint,
989 338 1027 369 et
1053 345 1074 369 e
1100 331 1276 382 periculis
1303 343 1390 381 quae
1411 332 1459 368 ab
1483 332 1700 383 Eurystheo

230 392 482 432 imminebant
497 395 646 445 Spartae
661 394 883 432 conditores
901 400 940 432 et
955 393 1339 432 Lacedaemoniorum
1355 393 1475 431 duces
1490 393 1700 432 liberarint.

229 454 365 504 Itaque
390 454 495 492 haud
523 455 603 493 scio
632 455 818 505 quidnam
848 455 897 492 de
919 453 1084 493 Graeciae
1112 454 1327 506 principatu
1353 454 1402 491 ab
1430 454 1509 492 ullo
1535 455 1699 493 demon-

227 518 338 556 strari
357 519 481 570 possit
499 519 684 570 apertius.

285 581 345 618 18.
379 580 597 618 Convenire
627 586 757 617 autem
785 578 939 617 videtur
967 585 1010 616 ut
1036 578 1084 616 de
1115 579 1229 617 rebus
1257 592 1279 617 a
1305 586 1436 617 nostra
1465 579 1557 617 urbe
1583 579 1696 618 etiam

225 649 360 680 contra
386 642 572 679 barbaros
600 642 718 691 gestis
747 641 888 687 dicam,
918 640 1130 691 praesertim
1157 654 1278 691 quum
1308 641 1521 679 orationem
1550 641 1598 679 de
1627 641 1698 678 im-

225 702 333 753 perio
360 716 437 753 quo
463 703 549 740 illos
577 715 849 753 oppugnemus
879 702 1125 740 instituerim.
1184 702 1343 749 Verum,
1364 703 1394 740 si
1417 703 1544 740 omnia
1565 703 1696 754 praelia

224 777 506 810 enumerarem,
531 765 639 816 justo
667 764 757 801 mihi
785 764 936 815 longior
964 770 1189 802 nasceretur
1215 764 1360 803 oratio:
1394 777 1510 814 quare
1538 777 1695 815 operam

223 824 324 864 dabo
350 832 391 864 ut
418 826 553 864 eadem
584 825 733 864 ratione
762 839 839 876 qua
866 839 982 876 supra
1008 839 1091 863 sum
1115 838 1209 863 usus
1231 826 1345 863 etiam
1367 826 1429 863 hic
1451 827 1498 864 de
1519 827 1697 865 maximis

222 888 492 926 tantummodo
520 888 723 926 disseram.
781 887 882 925 Sunt
911 887 1025 938 igitur
1053 887 1380 939 imper10sissimae
1411 895 1548 938 gentes
1577 890 1696 926 inaxi-

223 961 363 1000 tnaque
390 950 566 1001 praeditae
594 949 781 1001 potentia,
802 949 959 1001 Scythae
988 957 1026 988 et
1047 950 1219 988 Thraces
1246 957 1285 989 et
1304 950 1460 989 Persae:
1494 951 1546 989 ita
1566 959 1693 989 autern

222 1023 305 1049 sors
334 1012 434 1058 tulit,
454 1018 499 1050 ut
524 1012 563 1049 hi
590 1025 725 1050 omnes
755 1011 922 1049 insidiati
951 1012 1060 1050 nobis
1089 1012 1245 1057 suerint,
1263 1019 1472 1063 nostraque
1501 1013 1593 1050 urbs
1624 1013 1694 1051 ad-

220 1085 353 1112 versus
380 1075 451 1112 hos
478 1087 613 1112 omnes
639 1074 730 1111 belli
758 1073 963 1111 discrimen
991 1074 1140 1111 adierit.
1205 1074 1410 1112 Enimvero
1437 1075 1530 1125 quid
1557 1075 1694 1125 reliqui

218 1134 290 1172 erit
305 1135 547 1182 adversariis,
564 1135 628 1173 ubi
649 1135 961 1173 demonstratum
982 1135 1100 1173 fuerit
1121 1142 1160 1173 et
1175 1135 1353 1181 Graecos,
1371 1137 1403 1174 si
1420 1136 1484 1188 qui
1500 1138 1564 1188 jus
1580 1150 1692 1175 suum

219 1196 381 1248 adipisci
412 1211 490 1236 non
523 1204 698 1248 possent,
729 1203 872 1235 nostrae
901 1197 981 1234 urbi
1011 1197 1232 1248 supplicare
1263 1198 1414 1245 solitos,
1441 1206 1480 1236 et
1509 1199 1694 1237 barbaros

219 1261 402 1298 servitute
418 1260 616 1298 Graeciam
638 1273 893 1311 oppressuros
912 1259 1098 1311 impetum
1118 1260 1156 1297 in
1178 1272 1248 1297 nos
1270 1260 1412 1311 primos
1433 1260 1602 1298 fecisse?

278 1323 339 1360 19.
376 1323 526 1361 Bellum
573 1329 702 1360 autem
734 1323 934 1360 Persicum
963 1322 1032 1360 etsi
1067 1321 1239 1359 omnium
1270 1321 1571 1360 illustrissimum
1599 1323 1690 1367 fuit;

218 1397 298 1422 non
324 1385 475 1423 minora
502 1392 633 1423 tamen
661 1391 893 1436 argumenta
914 1396 976 1422 res
997 1383 1088 1421 olim
1117 1391 1240 1434 gestae
1270 1383 1521 1435 suppeditant
1543 1384 1589 1422 de
1604 1384 1691 1436 jure

218 1452 258 1485 et.
284 1460 388 1486 more
416 1448 602 1499 majorum
634 1446 934 1498 disputantibus.
1012 1446 1112 1483 Nam
1140 1446 1273 1483 humili
1302 1446 1429 1484 adhuc
1458 1446 1626 1492 Graecia,
1654 1446 1692 1484 in

217 1517 393 1547 nostrum
424 1523 559 1561 agrum
594 1510 810 1560 irruperunt
842 1509 1014 1547 Thraces
1047 1521 1138 1546 cum
1169 1509 1361 1560 Eumolpo
1388 1509 1562 1560 Neptuni
1597 1510 1690 1557 filio,

217 1571 373 1624 Scythae
394 1585 480 1610 cum
498 1573 761 1610 Amazonibus
785 1571 912 1609 Marte
932 1570 1148 1622 prognatis,
1166 1583 1243 1609 non
1260 1572 1395 1609 eodem
1417 1578 1604 1622 tempore,
1619 1573 1687 1610 sed

215 1646 292 1684 quo
318 1634 469 1685 utrique
492 1634 658 1685 Europae
684 1633 886 1685 imperium
912 1633 1164 1684 appetebant,
1185 1632 1323 1670 infensi
1353 1633 1510 1684 quidem
1540 1634 1689 1672 Graecis

216 1695 418 1742 universis,
446 1696 516 1734 sed
542 1696 719 1747 privatim
748 1708 820 1733 nos
849 1702 1106 1739 accusantes-3
1146 1695 1422 1733 existimabant
1448 1695 1547 1732 enim
1577 1709 1622 1734 ea
1649 1709 1690 1734 se

215 1757 362 1795 ratione
379 1770 496 1795 unam
513 1757 704 1795 duntaxat
722 1758 856 1795 urbem
873 1756 1134 1795 adversariam
1150 1756 1350 1794 habituros
1366 1764 1403 1795 et
1424 1756 1688 1795 universarum

217 1818 331 1857 simul
359 1819 565 1870 potituros.
638 1819 728 1857 Non
760 1825 888 1857 tamen
919 1826 1098 1857 votorum
1131 1826 1333 1869 compotes
1368 1819 1477 1864 facti,
1499 1819 1569 1857 sed
1600 1832 1689 1857 cum

215 1880 307 1919 solis
328 1881 536 1932 majoribus
556 1880 696 1919 nostris
724 1880 920 1931 congressi
940 1893 1053 1930 aeque
1082 1879 1197 1917 deleti
1220 1887 1324 1926 sunt,
1346 1893 1390 1917 ac
1412 1881 1442 1917 si
1465 1881 1596 1930 generi
1617 1881 1690 1918 hu-

214 1954 330 1980 mano
350 1943 529 1981 universo
558 1942 704 1980 bellum
734 1943 970 1980 intulissent.
1030 1942 1166 1980 Cladis
1186 1950 1316 1981 autem
1337 1942 1439 1980 illius
1461 1944 1690 1994 magnitudo

215 2016 264 2041 ex
282 2016 328 2042 eo
348 2004 591 2055 perspicitur,
614 2003 720 2053 quod
747 2004 853 2042 fama
880 2004 944 2041 illa
967 2004 1112 2042 tamdiu
1135 2004 1274 2042 durare
1296 2017 1373 2042 non
1394 2005 1595 2055 potuisset,
1617 2006 1689 2044 nisi

215 2079 275 2104 res
304 2074 426 2117 gestae
455 2067 618 2104 multum
654 2067 737 2104 aliis
771 2068 1062 2118 praestitissent.
1122 2067 1225 2105 Nam
1258 2067 1500 2106 Amazonum
1533 2068 1689 2119 quidem

215 2141 304 2180 quae
331 2128 408 2166 huc
427 2128 604 2166 venerint
635 2128 783 2165 nullam
818 2128 976 2166 domum
1011 2128 1186 2174 rediisse,
1215 2135 1254 2167 et
1279 2137 1441 2167 caeteras
1472 2143 1559 2180 quae
1586 2130 1688 2168 domi
1727 2179 1729 2182 ι

214 2189 427 2227 manserint
465 2190 514 2227 ob
549 2189 700 2227 cladem
736 2189 800 2228 hic
839 2197 1040 2241 acceptam
1078 2203 1199 2241 regno
1235 2191 1370 2241 pulsas
1411 2204 1497 2230 esse
1536 2192 1689 2231 ferunt:

214 2250 384 2289 Thraces
401 2257 673 2301 autem,quum
692 2251 876 2302 superiori
895 2259 1067 2303 tempore
1083 2252 1122 2289 in
1137 2251 1275 2290 vicinia
1289 2259 1422 2291 nostra
1434 2252 1690 2299 habitassent,

212 2313 262 2350 ob
286 2312 574 2364 expeditionem
602 2312 706 2351 illam
730 2322 808 2351 tam
838 2313 954 2364 longe
982 2320 1240 2361 recesserunt,
1268 2321 1312 2352 ut
1342 2314 1439 2353 inter
1470 2322 1625 2353 nostros
1652 2324 1691 2354 et

212 2373 364 2412 illorum
392 2375 489 2412 fines
520 2374 652 2412 multae
683 2381 820 2426 gentes
841 2376 1035 2425 variaeque
1064 2375 1314 2414 consederint
1332 2382 1372 2415 et
1392 2390 1545 2428 magnae
1572 2379 1686 2416 urbes

214 2436 291 2473 sint
309 2436 493 2474 conditae.

268 2500 333 2537 20.
363 2499 559 2537 Praeclara
580 2499 740 2550 quidem
759 2506 798 2537 et
821 2498 907 2537 haec
928 2506 1020 2538 sunt
1035 2513 1081 2538 ac
1098 2501 1217 2552 digna
1237 2500 1281 2538 iis
1309 2500 1446 2552 qui-de
1471 2501 1688 2553 principatu

211 2560 482 2598 contendunt:
515 2570 685 2611 cognata
703 2574 794 2599 vero
815 2561 873 2599 his
900 2575 992 2612 quae
1012 2562 1195 2607 diximus,
1216 2569 1256 2600 et
1285 2563 1377 2600 talia
1397 2563 1525 2613 qualia
1546 2563 1689 2603 decent

213 2633 237 2658 a
251 2621 370 2659 tantis
388 2622 476 2659 viris
498 2630 617 2667 ortos,
635 2623 688 2660 illi
710 2635 869 2674 gessere
886 2623 949 2673 qui
973 2622 1080 2661 Darii
1101 2631 1140 2661 et
1159 2623 1298 2661 Xerxis
1320 2637 1428 2661 arma
1449 2623 1685 2674 repulerunt.

215 2683 347 2724 Quum
380 2683 482 2721 enim
513 2685 721 2722 maximum
754 2684 793 2722 id
826 2684 973 2722 bellum
1005 2685 1219 2723 exstitisset
1256 2692 1294 2724 et
1324 2685 1490 2736 plurima
1519 2685 1688 2736 pericula

215 2743 353 2782 eodem
380 2752 551 2796 tempore
582 2752 780 2798 urgerent,
811 2753 850 2784 et
880 2746 1012 2784 hostes
1035 2747 1084 2784 ob
1110 2746 1396 2785 multitudinem
1424 2760 1464 2784 se
1495 2760 1573 2784 non
1602 2760 1688 2785 sus-

214 2805 327 2844 tineri
355 2819 472 2857 posse
498 2813 537 2845 et
566 2808 660 2846 socii
692 2821 825 2846 eorum
850 2807 991 2846 virtute
1021 2807 1269 2859 insuperabili
1310 2821 1350 2846 se
1380 2808 1564 2859 praeditos
1603 2821 1688 2848 esse

213 2873 412 2918 putarent,
440 2868 617 2920 utrisque
646 2869 757 2908 victis
793 2870 893 2909 sicut
925 2869 1100 2921 utrisque
1132 2870 1403 2916 conveniebat,
1440 2877 1479 2908 et
1507 2871 1686 2909 omnibus

213 2929 356 2980 praeliis
375 2931 604 2983 praestantia
623 2931 775 2971 virtutis
797 2945 879 2971 suae
898 2933 1076 2984 probata,
1091 2931 1283 2984 insignem
1305 2932 1432 2971 statim
1453 2932 1689 2971 fortitudinis
