1870 3277
282 165 357 200 416
948 163 1061 200 ISAEl

333 265 369 303 8.
400 266 530 309 Quare
549 277 617 303 vos
636 264 761 310 decet,
781 264 948 315 judices,
968 264 1016 302 ad
1045 264 1157 314 hujus
1183 263 1346 303 hominis
1365 264 1609 305 causationes
1626 263 1728 305 haud

279 326 492 371 attendere,
511 339 636 377 neque
662 326 902 364 committere
923 332 965 364 ut
989 325 1049 362 hie
1072 337 1153 363 mos
1172 324 1209 362 in
1232 324 1431 374 republica
1457 324 1594 374 gliscat
1613 331 1728 374 atque

279 388 501 433 invalescat,
521 388 659 438 quibus
689 387 736 426 de
758 387 868 424 rebus
899 387 1005 437 {eges
1030 387 1177 437 judicia
1203 386 1350 437 privata
1375 386 1629 430 constituunt,
1661 398 1726 424 eas

279 462 338 487 res
354 449 403 486 ad
417 462 554 487 causas
571 449 753 500 capitales
769 448 1023 499 pertrahendi.
1082 447 1254 498 Simplex
1270 447 1498 497 omninojns
1519 454 1728 497 notumque

277 512 452 549 omnibus
471 511 508 548 in
529 511 600 548 hac
620 523 737 548 causa
755 510 1002 547 constitutum
1023 518 1081 547 est
1101 524 1109 553 ;
1139 508 1241 559 quod
1258 508 1320 547 ubi
1337 521 1409 558 ego
1430 508 1535 546 vobis
1552 508 1601 547 ad
1621 521 1726 546 men-

275 581 352 610 tem
370 573 489 610 tribus
509 572 635 609 verbis
657 584 883 609 revocavero
905 578 1112 621 vestraeque
1134 570 1326 608 memoriae
1343 577 1526 620 tanquam
1548 569 1727 611 fidecom-

274 635 433 671 missum
458 640 591 670 sancte
613 632 840 670 servandum
869 632 1162 676 demandavero,
1184 631 1233 669 ad
1256 630 1462 669 refutanda
1486 643 1571 680 quoe
1592 643 1725 681 super-

276 704 368 734 sunt
396 695 542 745 reliqua
571 708 666 732 meae
695 695 949 732 accusationis
976 695 1104 745 capita
1129 694 1365 745 progrediar.
1426 693 1587 743 Ecquod
1613 693 1726 743 igitur

275 759 369 797 illud
399 767 472 802 est,
504 758 608 808 quod
634 758 734 803 dico,
758 757 853 809 jus?
882 764 920 796 et
949 771 1114 808 quanam
1143 770 1216 808 ego
1244 757 1489 795 distinctione
1517 769 1596 794 rem
1627 755 1726 793 hanc

270 819 441 858 definio?
491 819 642 869 Pupillo
662 820 692 856 si
713 819 765 856 ait
785 819 1059 869 [adversarius]
1085 825 1302 869 competere
1317 818 1382 869 jus
1403 817 1452 855 ad
1472 817 1723 855 hereditatem

273 883 438 934 Hagniae
469 895 517 919 ex
549 882 660 918 titulo
696 881 1005 932 propinquitatis,
1041 881 1236 919 semissem
1269 881 1317 918 ab
1353 880 1537 919 archonte
1575 879 1722 930 petito;

273 958 386 996 quam
409 944 439 981 si
460 956 528 980 vos
549 943 595 987 ei,
611 943 779 993 judices,
796 942 986 980 sententia
1006 949 1130 979 vestra
1143 940 1379 985 addixeritis,
1401 941 1540 990 capito,
1560 940 1722 980 habeto:

272 1008 325 1046 sic
356 1007 454 1045 enim
484 1006 561 1043 fieri
589 1005 694 1055 leges
722 1005 960 1056 praecipiunt.
1019 1005 1086 1042 Sin
1116 1013 1242 1042 autem
1275 1017 1324 1041 ex
1352 1003 1426 1041 hoc
1458 1003 1567 1041 titulo
1595 1012 1724 1054 petere

273 1081 470 1112 recusans,
492 1067 724 1105 asseverabit
735 1080 795 1104 me
809 1066 953 1117 pupillo
969 1074 1114 1117 partem
1132 1065 1327 1103 dimidiam
1348 1064 1570 1115 promisisse
1589 1064 1725 1115 imper-

272 1131 456 1176 tiendam,
483 1131 572 1179 jure
601 1141 752 1166 mecum
771 1128 983 1179 expetitum
1014 1141 1090 1179 quo
1110 1128 1226 1173 facto,
1247 1127 1308 1164 ubi
1328 1140 1387 1164 me
1415 1133 1622 1176 negantem
1643 1126 1682 1164 id
1703 1139 1725 1164 a

273 1205 334 1230 me
355 1192 587 1242 promissum
609 1203 693 1228 esse
722 1190 952 1239 coarguerit,
978 1190 1133 1228 omnino
1160 1203 1219 1227 me
1239 1201 1322 1227 eam
1346 1189 1384 1226 in
1409 1187 1615 1226 formulam
1635 1201 1725 1226 con-

269 1255 424 1299 dixisse,
443 1261 524 1290 tum
544 1253 698 1290 demum
727 1253 922 1290 semissem
949 1252 1171 1289 hereditatis
1192 1265 1214 1289 a
1234 1263 1295 1288 me
1315 1250 1534 1288 condictam
1553 1249 1724 1300 exigito:

270 1316 327 1354 sic
344 1316 443 1353 enim
466 1327 618 1365 aequum
639 1313 835 1364 etjustum
857 1321 929 1351 est.
987 1312 1053 1350 Sin
1079 1319 1202 1350 autem
1223 1311 1370 1363 pupillo
1391 1318 1511 1362 negat
1530 1311 1723 1350 actionem

269 1377 306 1415 in
327 1390 386 1414 me
414 1389 502 1414 esse
525 1388 647 1425 neque
673 1388 720 1411 ex
740 1374 852 1412 titulo
872 1373 1096 1412 hereditatis
1128 1387 1253 1423 neque
1272 1386 1319 1410 ex
1346 1372 1458 1410 titulo
1477 1371 1575 1410 male
1601 1379 1721 1423 gestae

268 1438 415 1482 tutelae,
436 1437 563 1488 legem
594 1435 762 1473 indicato
789 1435 825 1472 id
846 1442 1053 1478 vetantem,
1079 1444 1117 1473 et
1141 1435 1309 1472 indicare
1330 1433 1360 1471 si
1389 1433 1577 1478 habuerit,
1606 1433 1720 1473 etiam

266 1501 341 1537 boe
361 1506 475 1549 pacto
492 1496 620 1535 licebit
640 1497 837 1534 semissem
854 1496 1078 1534 hereditatis
1093 1509 1116 1533 a
1131 1509 1192 1533 me
1210 1503 1250 1533 ut
1270 1494 1444 1535 aufferat.
1501 1494 1567 1531 Sin
1590 1502 1718 1537 autem

266 1559 453 1613 pupillum
475 1559 612 1596 decere
641 1558 798 1608 negabit
816 1565 860 1594 ut
879 1557 964 1594 sive
984 1556 1205 1595 hereditatis
1227 1556 1425 1597 semissem
1446 1555 1484 1593 in
1506 1555 1595 1605 jure
1613 1563 1722 1606 petat

264 1625 345 1663 sive
361 1623 507 1673 privata
526 1621 590 1659 lite
611 1633 760 1658 mecum
782 1620 829 1657 de
851 1632 928 1656 non
947 1626 1097 1657 servato
1117 1619 1305 1670 promisso
1326 1617 1547 1663 contendat,
1563 1618 1633 1657 sed
1646 1619 1721 1659 aiet

264 1685 446 1729 universa
468 1683 635 1734 Hagniae
663 1683 767 1720 bona
796 1681 917 1733 ipsius
946 1681 994 1718 de
1022 1681 1109 1732 jure
1140 1694 1238 1726 esse,
1270 1679 1376 1718 adito
1409 1679 1459 1718 ad
1492 1679 1717 1718 archontem

265 1747 377 1797 eique
397 1751 532 1783 auctor
551 1752 636 1782 esto
655 1752 698 1781 ut
717 1744 820 1781 bona
847 1743 1011 1794 Hagniae
1031 1743 1066 1780 in
1087 1743 1251 1781 indicem
1272 1743 1456 1780 bonorum
1479 1741 1593 1792 hujus
1611 1742 1718 1793 pueri

266 1808 418 1852 inferat,
441 1806 552 1856 eique
571 1805 700 1844 elocet
725 1805 790 1856 qui
810 1806 915 1843 bona
934 1805 1038 1856 pueri
1061 1805 1239 1843 mercede
1263 1805 1460 1843 conducta
1484 1804 1614 1849 habet,
1635 1813 1716 1842 tum

264 1869 314 1908 ad
335 1881 396 1906 me
414 1868 477 1906 hic
504 1867 720 1905 conductor
746 1867 884 1905 locaris
906 1866 1117 1905 aufferendi
1144 1880 1265 1904 causa
1293 1866 1433 1904 venito.
1492 1866 1615 1904 Plana
1633 1867 1716 1906 haec

264 1939 354 1968 sunt
374 1938 413 1968 et
430 1929 626 1967 luculenta
647 1929 855 1980 postulata,
872 1942 959 1967 cum
980 1928 1203 1979 aequissimo
1217 1929 1303 1979 jure
1324 1927 1603 1966 consentientia
1622 1929 1715 1966 vali.

263 1994 388 2044 deque
414 1992 654 2041 stringentia.
712 1991 809 2028 Haec
835 2004 857 2028 a
878 1991 1025 2041 legibus
1052 1990 1300 2041 imperantur,
1328 1990 1547 2040 neutiquam
1572 1997 1717 2036 autem,

260 2055 313 2092 ita
334 2054 481 2091 medius
502 2053 627 2097 fidius,
649 2053 788 2103 quibus
811 2053 859 2090 de
888 2054 1003 2090 rebus
1024 2052 1194 2089 actiones
1218 2052 1384 2102 privatas
1403 2064 1490 2090 esse
1517 2050 1715 2101 legislator

261 2116 396 2161 voluit,
415 2128 480 2152 eas
497 2115 657 2166 publicis
675 2121 925 2160 commutare,
941 2127 1065 2164 neque
1086 2126 1144 2151 me
1165 2113 1378 2161 maJestatis
1395 2125 1577 2150 accusare
1592 2126 1714 2163 neque

262 2178 302 2215 in
329 2177 531 2214 discrimen
564 2176 700 2226 capitis
720 2183 759 2214 et
789 2176 1031 2213 fortunarum
1059 2175 1227 2212 omnium
1261 2174 1468 2219 deducere,
1496 2173 1583 2213 ideo
1609 2175 1713 2225 quod

261 2238 410 2291 pupilio
426 2238 514 2275 huic
531 2250 576 2274 ea
595 2238 686 2274 nolo
703 2237 908 2288 impertire,
921 2250 1008 2288 quae
1029 2250 1101 2288 ego
1121 2250 1143 2274 a
1162 2235 1284 2280 vobis,
1301 2236 1468 2287 judices»,
1489 2235 1712 2286 adjudicata

261 2299 352 2337 mihi
371 2299 563 2349 possideo,
580 2307 829 2349 posteaquam
847 2300 990 2350 priores
1003 2313 1250 2350 possessores
1265 2312 1384 2341 causa
1397 2299 1492 2337 vici:
1523 2300 1729 2338 bonorum-

259 2360 396 2412 pupilli
416 2360 446 2397 si
466 2360 557 2410 quid
578 2373 651 2410 ego
672 2359 853 2397 haberem
873 2369 986 2410 atque
1006 2361 1208 2399 retinerem
1225 2361 1329 2412 quod
1350 2361 1431 2412 ejus
1450 2374 1534 2399 esse
1559 2369 1712 2400 consta==

259 2429 320 2460 ret
347 2422 445 2459 inter
474 2434 608 2459 omnes
636 2421 751 2471 idque
786 2421 884 2458 male
918 2422 1235 2467 administrarem,
1266 2423 1320 2460 ita
1353 2431 1405 2460 ut·
1428 2423 1601 2461 fortunae.
1626 2425 1711 2473 ejus

259 2484 486 2522 deteriorem
519 2483 558 2520 in
588 2483 716 2521 locum
749 2482 1045 2527 deducerentur,
1077 2492 1158 2521 tum
1195 2492 1453 2535 opportunum
1487 2493 1526 2522 et
1557 2497 1709 2534 aequum

257 2546 395 2584 fuisset
413 2545 516 2583 hanc
535 2545 748 2596 majestatis
766 2558 926 2583 causam
943 2544 1034 2586 mihi
1061 2545 1256 2591 intentari,
1274 2558 1354 2583 non
1373 2553 1500 2583 autem
1521 2546 1707 2596 profecto,

258 2607 290 2644 si
309 2619 394 2644 mea
413 2605 502 2642 mihi
524 2618 647 2643 servo.

312 2668 350 2706 9.
378 2666 652 2705 Adversarium
673 2667 802 2718 itaque
822 2667 1042 2719 neque-hac
1060 2668 1100 2705 in
1129 2681 1173 2705 re.
1193 2668 1290 2719 juris
1315 2669 1417 2718 aequi
1437 2669 1706 2707 observantem

256 2729 378 2767 fuisse
394 2742 518 2780 neque
532 2729 570 2766 in
589 2729 736 2767 caeteris
754 2729 922 2767 veritatis
938 2729 975 2767 in
996 2729 1257 2781 praedicandm
1273 2728 1342 2767 sed
1355 2730 1482 2767 omnia
1495 2730 1707 2781 cupiditate

258 2790 375 2829 valde
389 2799 516 2828 actum
532 2804 620 2828 esse
639 2791 901 2831 machinatum
917 2804 996 2842 quo
1017 2804 1078 2828 me
1097 2790 1201 2841 apud
1216 2803 1282 2829 vos
1305 2790 1344 2827 in
1370 2790 1550 2828 invidiam
1581 2791 1707 2842 sus-pis

257 2852 485 2902 oionemque
505 2852 731 2899 adduceret,
755 2865 989 2903 pravamque
1019 2852 1077 2891 ad,
1100 2851 1333 2890 sententiam.
1361 2852 1486 2903 leges:
1499 2852 1707 2891 detorsisse

254 2926 521 2963 summumque
533 2926 601 2965 per
612 2914 719 2952 nefas
736 2913 891 2953 studere
903 2927 1041 2965 meque
1053 2926 1197 2964 vosque
1212 2913 1498 2959 circumvenire,
1514 2913 1703 2952 neminem
