1870 3277
624 192 1050 233 AREOPAGITICA.
1523 197 1574 235 89

107 297 192 344 lior,
221 297 292 336 sed
315 298 388 336 hac
408 295 629 348 aequalitate
657 309 743 347 quae
764 296 914 334 nullum
941 295 1146 335 discrimen
1177 296 1417 339 inter-bonos
1442 308 1481 340 et
1501 302 1572 341 im-

105 360 246 410 probos
263 360 355 398 facit
372 366 414 398 ut
427 358 560 410 iniqua
581 358 798 410 repudiata,
813 358 917 396 illam
941 371 1030 410 quae
1046 372 1116 410 pro
1137 372 1208 398 suo
1220 374 1414 413 quemque
1434 366 1571 405 merito

103 428 141 460 et
159 422 325 461 honorat
345 430 384 461 et
408 422 519 474 punit
537 422 700 473 amplexi
720 427 759 459 et
778 422 818 459 in
847 422 1018 472 gerenda
1039 423 1186 474 republ.
1209 425 1330 463 secuti
1357 434 1469 472 sunt;
1497 442 1570 468 nec

102 483 322 533 promiscue
343 496 475 522 omnes
496 482 545 521 ad
564 482 789 521 societatem
807 482 1103 534 magistratuum
1119 484 1371 532 admiserunt,
1390 488 1457 525 sed
1471 490 1572 540 opti-

102 558 206 583 mum
226 559 417 598 quemque
437 552 476 584 et
492 544 652 596 singulis
680 545 900 583 muneribus
920 546 1110 584 obeundis
1131 547 1371 598 aptissimum
1398 550 1571 592 adhibito

95 606 244 657 judicio
264 607 529 659 praetulerunt.
588 606 690 645 Nam
705 606 753 644 ad
770 619 900 645 eorum
918 607 1149 658 exemplum,
1169 622 1286 659 penes
1306 623 1401 661 quos
1417 624 1570 653 summa

101 680 228 706 rerum
259 676 375 715 esset,
404 669 519 707 etiam
550 674 714 707 caeteros
747 681 787 706 se
815 675 1107 720 comparaturos
1139 672 1357 721 sperabant.
1415 673 1570 714 Deinde

101 730 383 781 populariorem
404 737 587 781 putarunt
606 730 709 768 hanc
734 729 920 768 rationem
942 743 1058 781 quam
1087 745 1174 782 quae
1193 738 1297 771 sorte
1316 734 1568 785 magistratus

99 797 225 828 creat:
257 803 344 828 nam
369 791 580 830 sortitionis
609 791 858 842 gubernatrix
881 791 1035 830 fortuna
1053 799 1114 830 est
1132 798 1171 831 et
1190 806 1296 845 saepe
1315 796 1567 846 magistratus

99 851 333 902 contingunt
356 865 567 903 paucorum
597 853 783 903 potentiae
809 852 1008 899 studiosis,
1029 866 1148 904 quum
1175 862 1303 894 autern
1329 857 1566 909 integerrimi

99 912 242 963 quique
262 912 414 952 delectu
446 914 580 953 habito
606 914 773 965 potiores
803 913 945 961 ferunt,
966 915 1003 952 in
1023 915 1158 966 populi
1187 923 1380 967 potestate
1404 926 1464 958 est
1496 933 1566 960 eos

98 973 239 1024 eligere
258 975 325 1026 qui
344 981 574 1026 praesentem
595 982 738 1014 statum
760 975 926 1014 maxime
946 984 1217 1015 conservatum
1238 979 1383 1018 volunt.

151 1036 187 1073 9.
221 1036 274 1073 Ut
288 1043 416 1075 autem
436 1036 521 1075 haec
534 1036 978 1089 multitudiniplacerent
996 1037 1192 1090 nullaeque
1208 1040 1255 1078 de
1275 1041 1565 1092 magistratibus

97 1097 362 1137 contentiones
383 1099 585 1145 orirentur,
606 1098 645 1136 in
665 1111 783 1137 causa
802 1099 898 1137 illud
918 1106 1014 1145 erat,
1035 1101 1139 1150 quod
1162 1101 1356 1141 laboribus
1375 1111 1414 1141 et
1432 1105 1565 1156 fruga-

96 1157 192 1196 litati
218 1167 489 1204 assueverant;
519 1173 647 1211 neque
674 1173 744 1198 sua
768 1160 1022 1211 negligebant
1051 1161 1184 1200 alienis
1212 1162 1424 1211 inhiabant,
1450 1178 1521 1204 nec
1541 1179 1563 1205 e

96 1220 252 1271 publico
280 1234 358 1259 rem
388 1222 575 1272 privatam
598 1222 860 1268 stabiliebant,
887 1222 956 1260 sed
985 1222 1032 1260 de
1059 1236 1130 1261 suo
1158 1224 1335 1275 quisque,
1356 1239 1474 1276 quum
1501 1241 1561 1266 res

95 1282 331 1332 postulabat,
369 1284 559 1335 rempubl.
592 1284 776 1334 juvabat;
809 1296 881 1321 nec
916 1283 1052 1322 melius
1085 1285 1260 1324 sciebant
1286 1301 1383 1338 quos
1411 1303 1431 1327 e
1457 1290 1564 1329 curia

95 1356 210 1393 quam
244 1357 342 1394 quos
375 1345 425 1383 de
465 1357 537 1383 suo
567 1345 712 1382 reditus
746 1344 948 1383 haberent.
1007 1346 1226 1389 Quinetiam
1257 1361 1279 1386 a
1305 1349 1561 1401 vectigalibus

94 1405 257 1443 civitatis
284 1412 484 1458 tantopere
509 1406 765 1452 abstinebant,
791 1413 834 1445 ut
860 1406 933 1445 illis
960 1407 1199 1458 temporibus
1232 1409 1426 1450 difficilius
1459 1420 1563 1452 esset

93 1465 261 1504 iuvenire
280 1467 347 1517 qui
366 1468 555 1519 rempubl.
583 1480 788 1519 capessere
808 1466 953 1505 vellent
980 1480 1092 1518 quam
1122 1482 1224 1507 nunc
1249 1470 1314 1521 qui
1335 1474 1417 1520 ejus
1439 1474 1562 1512 admi-

92 1527 316 1566 nistratione
340 1541 470 1567 carere
484 1529 648 1581 possint:
679 1541 751 1566 nec
767 1529 865 1566 enim
881 1528 1104 1580 reipublicae
1116 1543 1247 1569 curam
1259 1533 1561 1584 negotiationem

92 1589 160 1626 sed
181 1590 473 1641 occupationem
493 1590 778 1634 existimabant,
797 1603 868 1628 nec
885 1603 907 1628 a
920 1591 1042 1641 primo
1058 1592 1188 1630 statim
1203 1592 1267 1631 die
1283 1598 1562 1646 computabant

92 1663 140 1688 an
160 1651 304 1702 priores
324 1652 572 1704 magistratus
593 1651 737 1690 sordidi
757 1651 900 1702 aliquid
919 1652 1049 1691 lucelli
1068 1654 1329 1705 reliquissent,
1352 1657 1421 1696 sed
1437 1659 1561 1699 multo

93 1712 215 1763 magis
241 1726 289 1750 an
317 1714 462 1764 aliquid
493 1713 754 1765 neglexissent
772 1714 876 1764 quod
903 1714 1023 1765 primo
1051 1728 1207 1766 quoque
1240 1724 1412 1770 tempore
1438 1721 1561 1760 confi-

92 1773 273 1811 ciendum
288 1782 403 1813 esset.
433 1775 613 1826 Denique
635 1781 678 1812 ut
695 1775 831 1826 paucis
847 1775 1060 1823 absolvam,
1073 1776 1126 1815 ita
1140 1779 1364 1818 statuebant
1382 1788 1560 1832 oportere

93 1835 279 1886 populum
301 1842 485 1887 tanquam
507 1836 706 1874 dominum
738 1836 977 1875 constituere
1004 1838 1257 1889 magistratus
1277 1846 1315 1878 et
1336 1843 1471 1892 punire
1491 1843 1558 1882 de-

92 1896 310 1948 linquentes
336 1904 375 1936 et
397 1898 573 1950 judicare
593 1898 641 1936 de
667 1898 949 1946 controversiis,
971 1899 1016 1937 iis
1043 1906 1172 1938 autem
1200 1903 1265 1953 qui
1293 1903 1411 1941 otium
1443 1918 1559 1956 agere

93 1965 250 2009 possent
270 1959 410 2010 quique
437 1959 626 1997 haberent
653 1959 755 1996 unde
775 1959 948 1998 viverent
972 1959 1028 1998 ita
1052 1962 1265 2000 curandam
1297 1975 1381 2002 esse
1401 1977 1558 2017 rempu-

91 2019 231 2057 blicam
255 2027 439 2070 tanquam
467 2019 597 2067 servis,
618 2020 683 2071 qui
708 2020 740 2058 si
768 2033 907 2059 munus
937 2034 1049 2059 suum
1077 2029 1178 2061 recte
1208 2023 1558 2076 administrassent,

90 2081 308 2120 laudandos
334 2095 402 2120 eos
430 2094 516 2120 esse
537 2081 603 2120 illo
622 2082 769 2121 honore
786 2089 1006 2128 contentos,
1026 2083 1084 2122 sin
1113 2085 1213 2124 male
1232 2100 1311 2125 rem
1331 2089 1559 2139 gessissent,

90 2143 236 2182 nullam
265 2143 319 2182 eis
340 2144 490 2182 veniam
517 2144 776 2190 tribuendam,
805 2145 875 2183 sed
908 2145 1074 2184 mulctas
1102 2147 1287 2187 maximas
1314 2149 1558 2202 irrogandas.

91 2204 293 2245 Enimvero
317 2218 496 2257 quaenam
523 2212 590 2244 aut
606 2206 748 2245 firmior
768 2213 835 2245 aut
857 2207 998 2258 justior
1019 2207 1256 2249 democratia
1272 2210 1484 2252 invenietur
1497 2227 1558 2263 ea,

89 2280 176 2318 quae
196 2268 482 2318 potentissimos
501 2280 679 2319 quosque
709 2280 872 2307 summae
892 2282 1015 2308 rerum
1044 2271 1219 2321 praeficit,
1240 2279 1279 2311 et
1300 2286 1432 2314 eorum
1452 2275 1557 2329 ipso·

89 2342 169 2367 rum
191 2330 375 2381 populum
397 2330 594 2369 dominum
612 2330 845 2369 constituit?

148 2392 208 2428 10.
238 2391 296 2430 Ac
328 2392 500 2442 respubl.
533 2404 666 2430 eorum
699 2391 774 2430 hoc
811 2392 927 2431 modo
960 2393 1033 2431 fuit
1064 2393 1266 2434 ordinata:
1308 2397 1410 2436 unde
1443 2397 1556 2438 facile

90 2452 329 2504 intelligitur,
363 2467 430 2493 eos
469 2454 584 2492 etiam
617 2454 655 2491 in
691 2454 927 2505 quotidianae
959 2455 1048 2493 vitae
1081 2456 1229 2496 ratione
1261 2458 1475 2498 honestatis
1508 2473 1555 2500 ac

90 2514 217 2565 legum
236 2522 420 2566 perpetuo
441 2515 560 2554 fuisse
581 2515 789 2554 studiosos.
846 2515 969 2555 Aliter
990 2517 1090 2556 enim
1113 2517 1193 2556 fieri
1211 2532 1287 2558 non
1314 2527 1443 2571 potest
1460 2522 1553 2574 quin

89 2577 153 2626 qui
179 2589 339 2615 summae
357 2590 483 2616 rerum
511 2577 765 2620 fundamenta
784 2577 854 2616 rite
875 2577 1071 2629 jecerunt,
1099 2578 1213 2617 etiam
1233 2580 1406 2632 singulas
1427 2590 1556 2634 partes

89 2644 191 2676 recte
210 2639 321 2689 quasi
342 2638 596 2677 exaedificent.

149 2700 208 2737 11.
238 2702 295 2739 Ac
324 2701 487 2752 primum
511 2700 618 2752 quod
651 2700 701 2739 ad
730 2701 826 2741 deos
855 2701 1089 2740 immortales
1119 2701 1424 2744 attinet—hinc
1449 2707 1552 2745 enim

90 2760 205 2799 ordiri
230 2761 351 2799 fas——
369 2775 445 2800 non
467 2762 708 2814 inaequaliter
726 2776 803 2801 non
829 2763 1048 2815 perturbate
1069 2762 1128 2801 vel
1148 2764 1254 2815 ipsos
1283 2766 1466 2807 colebant
1490 2769 1551 2807 vel

89 2834 221 2860 eorum
247 2823 345 2861 festa
363 2824 637 2869 celebrabant;
668 2838 754 2870 nec,
775 2824 933 2875 quando
959 2824 1084 2862 visum
1113 2826 1168 2864 eis
1196 2834 1312 2874 esset,
1332 2829 1450 2867 boum
1475 2836 1551 2868 tre-

89 2891 286 2923 centarum
307 2899 485 2938 pompam
506 2887 775 2932 instituebant,
806 2886 900 2925 alias
927 2885 1001 2924 levi
1021 2887 1202 2939 quapiam
1221 2888 1270 2927 de
1295 2902 1415 2928 causa
1434 2891 1548 2928 etiam

89 2946 214 2998 patria.
245 2959 354 2987 sacra
386 2948 633 2996 omittebant;
673 2961 798 3000 neque
830 2947 1053 2999 peregrinas
1082 2947 1212 2998 ferias,
1249 2950 1389 3000 quibus
1422 2951 1550 3003 epulae

808 3023 834 3047 n
