1870 3277
779 506 1184 558 [SOCRA'PIS

581 628 893 676 CONTRA
933 629 1376 677 SOPllISTAS.

302 835 334 870 l.
368 834 414 870 Sx
437 846 573 872 ornnes
600 835 662 873 isti
685 835 749 886 qui
768 835 906 874 docere
927 835 1135 874 instituunt
1150 849 1239 875 vera
1256 837 1382 875 dicere
1409 836 1564 882 vellent,
1586 849 1715 887 neque

243 895 387 946 majora
404 895 670 946 promitterent
687 910 802 948 quam
820 904 1001 949 praestare
1021 898 1162 944 solent,
1177 898 1293 950 vulgo
1313 912 1390 936 non
1408 899 1506 936 male
1521 898 1714 936 audirent.

245 956 360 994 Nunc
377 970 510 995 eorum
530 957 707 1004 audacia,
728 959 793 1009 qui
813 972 853 996 se
874 959 984 996 nimis
1006 959 1287 998 inconsiderate
1301 961 1466 1011 jactant,
1488 961 1633 999 factum
1654 966 1716 997 est

242 1025 285 1054 ut
308 1018 449 1056 rectius
467 1019 537 1056 sibi
552 1020 756 1057 consulere
776 1020 978 1058 videantur
995 1020 1016 1057 ii
1032 1021 1096 1070 qui
1112 1021 1149 1058 in
1172 1021 1250 1059 otio
1270 1021 1410 1073 degere
1429 1022 1579 1059 malunt
1598 1034 1715 1073 quam

241 1078 441 1129 sapientiae
457 1080 632 1118 studiosi.

296 1141 335 1176 2.
368 1139 464 1183 Quis
487 1140 588 1178 enim
619 1155 695 1179 non
718 1141 833 1179 simul
858 1149 897 1180 et
916 1142 1041 1180 oderit
1061 1149 1100 1180 et
1127 1150 1355 1181 contemnat
1374 1144 1535 1195 primum
1560 1156 1625 1182 eos
1647 1143 1713 1194 qui

240 1199 279 1237 in
302 1200 391 1238 rixis
418 1209 632 1248 versantur,
653 1203 718 1253 qui
747 1216 866 1253 quum
894 1203 1065 1242 veritatis
1092 1204 1381 1255 indagationem
1403 1218 1482 1256 prae
1511 1217 1553 1242 se
1574 1205 1714 1249 ferant,

241 1262 371 1299 statim
393 1263 441 1299 ab
462 1262 568 1300 initio
589 1276 742 1301 suarum
759 1264 1081 1315 pollicitationum
1098 1265 1249 1303 mentiri
1271 1278 1348 1304 non
1363 1266 1558 1304 dubitent:
1590 1266 1715 1303 omni-

239 1324 312 1361 bus
334 1324 436 1361 enim
464 1325 712 1376 perspicuum
742 1339 828 1364 esse
850 1327 1012 1364 arbitror
1040 1327 1255 1365 suturarum
1285 1340 1411 1365 rerum
1435 1327 1712 1378 praenotionem

241 1397 315 1422 non
338 1398 424 1423 esse
446 1386 565 1423 nostri
586 1386 744 1437 ingenii,
766 1387 834 1425 sed
857 1387 1035 1425 humanae
1057 1388 1274 1439 prudentiae
1295 1396 1450 1439 captum
1473 1402 1594 1439 usque
1616 1388 1714 1426 adeo

238 1446 439 1492 excedere,
472 1453 513 1483 ut
542 1446 737 1485 Homerus
767 1448 985 1499 opinionem
1013 1449 1212 1500 sapientiae
1242 1449 1448 1487 maximam
1479 1456 1713 1487 consecutus

238 1510 354 1547 etiam
384 1509 478 1548 deos
504 1510 696 1548 interdum
727 1511 775 1549 de
804 1512 943 1550 futuris
970 1512 1526 1563 deliberantes]introduxerit,
1552 1512 1617 1563 qui
1645 1513 1715 1550 etsi

240 1570 409 1608 animum
427 1583 559 1608 eorum
577 1585 654 1609 non
671 1580 917 1623 perspectum
935 1573 1085 1618 habuit,
1100 1573 1210 1610 nobis
1227 1580 1356 1610 tamen
1373 1573 1581 1611 ostendere
1595 1573 1716 1612 voluit

238 1632 277 1669 id
299 1645 348 1670 ex
370 1645 501 1670 eorum
523 1645 609 1670 esse
626 1647 786 1671 numero
806 1648 893 1685 quae
908 1634 1007 1673 vires
1029 1635 1219 1672 humanas
1233 1642 1471 1686 superarent.

295 1694 331 1731 3.
363 1693 432 1731 Isti
453 1700 583 1733 autem
605 1702 713 1733 tanta
734 1702 826 1733 sunt
845 1696 1024 1742 audacia,
1045 1703 1088 1734 ut
1109 1696 1342 1747 persuadere
1363 1703 1552 1734 conentur
1580 1696 1711 1734 adole-

240 1754 437 1792 scentibus
467 1767 548 1801 eos,
584 1756 614 1793 si
648 1756 738 1808 ipsis
765 1757 959 1808 magistris
987 1758 1044 1794 usi
1072 1757 1227 1803 fuerint,
1249 1764 1287 1795 et
1320 1757 1413 1808 quid
1443 1758 1639 1809 agendum
1665 1759 1715 1796 sit

238 1815 404 1855 scituros
435 1823 474 1854 et
508 1829 579 1868 per
608 1830 693 1855 eam
727 1818 928 1856 scientiam
961 1818 1156 1856 felicitatis
1189 1818 1271 1856 fore
1302 1826 1516 1870 compotes.
1581 1819 1712 1863 Quum

237 1883 365 1914 autem
388 1883 584 1916 tantorum
605 1878 795 1916 bonorum
827 1879 1007 1918 doctores
1037 1887 1075 1917 et
1093 1880 1270 1918 dominos
1293 1893 1333 1917 se
1361 1881 1647 1928 constituerint,
1667 1895 1713 1920 ea

240 1938 347 1975 trinis
369 1945 437 1976 aut
455 1940 654 1989 quaternis
675 1939 846 1978 indicare
868 1941 981 1978 minis
1010 1954 1086 1978 non
1109 1941 1356 1979 erubescunt.
1415 1943 1466 1980 At
1488 1942 1518 1980 si
1536 1943 1629 1993 quid
1651 1943 1716 1982 ali-

238 2012 345 2037 arum
366 2013 493 2037 rerum
524 2001 641 2052 longe
663 2001 761 2039 infra
784 2002 937 2053 justum
960 2003 1124 2054 pretium
1150 2003 1374 2049 venderent,
1395 2017 1443 2041 ne
1462 2004 1535 2055 ipsi
1554 2004 1711 2055 quidem

239 2073 279 2098 se
300 2061 473 2112 desipere
488 2071 696 2112 negarent:
726 2076 844 2109 nunc,
858 2077 978 2115 quum
998 2063 1179 2102 virtutem
1195 2071 1232 2102 et
1249 2064 1474 2102 felicitatem
1495 2065 1711 2104 universam

237 2122 390 2159 tantillo
411 2122 620 2169 aestimant,
641 2131 827 2174 tanquam
851 2125 1046 2176 sapientes
1068 2125 1231 2163 aliorum
1258 2132 1519 2177 praeceptores
1539 2139 1623 2164 esse
1645 2140 1712 2165 vo-

238 2183 336 2222 lunt.
398 2184 447 2222 Et
460 2198 553 2223 auro
574 2186 728 2236 quidem
744 2195 782 2224 et
798 2194 961 2237 argento
975 2193 1093 2238 atque
1109 2188 1263 2234 divitiis,
1277 2202 1363 2239 quae
1377 2189 1575 2227 minuendi
1590 2189 1715 2228 forma

238 2247 480 2297 pecuniolam
508 2247 720 2298 appellant,
740 2247 915 2300 indigere
941 2262 982 2287 se
1013 2257 1172 2300 negant,
1192 2263 1313 2301 quum
1342 2251 1576 2302 appetitione
1604 2253 1713 2302 parvi

238 2309 367 2348 lucelli
399 2310 600 2360 discipulis
629 2316 781 2348 tantum
812 2324 889 2349 non
917 2311 1240 2350 immortalitatem
1274 2313 1548 2364 polliceantur.
1610 2316 1715 2362 Jam,

237 2371 341 2422 quod
372 2371 543 2409 omnium
568 2371 734 2409 maxime
762 2371 965 2410 ridiculum
987 2381 1061 2419 est,
1083 2374 1128 2411 iis
1154 2374 1334 2412 diffidunt
1361 2388 1383 2413 a
1409 2375 1549 2426 quibus
1577 2391 1712 2416 nume-

238 2433 360 2470 randa
379 2445 524 2471 merces
545 2439 617 2477 est,
635 2432 776 2483 quibus
797 2447 837 2471 se
852 2433 1042 2484 justitiam
1063 2436 1272 2474 tradituros
1292 2438 1534 2487 promittunt,
1549 2453 1712 2490 quorum

237 2500 367 2532 autem
412 2494 584 2545 magistri
620 2507 820 2545 nunquam
861 2495 1031 2542 fuerunt,
1067 2509 1134 2535 eos
1168 2510 1238 2548 pro
1273 2498 1476 2549 discipulis
1518 2501 1712 2550 spondere

228 2555 394 2606 jubent;
425 2569 503 2607 qua
521 2568 613 2594 sane
634 2569 672 2594 re
692 2569 769 2593 non
788 2556 888 2595 male
909 2557 980 2595 sibi
1001 2565 1149 2604 cavent,
1166 2559 1236 2597 sed
1257 2560 1394 2598 eadem
1414 2561 1711 2612 pollicitationes

240 2630 331 2656 suas
363 2624 554 2657 evertunt.
612 2619 713 2657 Nam
733 2619 798 2670 qui
822 2619 968 2670 aliquid
996 2621 1101 2659 aliud
1127 2622 1286 2669 docent,
1307 2636 1373 2661 eos
1403 2637 1520 2674 quam
1551 2638 1712 2666 accura—

237 2678 381 2716 tissime
408 2678 478 2717 sibi
504 2679 707 2730 providere
734 2680 848 2719 decet
875 2694 923 2719 ne
950 2682 988 2718 in
1013 2683 1278 2721 contractibus
1307 2684 1600 2723 fraudentur—
1618 2688 1712 2728 nihil

237 2740 339 2777 enirn
370 2740 551 2792 prohibet
580 2742 786 2792 quominus
819 2742 859 2789 ii,
890 2742 956 2793 qui
987 2743 1144 2781 alterius
1174 2744 1390 2796 cujuspiam
1418 2746 1509 2785 artis
1536 2749 1711 2799 peritiam

239 2801 371 2853 adepti
391 2808 496 2846 sunt,
517 2809 633 2852 pacta
652 2810 691 2841 et
710 2810 904 2842 conventa
924 2804 1068 2843 violent
1082 2828 1131 2834 -—
1149 2819 1160 2845 ι
1190 2819 1257 2844 eos
1276 2813 1406 2844 autem
1424 2807 1491 2858 qui
1510 2821 1558 2847 ex
1572 2810 1710 2850 virtute

238 2871 277 2900 et
293 2862 545 2914 temperantia
558 2871 750 2914 quaestum
771 2865 933 2912 faciunt,
949 2866 1041 2917 quid
1058 2866 1261 2907 absurdius
1278 2881 1395 2920 quam
1410 2881 1488 2907 non
1510 2870 1710 2922 discipulis
