1870 3277
543 597 1319 651 LESBONACTIS

760 748 1125 799 POLITICA

434 842 539 911 DEv
569 872 791 911 BELLo
840 874 1426 912 CORINTHIORUM.

262 1060 635 1103 QUANDOQUIDEM
655 1059 829 1097 videbam
850 1059 1008 1097 consilia
1026 1060 1130 1097 vobis
1157 1067 1420 1111 suggerentes,
1439 1061 1505 1098 viri
1526 1061 1646 1100 Athea

207 1122 374 1167 nienses,
390 1121 533 1172 optima
551 1134 714 1172 quaeque
734 1121 873 1158 ciuitati
894 1120 1145 1167 consuluisse,
1161 1121 1225 1170 qui
1241 1120 1353 1158 etiam
1373 1121 1647 1171 interrogantes

209 1182 383 1220 adierant
403 1182 568 1220 scientes
589 1195 763 1232 quosque
783 1182 830 1220 de
849 1182 908 1219 his
927 1182 1039 1219 rebus
1054 1183 1172 1232 probe
1190 1181 1401 1228 consulere,
1421 1183 1647 1220 sententiam

208 1250 250 1281 ut
264 1251 436 1294 poteram
456 1244 555 1281 clam
575 1244 811 1281 indicabam:
841 1256 943 1280 nunc
964 1255 1051 1281 vero
1072 1244 1313 1294 conspiciens
1332 1242 1524 1281 Thebanae
1545 1244 1646 1280 urbis

208 1304 413 1355 praefectos
443 1318 510 1355 per
540 1305 767 1342 sententiam
799 1317 906 1342 suam
934 1304 1076 1354 optima
1103 1303 1404 1349 conscribentes,
1435 1311 1473 1341 et
1506 1317 1569 1342 vos
1599 1304 1648 1341 de

207 1367 574 1417 reipub.commodis
591 1367 684 1404 nihil
705 1366 889 1404 sollicitos
909 1378 957 1403 ne
970 1367 1125 1403 verbum
1145 1365 1297 1416 quidem
1317 1365 1355 1402 in
1377 1366 1543 1403 medium
1564 1378 1648 1416 pro-

207 1427 318 1473 ferre,
339 1434 421 1464 tum
441 1428 593 1464 demum
614 1428 660 1464 de
680 1427 860 1477 praesenti
885 1426 987 1464 bello
1017 1428 1160 1465 accessi
1181 1440 1248 1465 vos
1277 1427 1545 1471 instructurus,
1562 1439 1645 1464 eos-

207 1501 295 1538 que,
315 1489 381 1539 qui
400 1489 496 1526 inter
516 1501 584 1525 vos
602 1500 749 1539 semper
771 1488 893 1524 dicere
913 1494 1202 1532 consueverunt,
1223 1487 1316 1538 quid
1336 1488 1373 1524 iu
1391 1488 1464 1525 hac
1484 1501 1523 1525 re
1544 1488 1646 1525 facto

206 1562 302 1600 opus
322 1557 439 1588 esset.
495 1549 668 1587 Thebani
693 1549 846 1599 quidem
870 1555 982 1585 antea
1001 1547 1143 1585 civitati
1163 1555 1303 1585 nostrae
1322 1548 1505 1598 parebant
1523 1561 1646 1598 neque

205 1610 333 1648 hostili
353 1624 443 1662 erga
462 1624 531 1648 nos
549 1611 674 1648 animo
694 1610 979 1651 afficiebantur;
1001 1608 1066 1659 qui
1085 1610 1154 1646 etsi
1173 1616 1306 1646 contra
1321 1609 1484 1659 majores
1497 1615 1646 1647 nostros

205 1672 328 1710 multa
346 1678 385 1709 et
403 1672 532 1723 gravia
552 1671 740 1722 gesserint
755 1670 938 1720 vobisque
957 1669 1060 1707 omni
1075 1676 1246 1720 tempore
1266 1669 1398 1706 hostes
1419 1670 1646 1715 exstiterint,

204 1747 291 1784 quae
305 1740 513 1785 peccarunt
526 1733 714 1771 hactenus
727 1731 1007 1783 parvipendens
1020 1738 1201 1779 tanquam
1216 1731 1262 1768 de
1275 1730 1355 1768 aliis
1367 1732 1484 1768 verba
1495 1731 1644 1768 faciam.

204 1795 421 1843 Quislvero,
441 1794 541 1844 quis,
561 1794 728 1844 inquam,
749 1805 853 1830 nunc
880 1792 1033 1842 ignorat
1051 1791 1154 1842 quod
1174 1791 1336 1841 primum
1358 1799 1443 1841 post
1463 1791 1644 1829 Lacedae-³

202 1857 351 1894 monios
370 1863 409 1894 et
427 1856 520 1894 alios
549 1855 805 1906 Peloponnesi
834 1854 993 1899 incolas,
1010 1854 1045 1890 in
1066 1852 1269 1903 perniciem
1299 1860 1463 1890 nostram
1492 1852 1643 1902 conspi-

202 1926 341 1964 rantes,
357 1917 573 1955 vastitatem
593 1917 703 1954 nobis
723 1916 858 1953 inferre
879 1915 1118 1959 studuerunt,
1139 1914 1211 1951 nisi
1230 1927 1296 1964 per
1320 1913 1510 1950 fortunam
1531 1913 1583 1950 eis
1605 1921 1643 1950 et

201 1980 316 2016 robur
344 1985 384 2016 et
414 1977 618 2016 consilium
643 1975 872 2014 defecisset?
914 1975 1053 2013 deinde
1080 1988 1166 2012 cum
1196 1974 1357 2012 barbaro
1384 1974 1642 2012 coalescentes

199 2041 312 2090 eique
330 2039 369 2076 in
388 2039 490 2077 bello
505 2039 598 2076 socii
617 2037 756 2083 effecti,
775 2038 839 2087 qui
859 2036 946 2073 totis
963 2036 1104 2073 viribus
1124 2035 1171 2073 ad
1192 2048 1260 2072 nos
1283 2042 1490 2085 nostraque
1517 2036 1644 2072 omnia

200 2101 410 2139 evertenda
423 2098 805 2145 venerat,adversarii
821 2097 1018 2136 constituti
1030 2097 1199 2135 consiliis
1213 2103 1252 2134 et
1264 2096 1472 2146 prudentiae
1488 2103 1641 2141 nostrae,

199 2161 394 2200 fortissimi
420 2161 558 2198 milites
579 2173 601 2198 a
619 2159 752 2211 paucis
770 2159 861 2196 victi
881 2157 994 2195 sunt?
1023 2164 1111 2208 post
1140 2158 1224 2195 haec
1250 2158 1386 2194 iterum
1407 2158 1445 2194 in
1465 2157 1554 2195 belli
1585 2170 1642 2196 so-

201 2222 378 2261 cietatem
399 2235 486 2260 cum
518 2221 678 2258 inimicis
708 2220 844 2257 nostris
872 2218 1143 2256 convenientes
1170 2230 1282 2268 agros
1314 2225 1463 2255 nostros
1484 2217 1641 2268 popula-

202 2284 323 2322 bundi
348 2283 571 2321 invaserunt
596 2281 662 2332 qui
693 2288 927 2332 protectores
956 2279 1030 2317 illis
1059 2292 1135 2317 non
1166 2292 1250 2317 raro
1278 2278 1442 2323 fuerant,
1471 2285 1510 2315 et
1536 2278 1640 2316 illam

200 2347 346 2390 urbem,
367 2344 429 2381 ubi
458 2344 529 2394 ipsi
556 2343 651 2381 servi
679 2348 717 2380 et
734 2341 922 2392 mancipia
940 2340 1102 2378 salutern
1122 2340 1232 2378 toties
1254 2340 1407 2377 fuerunt
1428 2339 1639 2384 consecuti,

194 2407 275 2458 jam
295 2405 456 2456 diripere
474 2403 731 2442 festinabant?
761 2402 876 2442 Omni
898 2414 985 2440 vero
1004 2408 1173 2452 tempore
1188 2408 1280 2438 tunc
1294 2413 1380 2438 cum
1399 2399 1640 2438 Lacedaemo-

201 2469 272 2506 niis
292 2468 331 2505 in
351 2480 419 2504 nos
439 2466 713 2517 conspirantes,
729 2464 823 2502 alias
843 2463 930 2502 belli
951 2464 1075 2501 socios
1095 2462 1239 2500 anobis
1254 2469 1472 2507 avocantes,
1491 2474 1638 2512 semper

199 2529 254 2567 illi
269 2542 354 2566 sese
374 2536 507 2566 contra
527 2539 596 2564 nos
614 2526 799 2564 hostiliter
820 2533 932 2576 atque
952 2524 1105 2562 inimico
1121 2523 1247 2560 animo
1262 2528 1475 2573 gesserunt.
1523 2521 1638 2559 Nunc

201 2591 356 2641 quando
376 2589 532 2628 tandem
553 2588 765 2626 Plataeacas
784 2588 1016 2626 vastationes
1038 2585 1291 2635 perfecerunt,
1312 2583 1421 2621 nobis
1442 2583 1473 2620 si
1493 2590 1532 2620 et
1550 2582 1635 2619 viri-

201 2654 274 2690 bus
302 2660 342 2690 et
369 2652 494 2690 animo
525 2650 717 2701 conjuncti
745 2650 896 2692 fuerint,
919 2659 1069 2696 semper
1093 2654 1132 2683 et
1151 2657 1280 2683 eorum
1301 2651 1339 2681 et
1357 2650 1486 2681 nostra
1504 2643 1636 2681 civitas

200 2715 300 2752 bene
313 2713 519 2757 habebunt,
536 2719 574 2750 et
598 2711 795 2749 nobiscum
817 2709 886 2747 soli
912 2721 978 2758 pro
996 2707 1112 2744 totius
1134 2705 1294 2743 Graeciae
1314 2704 1485 2741 libertate
1505 2712 1638 2742 contra

198 2775 398 2814 barbarum
415 2774 657 2811 decertantes
674 2780 816 2822 tropaea
833 2770 974 2819 erigere
990 2781 1066 2805 non
1083 2767 1322 2804 dubitabunt.
1379 2765 1638 2808 Quamobrem

202 2838 234 2876 si
252 2843 554 2876 consentaneum
585 2842 646 2873 est
664 2848 730 2873 vos
762 2835 875 2871 iratos
904 2831 1089 2881 gregatim
1116 2842 1200 2866 cum
1233 2828 1344 2865 armis
1375 2840 1580 2872 excurrere,
1600 2835 1638 2864 et

201 2898 394 2937 Thebanis
423 2897 593 2935 debitum
617 2897 781 2947 irrogare
809 2890 1171 2944 supplicium‚quod
1201 2890 1236 2926 hi
1268 2889 1303 2925 in
1336 2888 1459 2926 socios
1490 2895 1635 2925 nostros

883 2956 903 2989 53
929 2966 951 2989 u
