1870 3277
259 173 332 207 1⁴22
853 172 1136 210 lsOCRATlS

252 273 430 312 virtutem
467 280 682 313 metuentes
713 276 968 325 quiescebant
991 297 1054 319 m,
1082 287 1159 311 non
1187 275 1291 324 prius
1320 287 1493 324 pugnare
1522 274 1670 312 destitit
1696 279 1735 311 ct

252 335 362 373 solus
384 342 518 374 contra
539 337 681 375 multos
701 344 849 374 etcum
872 337 1006 387 paucis
1027 336 1213 373 adversus
1237 336 1367 372 hostes
1390 336 1598 380 universos,
1617 348 1734 385 quam

247 405 363 449 capta
384 400 493 450 regia
512 407 549 438 et
568 400 702 438 hostes
726 400 831 437 ultus
853 405 958 437 esset
981 407 1018 437 et
1040 399 1170 437 amicis
1192 411 1304 448 opem
1331 398 1499 443 tulisset,
1519 406 1558 436 et
1583 397 1735 435 familiae

250 473 335 497 suae
356 461 502 512 patrios
523 462 688 501 honores·
712 461 959 506 restituisset,
976 466 1015 497 et
1036 461 1117 511 ipse
1138 460 1335 498 dominum
1358 460 1521 497 civitatis
1542 473 1626 497 sese
1645 472 1737 497 con-

247 522 458 561 stituisset.

307 585 367 622 13.
400 584 591 635 Equidem
631 583 826 629 existimo,
865 583 1016 621 etiamsi
1054 583 1149 620 nihil
1189 583 1390 628 adderem,
1420 582 1488 620 sed
1528 582 1587 620 hic
1620 582 1734 619 finem

247 645 402 684 dicendi
437 646 618 691 facerem,
655 653 784 683 tamen
823 657 872 682 cx
910 644 968 682 his
999 652 1037 682 et
1072 644 1260 696 Evagorae
1291 645 1470 683 virtutem
1511 650 1549 680 ct
1587 643 1733 693 magni-

250 708 424 746 tudinem
461 721 588 746 rerum
623 708 672 745 ab
708 720 754 745 co
789 713 982 757 gestarum
1019 706 1131 744 facile
1167 706 1350 757 cognosci
1387 718 1516 756 posse.
1590 704 1732 742 Verum

252 777 419 821 utraque
446 770 531 807 hece
559 783 629 821 per
655 782 701 807 ea
729 783 817 820 quse
846 776 1059 820 sequuntur
1089 769 1296 806 dilucidius
1325 769 1486 806 arbitror
1514 781 1573 805 me
1601 766 1732 804 decla-

255 838 442 871 ratururn.

310 895 373 932 14.
414 895 532 941 Nam,
559 908 677 946 quum
710 902 769 933 tot
805 895 984 934 omnibus
1016 895 1257 946 temporibus
1292 907 1403 944 reges
1437 892 1590 937 fuerint,
1622 903 1734 928 nemo

248 955 461 1006 reperietur
494 957 559 1007 qui
594 957 781 994 honorem
816 956 920 995 hunc
958 956 1124 1007 pulcrius
1158 956 1222 993 illo
1255 956 1407 1006 pararit.
1467 954 1582 998 Quod
1614 954 1643 991 si
1679 966 1735 990 res

249 1023 381 1067 gestas
417 1018 608 1068 Evagorae
638 1031 726 1057 cum
763 1018 925 1069 singulis
959 1018 1109 1055 illorum
1138 1018 1248 1055 factis
1283 1018 1543 1061 conferamus,
1572 1017 1734 1053 sortasse

252 1091 326 1117 nec
356 1079 628 1117 occasionibus
654 1079 774 1117 oratio
799 1086 1044 1129 congrueret,
1066 1092 1189 1128 neque
1212 1085 1366 1129 tempus
1388 1079 1431 1115 iis
1452 1091 1538 1128 quae
1560 1078 1735 1114 diceren-

252 1146 315 1177 tur
331 1141 542 1179 sufficeret.
603 1140 670 1178 Sin
694 1154 780 1178 eum
809 1153 898 1178 curn
927 1140 1258 1192 praestantissimis
1288 1140 1508 1190 quibusque
1533 1151 1736 1189 compara-

248 1201 430 1248 verimus,
450 1209 493 1239 ut
513 1201 634 1239 nihilo
654 1202 765 1253 pejus
787 1203 1119 1253 comparationem
1141 1201 1383 1247 habebimus,
1400 1201 1454 1252 ita
1473 1200 1615 1252 majore
1635 1213 1735 1238 corn-

249 1263 393 1315 pendio
416 1278 497 1302 rem
518 1264 782 1302 absolvemus.

309 1326 370 1365 15.
401 1326 499 1369 Quis
527 1325 645 1377 igitur
673 1325 863 1375 Evagorae
890 1324 1063 1376 pericula
1092 1337 1168 1362 non
1194 1324 1270 1362 illis
1297 1325 1505 1362 anteferret
1527 1324 1591 1375 qui
1612 1322 1736 1375 patria

250 1400 372 1438 regna
391 1386 677 1439 susceperunt?
735 1387 861 1425 Nemo
889 1387 990 1425 enirn
1014 1386 1069 1424 ita
1088 1399 1220 1425 socors
1238 1393 1277 1424 et
1295 1387 1460 1437 ignavus
1480 1393 1554 1432 est,
1575 1387 1640 1437 qui
1662 1386 1735 1423 hoc

252 1449 451 1500 imperium
470 1462 492 1487 a
510 1449 720 1501 majoribus
741 1449 917 1500 accipere
935 1449 1042 1487 malit
1062 1461 1180 1500 quam
1200 1455 1352 1500 partum
1371 1455 1413 1486 ut
1434 1450 1481 1487 ab
1501 1449 1567 1487 illo
1587 1449 1732 1486 factum

251 1517 312 1549 est
330 1511 460 1549 liberis
481 1511 561 1549 suis
582 1510 816 1561 relinquere.

308 1575 371 1611 16.
402 1574 465 1611 Ac
484 1573 582 1611 inter
603 1580 752 1611 veteres
775 1572 885 1624 patrii
907 1574 1017 1624 regni
1038 1574 1353 1625 recuperationes
1374 1586 1432 1612 eae
1451 1573 1616 1612 maxime
1637 1573 1750 1615 cele-‚

249 1635 427 1681 brantur,
449 1648 545 1685 quas
567 1648 589 1673 a
607 1635 733 1687 poetis
754 1634 959 1674 audimus:
991 1635 1030 1672 hi
1051 1636 1153 1673 enim
1172 1637 1286 1676 nobis
1309 1649 1384 1673 non
1406 1636 1530 1674 solum
1555 1636 1734 1687 pulcher-

249 1696 366 1735 rimas
394 1696 635 1747 superiorum
664 1703 881 1747 temporum
906 1704 1227 1742 commemorant,
1247 1698 1315 1736 sed
1336 1705 1376 1736 et
1395 1698 1466 1749 ipsi
1488 1710 1607 1736 novas
1628 1711 1733 1736 com-

250 1758 517 1797 miniscuntur.
578 1758 705 1795 Nemo
731 1764 861 1795 tamen
889 1758 1040 1796 illorum
1071 1757 1119 1796 de
1152 1759 1230 1797 ullo
1255 1759 1454 1797 fabulatus
1480 1767 1553 1806 est,
1579 1759 1645 1810 qui
1669 1772 1735 1810 per

249 1826 330 1857 tam
346 1819 494 1858 atrocia
509 1826 548 1856 et
562 1818 757 1856 horrenda
778 1819 952 1868 pericula
969 1819 1008 1855 in
1029 1833 1192 1869 regnum
1212 1821 1389 1858 redierit:
1420 1834 1508 1859 nam
1528 1822 1734 1873 plerosque

248 1881 549 1920 introduxerunt
568 1880 726 1919 fortuito
747 1880 892 1931 potitos
914 1880 1096 1932 imperiis,
1118 1882 1214 1921 alios
1225 1884 1299 1933 qui
1320 1884 1411 1922 dolo
1430 1892 1469 1922 et
1488 1885 1622 1923 fraude
1638 1886 1736 1924 vice-

249 1950 340 1981 runt
359 1944 509 1982 hostes.

307 2007 370 2043 17.
401 2006 460 2043 Ex
487 2006 764 2057 posterioribus
792 2012 937 2052 autem,
958 2014 998 2045 et
1018 2007 1193 2047 fortassis
1212 2009 1311 2046 inter
1331 2023 1475 2055 omnes,
1499 2010 1646 2060 Cyrum
1669 2011 1735 2060 qui

251 2068 381 2107 Medis
412 2069 615 2120 imperium
644 2069 782 2120 eripuit
811 2069 1020 2120 Persisque
1054 2071 1227 2117 tradidit,
1258 2078 1296 2110 et
1322 2072 1473 2123 plurimi
1501 2079 1541 2109 et
1569 2072 1733 2110 maxime

250 2129 499 2168 admirantur.
557 2131 595 2167 Is
631 2144 722 2168 vero
758 2131 931 2169 exercitu
966 2132 1173 2170 Persarum
1210 2133 1343 2184 copias
1384 2134 1590 2172 Medorum
1627 2134 1732 2179 vicit,

250 2192 357 2244 quod
389 2193 519 2231 multis
546 2199 585 2230 et
614 2192 768 2231 Graecis
797 2200 835 2231 et
862 2193 1036 2232 barbaris
1066 2194 1180 2232 facile
1206 2195 1322 2232 fuerit
1348 2196 1480 2233 factu:
1512 2195 1616 2233 hunc
1644 2209 1733 2243 vero

249 2256 378 2294 animo
400 2268 471 2294 suo
491 2262 530 2293 et
550 2267 713 2306 corpore
735 2255 920 2307 pleraque
941 2255 1080 2294 horum
1101 2269 1189 2307 quae
1211 2256 1383 2295 diximus
1403 2257 1611 2308 perfecisse
1638 2270 1734 2295 con-

249 2324 339 2357 stat.
397 2317 551 2356 Deinde
575 2329 595 2354 e
618 2316 710 2368 Cyri
739 2317 986 2368 expeditione
1014 2318 1187 2356 nondum
1221 2319 1467 2370 perspicuum
1494 2325 1554 2357 est
1579 2332 1665 2357 eum
1694 2327 1734 2358 et

251 2380 441 2431 Evagorae
473 2378 646 2430 pericula
673 2378 790 2417 fuisse
822 2379 1043 2417 aditurum:
1075 2393 1122 2417 ex
1150 2381 1266 2418 rebus
1293 2388 1422 2418 autern
1449 2381 1497 2418 ab
1518 2380 1594 2419 hoc
1614 2382 1733 2432 gestis

248 2441 498 2479 manifestum
525 2447 587 2478 est
612 2440 793 2478 omnibus
814 2452 902 2477 eum
924 2441 1037 2478 facile
1062 2441 1128 2479 illa
1147 2454 1304 2492 quoque
1324 2441 1497 2480 facinora
1517 2442 1635 2480 fuisse
1655 2443 1735 2481 obi-

247 2508 391 2540 turum.
449 2502 646 2540 Praeterea
665 2501 729 2539 hic
749 2508 883 2541 sancte
906 2507 944 2539 et
963 2502 1068 2553 juste
1095 2503 1246 2554 peregit
1265 2504 1419 2548 omnia;
1450 2504 1504 2541 illi
1522 2517 1612 2542 vero
1635 2517 1732 2542 non-

249 2564 358 2602 nulla
386 2563 533 2603 violata
560 2564 705 2616 pietate
727 2563 1002 2613 contigerunt:
1034 2571 1167 2603 noster
1187 2566 1288 2603 enim
1309 2565 1442 2603 hostes
1463 2579 1554 2603 suos
1574 2566 1731 2612 occidit,

248 2626 375 2678 Cyrus
401 2639 492 2665 vero
520 2626 653 2664 matris
680 2638 760 2663 suae
786 2620 935 2677 patrem
964 2625 1170 2664 interemit.
1229 2628 1374 2673 Quare,
1402 2627 1433 2665 si
1461 2627 1524 2677 qui
1556 2635 1732 2679 spectare

245 2687 367 2726 velint
399 2701 479 2726 non
514 2695 727 2726 eventuum
760 2686 1084 2738 magnitudinem,
1111 2688 1181 2725 sed
1213 2688 1361 2726 virtutis
1388 2701 1476 2738 quae
1503 2688 1541 2725 in
1569 2695 1731 2740 utroque

246 2747 362 2787 fuerit
389 2749 535 2787 faciant
564 2749 867 2794 contentionem,
888 2748 975 2800 jure
1003 2749 1117 2787 etiarn
1145 2748 1199 2786 illi
1229 2745 1445 2800 Evagoram
1472 2750 1729 2801 praetulerint.

247 2812 366 2855 Quod
399 2811 431 2850 si
464 2812 629 2850 breviter
661 2817 700 2850 et
733 2811 816 2850 sine
846 2810 1157 2850 dissimulatione
1191 2818 1230 2849 et
1262 2812 1412 2862 absque
1444 2812 1598 2849 invidiae
1625 2819 1729 2850 metu

245 2873 444 2925 libereque
472 2873 683 2913 dicendum
711 2880 783 2920 est,
804 2886 920 2912 nemo
948 2886 1074 2925 neque
1101 2873 1273 2911 mortalis
1295 2886 1421 2925 neque
1443 2873 1638 2912 semideus
1659 2887 1730 2913 nec

246 2936 473 2976 immortalis
494 2936 723 2983 invenietur,
742 2935 805 2987 qui
822 2935 994 2988 pulcrius
1009 2941 1047 2974 et
1064 2934 1305 2987 splendidius
1327 2942 1394 2974 aut
1417 2937 1561 2986 majore
1583 2936 1729 2988 pietate
