<?xml version="1.0" encoding="UTF-8"?>
<!DOCTYPE html PUBLIC "-//W3C//DTD XHTML 1.0 Transitional//EN"
    "http://www.w3.org/TR/xhtml1/DTD/xhtml1-transitional.dtd">
<html xmlns="http://www.w3.org/1999/xhtml" xml:lang="en" lang="en">
 <head>
  <title>
</title>
<meta http-equiv="Content-Type" content="text/html;charset=utf-8" />
  <meta name='ocr-system' content='tesseract 3.04.00' />
  <meta name='ocr-capabilities' content='ocr_page ocr_carea ocr_par ocr_line ocrx_word'/>
</head>
<body>
  <div class='ocr_page' id='page_1' title='image "./oratoresatticie14dobs_0364.png"; bbox 0 0 1870 3277; ppageno 0'>
   <div class='ocr_carea' id='block_1_1' title="bbox 289 154 1073 194">
    <p class='ocr_par' dir='ltr' id='par_1_1' title="bbox 289 154 1073 194">
     <span class='ocr_line' id='line_1_1' title="bbox 289 154 1073 194; baseline 0.003 -2"><span class='ocrx_word' id='word_1_1' title='bbox 289 154 364 192; x_wconf 77' lang='lat'>352</span> <span class='ocrx_word' id='word_1_2' title='bbox 958 156 1073 194; x_wconf 87' lang='lat' dir='ltr'>lSAEI</span> 
     </span>
    </p>
   </div>
   <div class='ocr_carea' id='block_1_2' title="bbox 273 264 1729 934">
    <p class='ocr_par' dir='ltr' id='par_1_2' title="bbox 273 264 1729 934">
     <span class='ocr_line' id='line_1_2' title="bbox 279 264 1727 323; baseline 0.008 -23"><span class='ocrx_word' id='word_1_3' title='bbox 279 265 522 315; x_wconf 88' lang='lat' dir='ltr'>pronuntiare</span> <span class='ocrx_word' id='word_1_4' title='bbox 538 264 616 303; x_wconf 90' lang='lat' dir='ltr'>sive</span> <span class='ocrx_word' id='word_1_5' title='bbox 627 264 743 316; x_wconf 86' lang='lat' dir='ltr'>jurati</span> <span class='ocrx_word' id='word_1_6' title='bbox 758 267 838 304; x_wconf 90' lang='lat' dir='ltr'>sive</span> <span class='ocrx_word' id='word_1_7' title='bbox 856 279 931 304; x_wconf 90' lang='lat' dir='ltr'>non</span> <span class='ocrx_word' id='word_1_8' title='bbox 946 268 1076 317; x_wconf 86' lang='lat' dir='ltr'>jurati,</span> <span class='ocrx_word' id='word_1_9' title='bbox 1092 275 1204 319; x_wconf 91' lang='lat' dir='ltr'>prout</span> <span class='ocrx_word' id='word_1_10' title='bbox 1218 269 1385 320; x_wconf 86' lang='lat' dir='ltr'><strong>placeret</strong></span> <span class='ocrx_word' id='word_1_11' title='bbox 1399 273 1521 320; x_wconf 87' lang='lat' dir='ltr'>nobis,</span> <span class='ocrx_word' id='word_1_12' title='bbox 1536 280 1727 323; x_wconf 85' lang='lat' dir='ltr'>quatenus</span> 
     </span>
     <span class='ocr_line' id='line_1_3' title="bbox 280 325 1727 385; baseline 0.007 -22"><span class='ocrx_word' id='word_1_13' title='bbox 280 339 302 363; x_wconf 92' lang='lat' dir='ltr'>e</span> <span class='ocrx_word' id='word_1_14' title='bbox 327 325 438 364; x_wconf 89' lang='lat' dir='ltr'>dictis</span> <span class='ocrx_word' id='word_1_15' title='bbox 463 333 502 364; x_wconf 92' lang='lat' dir='ltr'>et</span> <span class='ocrx_word' id='word_1_16' title='bbox 526 326 663 365; x_wconf 84' lang='lat' dir='ltr'>auditis</span> <span class='ocrx_word' id='word_1_17' title='bbox 693 327 871 378; x_wconf 84' lang='lat' dir='ltr'>colligere</span> <span class='ocrx_word' id='word_1_18' title='bbox 901 330 1117 380; x_wconf 89' lang='lat' dir='ltr'>potuissent</span> <span class='ocrx_word' id='word_1_19' title='bbox 1145 331 1338 369; x_wconf 87' lang='lat' dir='ltr'>verissima</span> <span class='ocrx_word' id='word_1_20' title='bbox 1366 339 1480 383; x_wconf 92' lang='lat' dir='ltr'>atque</span> <span class='ocrx_word' id='word_1_21' title='bbox 1508 335 1727 385; x_wconf 78' lang='lat' dir='ltr'>aequissima</span> 
     </span>
     <span class='ocr_line' id='line_1_4' title="bbox 282 390 1727 447; baseline 0.005 -21"><span class='ocrx_word' id='word_1_22' title='bbox 282 400 392 431; x_wconf 81' lang='lat' dir='ltr'>esse3</span> <span class='ocrx_word' id='word_1_23' title='bbox 425 401 521 438; x_wconf 91' lang='lat' dir='ltr'>quos</span> <span class='ocrx_word' id='word_1_24' title='bbox 550 396 677 427; x_wconf 88' lang='lat' dir='ltr'>autem</span> <span class='ocrx_word' id='word_1_25' title='bbox 705 390 918 428; x_wconf 86' lang='lat' dir='ltr'>Leochares</span> <span class='ocrx_word' id='word_1_26' title='bbox 948 391 1106 429; x_wconf 85' lang='lat' dir='ltr'>arbitros</span> <span class='ocrx_word' id='word_1_27' title='bbox 1133 392 1286 438; x_wconf 90' lang='lat' dir='ltr'>tulerat,</span> <span class='ocrx_word' id='word_1_28' title='bbox 1304 393 1343 431; x_wconf 91' lang='lat' dir='ltr'>hi</span> <span class='ocrx_word' id='word_1_29' title='bbox 1369 394 1549 432; x_wconf 89' lang='lat' dir='ltr'>nolebant</span> <span class='ocrx_word' id='word_1_30' title='bbox 1576 397 1727 447; x_wconf 86' lang='lat' dir='ltr'>injurati</span> 
     </span>
     <span class='ocr_line' id='line_1_5' title="bbox 280 450 1729 504; baseline 0.006 -18"><span class='ocrx_word' id='word_1_31' title='bbox 280 450 541 500; x_wconf 90' lang='lat' dir='ltr'>pronuntiare.</span> <span class='ocrx_word' id='word_1_32' title='bbox 598 450 875 489; x_wconf 88' lang='lat' dir='ltr'>Tametsialter</span> <span class='ocrx_word' id='word_1_33' title='bbox 887 465 1017 490; x_wconf 88' lang='lat' dir='ltr'>eorum</span> <span class='ocrx_word' id='word_1_34' title='bbox 1034 452 1236 504; x_wconf 85' lang='lat' dir='ltr'>Diopithes</span> <span class='ocrx_word' id='word_1_35' title='bbox 1250 454 1494 493; x_wconf 82' lang='lat' dir='ltr'>Leocharetis</span> <span class='ocrx_word' id='word_1_36' title='bbox 1511 457 1631 494; x_wconf 88' lang='lat' dir='ltr'>affinis</span> <span class='ocrx_word' id='word_1_37' title='bbox 1647 465 1729 495; x_wconf 87' lang='lat' dir='ltr'>erat</span> 
     </span>
     <span class='ocr_line' id='line_1_6' title="bbox 284 512 1728 565; baseline 0.005 -17"><span class='ocrx_word' id='word_1_38' title='bbox 284 512 467 561; x_wconf 88' lang='lat' dir='ltr'>[sororem</span> <span class='ocrx_word' id='word_1_39' title='bbox 494 512 613 562; x_wconf 88' lang='lat' dir='ltr'>ipsius</span> <span class='ocrx_word' id='word_1_40' title='bbox 639 514 677 550; x_wconf 90' lang='lat' dir='ltr'>in</span> <span class='ocrx_word' id='word_1_41' title='bbox 703 513 941 552; x_wconf 81' lang='lat' dir='ltr'>matrimonio</span> <span class='ocrx_word' id='word_1_42' title='bbox 962 527 1080 565; x_wconf 87' lang='lat' dir='ltr'>penes</span> <span class='ocrx_word' id='word_1_43' title='bbox 1100 528 1138 552; x_wconf 93' lang='lat' dir='ltr'>se</span> <span class='ocrx_word' id='word_1_44' title='bbox 1161 515 1320 561; x_wconf 82' lang='lat' dir='ltr'>habens,</span> <span class='ocrx_word' id='word_1_45' title='bbox 1340 529 1407 554; x_wconf 91' lang='lat' dir='ltr'>seu</span> <span class='ocrx_word' id='word_1_46' title='bbox 1429 517 1519 554; x_wconf 79' lang='lat' dir='ltr'>data</span> <span class='ocrx_word' id='word_1_47' title='bbox 1538 531 1608 555; x_wconf 88' lang='lat' dir='ltr'>sua</span> <span class='ocrx_word' id='word_1_48' title='bbox 1627 519 1728 556; x_wconf 93' lang='lat' dir='ltr'>Leo-</span> 
     </span>
     <span class='ocr_line' id='line_1_7' title="bbox 280 572 1727 628; baseline 0.004 -17"><span class='ocrx_word' id='word_1_49' title='bbox 280 572 426 612; x_wconf 90' lang='lat' dir='ltr'>chareti</span> <span class='ocrx_word' id='word_1_50' title='bbox 455 586 582 612; x_wconf 89' lang='lat' dir='ltr'>sorore</span> <span class='ocrx_word' id='word_1_51' title='bbox 611 573 649 611; x_wconf 92' lang='lat' dir='ltr'>in</span> <span class='ocrx_word' id='word_1_52' title='bbox 678 574 991 625; x_wconf 89' lang='lat' dir='ltr'>matrimonium],</span> <span class='ocrx_word' id='word_1_53' title='bbox 1015 576 1104 614; x_wconf 85' lang='lat' dir='ltr'>mihi</span> <span class='ocrx_word' id='word_1_54' title='bbox 1133 589 1221 614; x_wconf 91' lang='lat' dir='ltr'>vero</span> <span class='ocrx_word' id='word_1_55' title='bbox 1250 577 1424 614; x_wconf 90' lang='lat' dir='ltr'>inimicus</span> <span class='ocrx_word' id='word_1_56' title='bbox 1451 584 1567 628; x_wconf 89' lang='lat' dir='ltr'>atque</span> <span class='ocrx_word' id='word_1_57' title='bbox 1593 580 1727 617; x_wconf 89' lang='lat' dir='ltr'>adver-</span> 
     </span>
     <span class='ocr_line' id='line_1_8' title="bbox 279 635 1726 686; baseline 0.002 -12"><span class='ocrx_word' id='word_1_58' title='bbox 279 636 399 674; x_wconf 89' lang='lat' dir='ltr'>sarius</span> <span class='ocrx_word' id='word_1_59' title='bbox 425 635 462 672; x_wconf 91' lang='lat' dir='ltr'>in</span> <span class='ocrx_word' id='word_1_60' title='bbox 490 636 654 685; x_wconf 88' lang='lat' dir='ltr'>negotiis</span> <span class='ocrx_word' id='word_1_61' title='bbox 683 636 914 686; x_wconf 88' lang='lat' dir='ltr'>quibusdam</span> <span class='ocrx_word' id='word_1_62' title='bbox 944 638 1182 682; x_wconf 85' lang='lat' dir='ltr'>forensibus;</span> <span class='ocrx_word' id='word_1_63' title='bbox 1215 639 1311 676; x_wconf 86' lang='lat' dir='ltr'>alter</span> <span class='ocrx_word' id='word_1_64' title='bbox 1342 646 1468 676; x_wconf 85' lang='lat' dir='ltr'>autem</span> <span class='ocrx_word' id='word_1_65' title='bbox 1498 640 1726 678; x_wconf 85' lang='lat' dir='ltr'>Demaratus</span> 
     </span>
     <span class='ocr_line' id='line_1_9' title="bbox 280 696 1726 750; baseline 0.003 -16"><span class='ocrx_word' id='word_1_66' title='bbox 280 697 394 734; x_wconf 83' lang='lat' dir='ltr'>frater</span> <span class='ocrx_word' id='word_1_67' title='bbox 413 696 514 734; x_wconf 84' lang='lat' dir='ltr'>illius</span> <span class='ocrx_word' id='word_1_68' title='bbox 533 703 614 734; x_wconf 87' lang='lat' dir='ltr'>erat</span> <span class='ocrx_word' id='word_1_69' title='bbox 635 696 932 748; x_wconf 88' lang='lat' dir='ltr'>Mnesiptolemi‚</span> <span class='ocrx_word' id='word_1_70' title='bbox 948 698 1012 748; x_wconf 88' lang='lat' dir='ltr'>qui</span> <span class='ocrx_word' id='word_1_71' title='bbox 1033 712 1109 736; x_wconf 89' lang='lat' dir='ltr'>una</span> <span class='ocrx_word' id='word_1_72' title='bbox 1128 712 1214 736; x_wconf 90' lang='lat' dir='ltr'>cum</span> <span class='ocrx_word' id='word_1_73' title='bbox 1236 699 1466 737; x_wconf 87' lang='lat' dir='ltr'>Leocharete</span> <span class='ocrx_word' id='word_1_74' title='bbox 1487 714 1554 750; x_wconf 87' lang='lat' dir='ltr'>pro</span> <span class='ocrx_word' id='word_1_75' title='bbox 1572 701 1726 739; x_wconf 84' lang='lat' dir='ltr'>Dicaeo-</span> 
     </span>
     <span class='ocr_line' id='line_1_10' title="bbox 281 757 1726 810; baseline 0.004 -16"><span class='ocrx_word' id='word_1_76' title='bbox 281 770 378 808; x_wconf 85' lang='lat' dir='ltr'>gene</span> <span class='ocrx_word' id='word_1_77' title='bbox 399 757 618 808; x_wconf 86' lang='lat' dir='ltr'><strong>spopondit.</strong></span> <span class='ocrx_word' id='word_1_78' title='bbox 676 758 726 795; x_wconf 92' lang='lat' dir='ltr'>Hi</span> <span class='ocrx_word' id='word_1_79' title='bbox 749 771 839 809; x_wconf 85' lang='lat' dir='ltr'>ergo</span> <span class='ocrx_word' id='word_1_80' title='bbox 859 759 935 796; x_wconf 90' lang='lat' dir='ltr'>duo</span> <span class='ocrx_word' id='word_1_81' title='bbox 956 760 1202 810; x_wconf 89' lang='lat' dir='ltr'>pronuntiare</span> <span class='ocrx_word' id='word_1_82' title='bbox 1222 761 1463 807; x_wconf 82' lang='lat' dir='ltr'>recusabant,</span> <span class='ocrx_word' id='word_1_83' title='bbox 1485 763 1636 800; x_wconf 87' lang='lat' dir='ltr'>tametsi</span> <span class='ocrx_word' id='word_1_84' title='bbox 1657 776 1726 801; x_wconf 93' lang='lat' dir='ltr'>nos</span> 
     </span>
     <span class='ocr_line' id='line_1_11' title="bbox 273 819 1724 873; baseline 0.004 -17"><span class='ocrx_word' id='word_1_85' title='bbox 273 819 526 870; x_wconf 88' lang='lat' dir='ltr'>jurejurando</span> <span class='ocrx_word' id='word_1_86' title='bbox 551 819 785 870; x_wconf 84' lang='lat' dir='ltr'>adegissent,</span> <span class='ocrx_word' id='word_1_87' title='bbox 804 834 873 859; x_wconf 86' lang='lat' dir='ltr'>nos</span> <span class='ocrx_word' id='word_1_88' title='bbox 892 835 914 859; x_wconf 89' lang='lat' dir='ltr'>a</span> <span class='ocrx_word' id='word_1_89' title='bbox 933 822 1123 859; x_wconf 85' lang='lat' dir='ltr'>sententia</span> <span class='ocrx_word' id='word_1_90' title='bbox 1143 823 1189 859; x_wconf 92' lang='lat' dir='ltr'>ab</span> <span class='ocrx_word' id='word_1_91' title='bbox 1209 823 1300 872; x_wconf 84' lang='lat' dir='ltr'>ipsis</span> <span class='ocrx_word' id='word_1_92' title='bbox 1321 823 1604 873; x_wconf 86' lang='lat' dir='ltr'>pronuntianda</span> <span class='ocrx_word' id='word_1_93' title='bbox 1623 824 1724 862; x_wconf 90' lang='lat' dir='ltr'>haud</span> 
     </span>
     <span class='ocr_line' id='line_1_12' title="bbox 280 882 1371 934; baseline 0.003 -15"><span class='ocrx_word' id='word_1_94' title='bbox 280 894 363 919; x_wconf 90' lang='lat' dir='ltr'>esse</span> <span class='ocrx_word' id='word_1_95' title='bbox 382 882 627 920; x_wconf 87' lang='lat' dir='ltr'>discessuros.</span> <span class='ocrx_word' id='word_1_96' title='bbox 683 882 820 920; x_wconf 86' lang='lat' dir='ltr'>Testes</span> <span class='ocrx_word' id='word_1_97' title='bbox 840 882 954 934; x_wconf 84' lang='lat' dir='ltr'>hujus</span> <span class='ocrx_word' id='word_1_98' title='bbox 974 884 1026 921; x_wconf 89' lang='lat' dir='ltr'>rei</span> <span class='ocrx_word' id='word_1_99' title='bbox 1046 883 1151 921; x_wconf 89' lang='lat' dir='ltr'>vobis</span> <span class='ocrx_word' id='word_1_100' title='bbox 1171 883 1371 922; x_wconf 80' lang='lat' dir='ltr'>exhibebo.</span> 
     </span>
    </p>
   </div>
   <div class='ocr_carea' id='block_1_3' title="bbox 898 984 1108 1023">
    <p class='ocr_par' dir='ltr' id='par_1_3' title="bbox 898 984 1108 1023">
     <span class='ocr_line' id='line_1_13' title="bbox 898 984 1108 1023; baseline 0.005 -1"><span class='ocrx_word' id='word_1_101' title='bbox 898 984 1108 1023; x_wconf 90' lang='lat' dir='ltr'>TESTES.</span> 
     </span>
    </p>
   </div>
   <div class='ocr_carea' id='block_1_4' title="bbox 253 1063 1731 3013">
    <p class='ocr_par' dir='ltr' id='par_1_4' title="bbox 253 1063 1731 3013">
     <span class='ocr_line' id='line_1_14' title="bbox 333 1063 1726 1116; baseline 0.002 -15"><span class='ocrx_word' id='word_1_102' title='bbox 333 1066 370 1102; x_wconf 91' lang='lat'>7.</span> <span class='ocrx_word' id='word_1_103' title='bbox 401 1064 542 1102; x_wconf 88' lang='lat' dir='ltr'>Nonne</span> <span class='ocrx_word' id='word_1_104' title='bbox 566 1063 678 1114; x_wconf 84' lang='lat' dir='ltr'>igitur</span> <span class='ocrx_word' id='word_1_105' title='bbox 705 1076 763 1101; x_wconf 90' lang='lat' dir='ltr'>res</span> <span class='ocrx_word' id='word_1_106' title='bbox 789 1064 914 1115; x_wconf 83' lang='lat' dir='ltr'>gravis</span> <span class='ocrx_word' id='word_1_107' title='bbox 936 1070 1049 1115; x_wconf 89' lang='lat' dir='ltr'>atque</span> <span class='ocrx_word' id='word_1_108' title='bbox 1069 1064 1227 1116; x_wconf 81' lang='lat' dir='ltr'>indigna</span> <span class='ocrx_word' id='word_1_109' title='bbox 1245 1065 1354 1109; x_wconf 87' lang='lat' dir='ltr'>soret,</span> <span class='ocrx_word' id='word_1_110' title='bbox 1376 1065 1406 1103; x_wconf 91' lang='lat' dir='ltr'>si</span> <span class='ocrx_word' id='word_1_111' title='bbox 1428 1064 1638 1104; x_wconf 87' lang='lat' dir='ltr'>Leochares</span> <span class='ocrx_word' id='word_1_112' title='bbox 1659 1079 1726 1104; x_wconf 88' lang='lat' dir='ltr'>vos</span> 
     </span>
     <span class='ocr_line' id='line_1_15' title="bbox 280 1125 1727 1178; baseline 0.001 -15"><span class='ocrx_word' id='word_1_113' title='bbox 280 1132 443 1176; x_wconf 87' lang='lat' dir='ltr'>rogaret,</span> <span class='ocrx_word' id='word_1_114' title='bbox 457 1125 625 1176; x_wconf 83' lang='lat' dir='ltr'>judices,</span> <span class='ocrx_word' id='word_1_115' title='bbox 645 1131 687 1163; x_wconf 93' lang='lat' dir='ltr'>ut</span> <span class='ocrx_word' id='word_1_116' title='bbox 707 1137 747 1162; x_wconf 92' lang='lat' dir='ltr'>se</span> <span class='ocrx_word' id='word_1_117' title='bbox 767 1125 1014 1164; x_wconf 84' lang='lat' dir='ltr'>absolveretis</span> <span class='ocrx_word' id='word_1_118' title='bbox 1033 1126 1167 1164; x_wconf 85' lang='lat' dir='ltr'>eadem</span> <span class='ocrx_word' id='word_1_119' title='bbox 1187 1126 1224 1163; x_wconf 91' lang='lat' dir='ltr'>in</span> <span class='ocrx_word' id='word_1_120' title='bbox 1244 1126 1327 1177; x_wconf 86' lang='lat' dir='ltr'>ipsa</span> <span class='ocrx_word' id='word_1_121' title='bbox 1345 1139 1473 1172; x_wconf 85' lang='lat' dir='ltr'>causa,</span> <span class='ocrx_word' id='word_1_122' title='bbox 1489 1127 1525 1164; x_wconf 91' lang='lat' dir='ltr'>in</span> <span class='ocrx_word' id='word_1_123' title='bbox 1543 1140 1619 1178; x_wconf 91' lang='lat' dir='ltr'>qua</span> <span class='ocrx_word' id='word_1_124' title='bbox 1636 1127 1727 1165; x_wconf 92' lang='lat' dir='ltr'>Dio—</span> 
     </span>
     <span class='ocr_line' id='line_1_16' title="bbox 278 1188 1727 1240; baseline 0.001 -15"><span class='ocrx_word' id='word_1_125' title='bbox 278 1188 402 1239; x_wconf 87' lang='lat' dir='ltr'>pithes</span> <span class='ocrx_word' id='word_1_126' title='bbox 431 1188 555 1226; x_wconf 87' lang='lat' dir='ltr'>affinis</span> <span class='ocrx_word' id='word_1_127' title='bbox 586 1188 666 1239; x_wconf 87' lang='lat' dir='ltr'>ejus</span> <span class='ocrx_word' id='word_1_128' title='bbox 696 1188 761 1239; x_wconf 88' lang='lat' dir='ltr'>qui</span> <span class='ocrx_word' id='word_1_129' title='bbox 789 1195 893 1226; x_wconf 88' lang='lat' dir='ltr'>esset</span> <span class='ocrx_word' id='word_1_130' title='bbox 927 1188 1052 1239; x_wconf 91' lang='lat' dir='ltr'>ipsum</span> <span class='ocrx_word' id='word_1_131' title='bbox 1081 1188 1381 1226; x_wconf 72' lang='lat' dir='ltr'>condemnavit?</span> <span class='ocrx_word' id='word_1_132' title='bbox 1417 1196 1455 1226; x_wconf 91' lang='lat' dir='ltr'>et</span> <span class='ocrx_word' id='word_1_133' title='bbox 1483 1190 1547 1240; x_wconf 91' lang='lat' dir='ltr'>qui</span> <span class='ocrx_word' id='word_1_134' title='bbox 1575 1190 1727 1228; x_wconf 89' lang='lat' dir='ltr'>deceret</span> 
     </span>
     <span class='ocr_line' id='line_1_17' title="bbox 279 1249 1724 1302; baseline 0.001 -14"><span class='ocrx_word' id='word_1_135' title='bbox 279 1263 348 1288; x_wconf 86' lang='lat' dir='ltr'>vos</span> <span class='ocrx_word' id='word_1_136' title='bbox 374 1249 642 1288; x_wconf 88' lang='lat' dir='ltr'>Leocharetem</span> <span class='ocrx_word' id='word_1_137' title='bbox 668 1250 715 1287; x_wconf 92' lang='lat' dir='ltr'>ab</span> <span class='ocrx_word' id='word_1_138' title='bbox 734 1249 797 1286; x_wconf 89' lang='lat' dir='ltr'>illa</span> <span class='ocrx_word' id='word_1_139' title='bbox 816 1249 930 1300; x_wconf 89' lang='lat' dir='ltr'>culpa</span> <span class='ocrx_word' id='word_1_140' title='bbox 947 1249 1118 1296; x_wconf 84' lang='lat' dir='ltr'>liberare,</span> <span class='ocrx_word' id='word_1_141' title='bbox 1138 1263 1160 1287; x_wconf 92' lang='lat' dir='ltr'>a</span> <span class='ocrx_word' id='word_1_142' title='bbox 1178 1263 1254 1300; x_wconf 89' lang='lat' dir='ltr'>qua</span> <span class='ocrx_word' id='word_1_143' title='bbox 1276 1263 1323 1287; x_wconf 88' lang='lat' dir='ltr'>ne</span> <span class='ocrx_word' id='word_1_144' title='bbox 1345 1252 1547 1288; x_wconf 86' lang='lat' dir='ltr'>necessarii</span> <span class='ocrx_word' id='word_1_145' title='bbox 1567 1252 1724 1302; x_wconf 92' lang='lat' dir='ltr'>quidem</span> 
     </span>
     <span class='ocr_line' id='line_1_18' title="bbox 277 1310 1722 1364; baseline 0.001 -15"><span class='ocrx_word' id='word_1_146' title='bbox 277 1311 513 1349; x_wconf 74' lang='lat' dir='ltr'>liberarunt?</span> <span class='ocrx_word' id='word_1_147' title='bbox 569 1310 696 1355; x_wconf 84' lang='lat' dir='ltr'>Quare</span> <span class='ocrx_word' id='word_1_148' title='bbox 724 1324 792 1349; x_wconf 87' lang='lat' dir='ltr'>vos</span> <span class='ocrx_word' id='word_1_149' title='bbox 820 1324 913 1362; x_wconf 86' lang='lat' dir='ltr'>rogo</span> <span class='ocrx_word' id='word_1_150' title='bbox 943 1311 1213 1349; x_wconf 89' lang='lat' dir='ltr'>Leocharetem</span> <span class='ocrx_word' id='word_1_151' title='bbox 1251 1312 1529 1358; x_wconf 88' lang='lat' dir='ltr'>condemnetis,</span> <span class='ocrx_word' id='word_1_152' title='bbox 1557 1322 1600 1351; x_wconf 93' lang='lat' dir='ltr'>ut</span> <span class='ocrx_word' id='word_1_153' title='bbox 1637 1327 1722 1364; x_wconf 88' lang='lat' dir='ltr'>quae</span> 
     </span>
     <span class='ocr_line' id='line_1_19' title="bbox 277 1373 1723 1424; baseline 0.001 -13"><span class='ocrx_word' id='word_1_154' title='bbox 277 1373 387 1411; x_wconf 90' lang='lat' dir='ltr'>nobis</span> <span class='ocrx_word' id='word_1_155' title='bbox 406 1375 570 1423; x_wconf 85' lang='lat' dir='ltr'>majores</span> <span class='ocrx_word' id='word_1_156' title='bbox 589 1373 821 1423; x_wconf 87' lang='lat' dir='ltr'>reliquerunt</span> <span class='ocrx_word' id='word_1_157' title='bbox 840 1374 1079 1424; x_wconf 86' lang='lat' dir='ltr'>recipiamus,</span> <span class='ocrx_word' id='word_1_158' title='bbox 1099 1381 1137 1410; x_wconf 90' lang='lat' dir='ltr'>et</span> <span class='ocrx_word' id='word_1_159' title='bbox 1158 1386 1232 1411; x_wconf 91' lang='lat' dir='ltr'>non</span> <span class='ocrx_word' id='word_1_160' title='bbox 1253 1373 1376 1410; x_wconf 88' lang='lat' dir='ltr'>solum</span> <span class='ocrx_word' id='word_1_161' title='bbox 1397 1374 1546 1412; x_wconf 87' lang='lat' dir='ltr'>illorum</span> <span class='ocrx_word' id='word_1_162' title='bbox 1569 1376 1723 1414; x_wconf 90' lang='lat' dir='ltr'>nomina</span> 
     </span>
     <span class='ocr_line' id='line_1_20' title="bbox 278 1434 1722 1485; baseline 0.001 -12"><span class='ocrx_word' id='word_1_163' title='bbox 278 1435 347 1473; x_wconf 90' lang='lat' dir='ltr'>sed</span> <span class='ocrx_word' id='word_1_164' title='bbox 366 1435 478 1472; x_wconf 88' lang='lat' dir='ltr'>etiarn</span> <span class='ocrx_word' id='word_1_165' title='bbox 498 1435 762 1485; x_wconf 87' lang='lat' dir='ltr'>possessiones</span> <span class='ocrx_word' id='word_1_166' title='bbox 780 1434 1003 1480; x_wconf 82' lang='lat' dir='ltr'>habeamus,</span> <span class='ocrx_word' id='word_1_167' title='bbox 1022 1447 1068 1472; x_wconf 89' lang='lat' dir='ltr'>ex</span> <span class='ocrx_word' id='word_1_168' title='bbox 1087 1435 1234 1485; x_wconf 84' lang='lat' dir='ltr'>privato</span> <span class='ocrx_word' id='word_1_169' title='bbox 1254 1448 1343 1472; x_wconf 87' lang='lat' dir='ltr'>vero</span> <span class='ocrx_word' id='word_1_170' title='bbox 1365 1435 1606 1474; x_wconf 89' lang='lat' dir='ltr'>Leocharetis</span> <span class='ocrx_word' id='word_1_171' title='bbox 1630 1437 1722 1475; x_wconf 85' lang='lat' dir='ltr'>nihil</span> 
     </span>
     <span class='ocr_line' id='line_1_21' title="bbox 276 1495 1721 1547; baseline 0.001 -13"><span class='ocrx_word' id='word_1_172' title='bbox 276 1495 439 1534; x_wconf 88' lang='lat' dir='ltr'>conferri</span> <span class='ocrx_word' id='word_1_173' title='bbox 457 1496 646 1547; x_wconf 85' lang='lat' dir='ltr'>cupimus.</span> <span class='ocrx_word' id='word_1_174' title='bbox 701 1496 888 1546; x_wconf 84' lang='lat' dir='ltr'>Indignus</span> <span class='ocrx_word' id='word_1_175' title='bbox 907 1496 1005 1534; x_wconf 89' lang='lat' dir='ltr'>enirn</span> <span class='ocrx_word' id='word_1_176' title='bbox 1024 1502 1082 1534; x_wconf 91' lang='lat' dir='ltr'>est</span> <span class='ocrx_word' id='word_1_177' title='bbox 1102 1496 1355 1546; x_wconf 82' lang='lat' dir='ltr'>Dicaeogenes</span> <span class='ocrx_word' id='word_1_178' title='bbox 1376 1504 1503 1535; x_wconf 87' lang='lat' dir='ltr'>vestra</span> <span class='ocrx_word' id='word_1_179' title='bbox 1520 1499 1721 1537; x_wconf 88' lang='lat' dir='ltr'>commise-</span> 
     </span>
     <span class='ocr_line' id='line_1_22' title="bbox 275 1557 1721 1611; baseline 0.001 -15"><span class='ocrx_word' id='word_1_180' title='bbox 275 1558 420 1596; x_wconf 86' lang='lat' dir='ltr'>ratione</span> <span class='ocrx_word' id='word_1_181' title='bbox 440 1565 553 1608; x_wconf 91' lang='lat' dir='ltr'>atque</span> <span class='ocrx_word' id='word_1_182' title='bbox 572 1558 816 1596; x_wconf 89' lang='lat' dir='ltr'>contentione</span> <span class='ocrx_word' id='word_1_183' title='bbox 835 1559 932 1596; x_wconf 89' lang='lat' dir='ltr'>bene</span> <span class='ocrx_word' id='word_1_184' title='bbox 952 1558 1000 1595; x_wconf 92' lang='lat' dir='ltr'>de</span> <span class='ocrx_word' id='word_1_185' title='bbox 1018 1571 1063 1596; x_wconf 93' lang='lat' dir='ltr'>eo</span> <span class='ocrx_word' id='word_1_186' title='bbox 1082 1557 1252 1596; x_wconf 91' lang='lat' dir='ltr'>merendi</span> <span class='ocrx_word' id='word_1_187' title='bbox 1269 1572 1278 1602; x_wconf 93' lang='grc'><strong>;</strong></span> <span class='ocrx_word' id='word_1_188' title='bbox 1310 1572 1432 1610; x_wconf 90' lang='lat' dir='ltr'>neque</span> <span class='ocrx_word' id='word_1_189' title='bbox 1453 1559 1552 1597; x_wconf 89' lang='lat' dir='ltr'>enim</span> <span class='ocrx_word' id='word_1_190' title='bbox 1576 1573 1721 1611; x_wconf 90' lang='lat' dir='ltr'>pauper</span> 
     </span>
     <span class='ocr_line' id='line_1_23' title="bbox 275 1619 1721 1673; baseline 0 -14"><span class='ocrx_word' id='word_1_191' title='bbox 275 1628 313 1659; x_wconf 84' lang='lat' dir='ltr'>et</span> <span class='ocrx_word' id='word_1_192' title='bbox 331 1621 369 1659; x_wconf 89' lang='lat' dir='ltr'>in</span> <span class='ocrx_word' id='word_1_193' title='bbox 389 1634 428 1659; x_wconf 88' lang='lat' dir='ltr'>re</span> <span class='ocrx_word' id='word_1_194' title='bbox 447 1627 555 1658; x_wconf 88' lang='lat' dir='ltr'>curta</span> <span class='ocrx_word' id='word_1_195' title='bbox 573 1626 645 1667; x_wconf 89' lang='lat' dir='ltr'>est,</span> <span class='ocrx_word' id='word_1_196' title='bbox 665 1633 789 1670; x_wconf 90' lang='lat' dir='ltr'>neque</span> <span class='ocrx_word' id='word_1_197' title='bbox 808 1620 855 1658; x_wconf 88' lang='lat' dir='ltr'>de</span> <span class='ocrx_word' id='word_1_198' title='bbox 875 1633 955 1670; x_wconf 87' lang='lat' dir='ltr'>rep.</span> <span class='ocrx_word' id='word_1_199' title='bbox 975 1619 1159 1670; x_wconf 82' lang='lat' dir='ltr'>praeclare</span> <span class='ocrx_word' id='word_1_200' title='bbox 1179 1620 1357 1659; x_wconf 80' lang='lat' dir='ltr'>meritus:</span> <span class='ocrx_word' id='word_1_201' title='bbox 1387 1621 1493 1672; x_wconf 91' lang='lat' dir='ltr'>quod</span> <span class='ocrx_word' id='word_1_202' title='bbox 1517 1630 1721 1673; x_wconf 90' lang='lat' dir='ltr'>utrumque</span> 
     </span>
     <span class='ocr_line' id='line_1_24' title="bbox 274 1680 1718 1733; baseline 0 -12"><span class='ocrx_word' id='word_1_203' title='bbox 274 1682 435 1728; x_wconf 89' lang='lat' dir='ltr'>docebo,</span> <span class='ocrx_word' id='word_1_204' title='bbox 449 1682 611 1733; x_wconf 89' lang='lat' dir='ltr'>judices,</span> <span class='ocrx_word' id='word_1_205' title='bbox 628 1681 786 1732; x_wconf 85' lang='lat' dir='ltr'>planum</span> <span class='ocrx_word' id='word_1_206' title='bbox 804 1681 977 1720; x_wconf 88' lang='lat' dir='ltr'>facturus</span> <span class='ocrx_word' id='word_1_207' title='bbox 996 1681 1160 1721; x_wconf 87' lang='lat' dir='ltr'>eundem</span> <span class='ocrx_word' id='word_1_208' title='bbox 1178 1688 1216 1719; x_wconf 91' lang='lat' dir='ltr'>et</span> <span class='ocrx_word' id='word_1_209' title='bbox 1235 1680 1576 1733; x_wconf 89' lang='lat' dir='ltr'>locupletissimum</span> <span class='ocrx_word' id='word_1_210' title='bbox 1596 1690 1633 1721; x_wconf 94' lang='lat' dir='ltr'>et</span> <span class='ocrx_word' id='word_1_211' title='bbox 1650 1696 1718 1721; x_wconf 90' lang='lat' dir='ltr'>ne—</span> 
     </span>
     <span class='ocr_line' id='line_1_25' title="bbox 273 1743 1718 1795; baseline 0.001 -14"><span class='ocrx_word' id='word_1_212' title='bbox 273 1743 498 1795; x_wconf 89' lang='lat' dir='ltr'>quissimum</span> <span class='ocrx_word' id='word_1_213' title='bbox 530 1743 720 1782; x_wconf 88' lang='lat' dir='ltr'>hominem</span> <span class='ocrx_word' id='word_1_214' title='bbox 747 1755 844 1790; x_wconf 88' lang='lat' dir='ltr'>esse,</span> <span class='ocrx_word' id='word_1_215' title='bbox 865 1743 1103 1794; x_wconf 90' lang='lat' dir='ltr'>pessimeque</span> <span class='ocrx_word' id='word_1_216' title='bbox 1129 1743 1178 1780; x_wconf 92' lang='lat' dir='ltr'>de</span> <span class='ocrx_word' id='word_1_217' title='bbox 1208 1756 1305 1794; x_wconf 68' lang='lat' dir='ltr'>rep„</span> <span class='ocrx_word' id='word_1_218' title='bbox 1334 1744 1382 1782; x_wconf 94' lang='lat' dir='ltr'>de</span> <span class='ocrx_word' id='word_1_219' title='bbox 1406 1745 1645 1790; x_wconf 86' lang='lat' dir='ltr'>necessariis,</span> <span class='ocrx_word' id='word_1_220' title='bbox 1671 1746 1718 1783; x_wconf 94' lang='lat' dir='ltr'>de</span> 
     </span>
     <span class='ocr_line' id='line_1_26' title="bbox 272 1804 1718 1856; baseline 0.001 -14"><span class='ocrx_word' id='word_1_221' title='bbox 272 1804 404 1843; x_wconf 89' lang='lat' dir='ltr'>amicis</span> <span class='ocrx_word' id='word_1_222' title='bbox 431 1804 611 1856; x_wconf 87' lang='lat' dir='ltr'>denique,</span> <span class='ocrx_word' id='word_1_223' title='bbox 629 1805 819 1844; x_wconf 86' lang='lat' dir='ltr'>meritum.</span> <span class='ocrx_word' id='word_1_224' title='bbox 876 1804 952 1843; x_wconf 91' lang='lat' dir='ltr'>Hic</span> <span class='ocrx_word' id='word_1_225' title='bbox 974 1804 1230 1855; x_wconf 84' lang='lat' dir='ltr'>Dicaeogenes</span> <span class='ocrx_word' id='word_1_226' title='bbox 1257 1818 1344 1843; x_wconf 90' lang='lat' dir='ltr'>cum</span> <span class='ocrx_word' id='word_1_227' title='bbox 1364 1818 1386 1842; x_wconf 89' lang='lat' dir='ltr'>a</span> <span class='ocrx_word' id='word_1_228' title='bbox 1406 1805 1514 1845; x_wconf 87' lang='lat' dir='ltr'>nobis</span> <span class='ocrx_word' id='word_1_229' title='bbox 1538 1806 1718 1845; x_wconf 86' lang='lat' dir='ltr'>traditam</span> 
     </span>
     <span class='ocr_line' id='line_1_27' title="bbox 273 1865 1718 1917; baseline 0.001 -13"><span class='ocrx_word' id='word_1_230' title='bbox 273 1866 344 1904; x_wconf 88' lang='lat' dir='ltr'>sibi</span> <span class='ocrx_word' id='word_1_231' title='bbox 372 1866 585 1917; x_wconf 89' lang='lat' dir='ltr'>accepisset</span> <span class='ocrx_word' id='word_1_232' title='bbox 610 1866 649 1904; x_wconf 91' lang='lat' dir='ltr'>in</span> <span class='ocrx_word' id='word_1_233' title='bbox 675 1872 905 1917; x_wconf 87' lang='lat' dir='ltr'>potestatem</span> <span class='ocrx_word' id='word_1_234' title='bbox 931 1865 1032 1904; x_wconf 89' lang='lat' dir='ltr'>hanc</span> <span class='ocrx_word' id='word_1_235' title='bbox 1057 1865 1322 1911; x_wconf 88' lang='lat' dir='ltr'>hereditatem,</span> <span class='ocrx_word' id='word_1_236' title='bbox 1353 1873 1564 1917; x_wconf 84' lang='lat' dir='ltr'>octogenas</span> <span class='ocrx_word' id='word_1_237' title='bbox 1595 1869 1718 1906; x_wconf 88' lang='lat' dir='ltr'>minas</span> 
     </span>
     <span class='ocr_line' id='line_1_28' title="bbox 273 1927 1718 1981; baseline 0.002 -16"><span class='ocrx_word' id='word_1_238' title='bbox 273 1940 486 1965; x_wconf 89' lang='lat' dir='ltr'>annuorum</span> <span class='ocrx_word' id='word_1_239' title='bbox 505 1927 746 1979; x_wconf 85' lang='lat' dir='ltr'>vectigalium</span> <span class='ocrx_word' id='word_1_240' title='bbox 765 1928 962 1975; x_wconf 87' lang='lat' dir='ltr'>ferentem,</span> <span class='ocrx_word' id='word_1_241' title='bbox 979 1929 1141 1979; x_wconf 88' lang='lat' dir='ltr'>ejusque</span> <span class='ocrx_word' id='word_1_242' title='bbox 1159 1928 1306 1966; x_wconf 89' lang='lat' dir='ltr'>fructus</span> <span class='ocrx_word' id='word_1_243' title='bbox 1324 1934 1406 1966; x_wconf 88' lang='lat' dir='ltr'>toto</span> <span class='ocrx_word' id='word_1_244' title='bbox 1426 1928 1612 1968; x_wconf 88' lang='lat' dir='ltr'>decennio</span> <span class='ocrx_word' id='word_1_245' title='bbox 1631 1943 1718 1981; x_wconf 92' lang='lat' dir='ltr'>per-</span> 
     </span>
     <span class='ocr_line' id='line_1_29' title="bbox 270 1989 1716 2042; baseline 0.003 -15"><span class='ocrx_word' id='word_1_246' title='bbox 270 1989 450 2041; x_wconf 91' lang='lat' dir='ltr'>cepisset,</span> <span class='ocrx_word' id='word_1_247' title='bbox 461 1996 542 2027; x_wconf 88' lang='lat' dir='ltr'>turn</span> <span class='ocrx_word' id='word_1_248' title='bbox 558 1996 675 2041; x_wconf 88' lang='lat' dir='ltr'>negat</span> <span class='ocrx_word' id='word_1_249' title='bbox 691 1990 761 2029; x_wconf 87' lang='lat' dir='ltr'>sibi</span> <span class='ocrx_word' id='word_1_250' title='bbox 774 1991 976 2042; x_wconf 83' lang='lat' dir='ltr'>pecuniam</span> <span class='ocrx_word' id='word_1_251' title='bbox 993 2003 1092 2036; x_wconf 90' lang='lat' dir='ltr'>esse,</span> <span class='ocrx_word' id='word_1_252' title='bbox 1105 1996 1186 2027; x_wconf 86' lang='lat' dir='ltr'>tum</span> <span class='ocrx_word' id='word_1_253' title='bbox 1201 1997 1327 2028; x_wconf 89' lang='lat' dir='ltr'>tamen</span> <span class='ocrx_word' id='word_1_254' title='bbox 1346 2003 1425 2029; x_wconf 89' lang='lat' dir='ltr'>non</span> <span class='ocrx_word' id='word_1_255' title='bbox 1442 1991 1559 2030; x_wconf 88' lang='lat' dir='ltr'>habet</span> <span class='ocrx_word' id='word_1_256' title='bbox 1577 1991 1716 2031; x_wconf 90' lang='lat' dir='ltr'>docere</span> 
     </span>
     <span class='ocr_line' id='line_1_30' title="bbox 271 2051 1717 2104; baseline 0.003 -16"><span class='ocrx_word' id='word_1_257' title='bbox 271 2064 347 2101; x_wconf 93' lang='lat' dir='ltr'>quo</span> <span class='ocrx_word' id='word_1_258' title='bbox 361 2051 464 2089; x_wconf 89' lang='lat' dir='ltr'>illam</span> <span class='ocrx_word' id='word_1_259' title='bbox 481 2057 641 2098; x_wconf 87' lang='lat' dir='ltr'>tantam,</span> <span class='ocrx_word' id='word_1_260' title='bbox 655 2065 677 2091; x_wconf 94' lang='lat'>0</span> <span class='ocrx_word' id='word_1_261' title='bbox 690 2052 856 2104; x_wconf 87' lang='lat' dir='ltr'>judices,</span> <span class='ocrx_word' id='word_1_262' title='bbox 870 2051 1115 2103; x_wconf 88' lang='lat' dir='ltr'>vectigalium</span> <span class='ocrx_word' id='word_1_263' title='bbox 1133 2064 1321 2089; x_wconf 88' lang='lat' dir='ltr'>summam</span> <span class='ocrx_word' id='word_1_264' title='bbox 1340 2051 1599 2104; x_wconf 90' lang='lat' dir='ltr'>insumpserit.</span> <span class='ocrx_word' id='word_1_265' title='bbox 1636 2054 1717 2092; x_wconf 91' lang='lat' dir='ltr'>Vos</span> 
     </span>
     <span class='ocr_line' id='line_1_31' title="bbox 270 2112 1716 2165; baseline 0.002 -15"><span class='ocrx_word' id='word_1_266' title='bbox 270 2112 357 2163; x_wconf 91' lang='lat' dir='ltr'>ipsi,</span> <span class='ocrx_word' id='word_1_267' title='bbox 373 2113 431 2151; x_wconf 88' lang='lat' dir='ltr'>fas</span> <span class='ocrx_word' id='word_1_268' title='bbox 451 2114 551 2151; x_wconf 90' lang='lat' dir='ltr'>enim</span> <span class='ocrx_word' id='word_1_269' title='bbox 570 2121 643 2161; x_wconf 84' lang='lat' dir='ltr'>est,</span> <span class='ocrx_word' id='word_1_270' title='bbox 661 2113 888 2153; x_wconf 87' lang='lat' dir='ltr'>existimate.</span> <span class='ocrx_word' id='word_1_271' title='bbox 942 2114 988 2151; x_wconf 90' lang='lat' dir='ltr'>In</span> <span class='ocrx_word' id='word_1_272' title='bbox 1008 2113 1204 2165; x_wconf 89' lang='lat' dir='ltr'>Dionysiis</span> <span class='ocrx_word' id='word_1_273' title='bbox 1226 2113 1476 2164; x_wconf 88' lang='lat' dir='ltr'>choregatum</span> <span class='ocrx_word' id='word_1_274' title='bbox 1495 2115 1616 2153; x_wconf 88' lang='lat' dir='ltr'>tribus</span> <span class='ocrx_word' id='word_1_275' title='bbox 1636 2128 1716 2153; x_wconf 89' lang='lat' dir='ltr'>suae</span> 
     </span>
     <span class='ocr_line' id='line_1_32' title="bbox 268 2173 1717 2227; baseline 0.002 -17"><span class='ocrx_word' id='word_1_276' title='bbox 268 2173 432 2223; x_wconf 79' lang='lat' dir='ltr'>fungens</span> <span class='ocrx_word' id='word_1_277' title='bbox 460 2181 625 2224; x_wconf 89' lang='lat' dir='ltr'>quatuor</span> <span class='ocrx_word' id='word_1_278' title='bbox 649 2175 784 2214; x_wconf 89' lang='lat' dir='ltr'>habuit</span> <span class='ocrx_word' id='word_1_279' title='bbox 820 2175 1005 2227; x_wconf 84' lang='lat' dir='ltr'>collegas,</span> <span class='ocrx_word' id='word_1_280' title='bbox 1034 2174 1308 2226; x_wconf 89' lang='lat' dir='ltr'>tragoediaeque</span> <span class='ocrx_word' id='word_1_281' title='bbox 1343 2183 1455 2226; x_wconf 92' lang='lat' dir='ltr'>atque</span> <span class='ocrx_word' id='word_1_282' title='bbox 1489 2175 1717 2227; x_wconf 88' lang='lat' dir='ltr'>pyrrhichiae</span> 
     </span>
     <span class='ocr_line' id='line_1_33' title="bbox 268 2235 1719 2287; baseline 0.003 -15"><span class='ocrx_word' id='word_1_283' title='bbox 268 2235 417 2287; x_wconf 86' lang='lat' dir='ltr'>palmas</span> <span class='ocrx_word' id='word_1_284' title='bbox 433 2236 561 2274; x_wconf 88' lang='lat' dir='ltr'>retulit</span> <span class='ocrx_word' id='word_1_285' title='bbox 573 2243 786 2287; x_wconf 88' lang='lat' dir='ltr'>postremas</span> <span class='ocrx_word' id='word_1_286' title='bbox 802 2250 810 2276; x_wconf 94' lang='lat'><strong>:</strong></span> <span class='ocrx_word' id='word_1_287' title='bbox 839 2237 923 2275; x_wconf 83' lang='lat' dir='ltr'>haec</span> <span class='ocrx_word' id='word_1_288' title='bbox 935 2237 1018 2275; x_wconf 85' lang='lat' dir='ltr'>sola</span> <span class='ocrx_word' id='word_1_289' title='bbox 1032 2243 1123 2275; x_wconf 88' lang='lat' dir='ltr'>sunt</span> <span class='ocrx_word' id='word_1_290' title='bbox 1138 2250 1294 2275; x_wconf 86' lang='lat' dir='ltr'>munera</span> <span class='ocrx_word' id='word_1_291' title='bbox 1309 2250 1396 2287; x_wconf 90' lang='lat' dir='ltr'>quae</span> <span class='ocrx_word' id='word_1_292' title='bbox 1410 2236 1531 2275; x_wconf 89' lang='lat' dir='ltr'>edidit</span> <span class='ocrx_word' id='word_1_293' title='bbox 1544 2245 1719 2284; x_wconf 86' lang='lat' dir='ltr'>coactus,</span> 
     </span>
     <span class='ocr_line' id='line_1_34' title="bbox 268 2297 1731 2349; baseline 0.002 -15"><span class='ocrx_word' id='word_1_294' title='bbox 268 2303 308 2335; x_wconf 88' lang='lat' dir='ltr'>et</span> <span class='ocrx_word' id='word_1_295' title='bbox 325 2305 405 2335; x_wconf 90' lang='lat' dir='ltr'>tam</span> <span class='ocrx_word' id='word_1_296' title='bbox 424 2297 620 2349; x_wconf 82' lang='lat' dir='ltr'>praeclare,</span> <span class='ocrx_word' id='word_1_297' title='bbox 640 2311 660 2336; x_wconf 92' lang='lat' dir='ltr'>e</span> <span class='ocrx_word' id='word_1_298' title='bbox 686 2311 726 2336; x_wconf 90' lang='lat' dir='ltr'>re</span> <span class='ocrx_word' id='word_1_299' title='bbox 751 2305 830 2336; x_wconf 89' lang='lat' dir='ltr'>tarn</span> <span class='ocrx_word' id='word_1_300' title='bbox 857 2299 1055 2337; x_wconf 85' lang='lat' dir='ltr'>fructuosa</span> <span class='ocrx_word' id='word_1_301' title='bbox 1079 2306 1158 2337; x_wconf 89' lang='lat' dir='ltr'>tam</span> <span class='ocrx_word' id='word_1_302' title='bbox 1181 2298 1309 2349; x_wconf 87' lang='lat' dir='ltr'>ampla</span> <span class='ocrx_word' id='word_1_303' title='bbox 1328 2298 1531 2349; x_wconf 73' lang='lat' dir='ltr'>vectigalia</span> <span class='ocrx_word' id='word_1_304' title='bbox 1556 2299 1731 2337; x_wconf 86' lang='lat' dir='ltr'>ferente.·</span> 
     </span>
     <span class='ocr_line' id='line_1_35' title="bbox 267 2358 1717 2410; baseline 0.001 -14"><span class='ocrx_word' id='word_1_305' title='bbox 267 2358 346 2397; x_wconf 91' lang='lat' dir='ltr'>Sed</span> <span class='ocrx_word' id='word_1_306' title='bbox 365 2365 406 2397; x_wconf 89' lang='lat' dir='ltr'>et</span> <span class='ocrx_word' id='word_1_307' title='bbox 422 2359 618 2398; x_wconf 88' lang='lat' dir='ltr'>trierarchi</span> <span class='ocrx_word' id='word_1_308' title='bbox 637 2365 695 2398; x_wconf 93' lang='lat' dir='ltr'>tot</span> <span class='ocrx_word' id='word_1_309' title='bbox 713 2372 872 2398; x_wconf 89' lang='lat' dir='ltr'>numero</span> <span class='ocrx_word' id='word_1_310' title='bbox 897 2373 984 2398; x_wconf 92' lang='lat' dir='ltr'>cum</span> <span class='ocrx_word' id='word_1_311' title='bbox 1011 2360 1293 2398; x_wconf 85' lang='lat' dir='ltr'>constituantur</span> <span class='ocrx_word' id='word_1_312' title='bbox 1320 2360 1540 2410; x_wconf 89' lang='lat' dir='ltr'>quotannis,</span> <span class='ocrx_word' id='word_1_313' title='bbox 1561 2360 1717 2399; x_wconf 81' lang='lat' dir='ltr'>Dicaeo-</span> 
     </span>
     <span class='ocr_line' id='line_1_36' title="bbox 266 2420 1715 2473; baseline 0 -14"><span class='ocrx_word' id='word_1_314' title='bbox 266 2433 387 2472; x_wconf 86' lang='lat' dir='ltr'>genes</span> <span class='ocrx_word' id='word_1_315' title='bbox 411 2434 539 2473; x_wconf 91' lang='lat' dir='ltr'>neque</span> <span class='ocrx_word' id='word_1_316' title='bbox 561 2422 643 2473; x_wconf 90' lang='lat' dir='ltr'>ipse</span> <span class='ocrx_word' id='word_1_317' title='bbox 662 2420 1091 2471; x_wconf 19' lang='lat' dir='ltr'>trierarchatumvgessit</span> <span class='ocrx_word' id='word_1_318' title='bbox 1110 2434 1235 2472; x_wconf 91' lang='lat' dir='ltr'>neque</span> <span class='ocrx_word' id='word_1_319' title='bbox 1256 2420 1364 2459; x_wconf 91' lang='lat' dir='ltr'>alteri</span> <span class='ocrx_word' id='word_1_320' title='bbox 1384 2420 1546 2472; x_wconf 89' lang='lat' dir='ltr'>cuipiam</span> <span class='ocrx_word' id='word_1_321' title='bbox 1569 2422 1715 2472; x_wconf 85' lang='lat' dir='ltr'>gerenti</span> 
     </span>
     <span class='ocr_line' id='line_1_37' title="bbox 265 2482 1716 2534; baseline 0 -14"><span class='ocrx_word' id='word_1_322' title='bbox 265 2482 314 2521; x_wconf 90' lang='lat' dir='ltr'>de</span> <span class='ocrx_word' id='word_1_323' title='bbox 341 2496 445 2534; x_wconf 88' lang='lat' dir='ltr'>penu</span> <span class='ocrx_word' id='word_1_324' title='bbox 469 2496 539 2521; x_wconf 91' lang='lat' dir='ltr'>suo</span> <span class='ocrx_word' id='word_1_325' title='bbox 565 2483 729 2522; x_wconf 87' lang='lat' dir='ltr'>contulit</span> <span class='ocrx_word' id='word_1_326' title='bbox 754 2483 804 2522; x_wconf 91' lang='lat' dir='ltr'>ad</span> <span class='ocrx_word' id='word_1_327' title='bbox 833 2488 1006 2533; x_wconf 85' lang='lat' dir='ltr'>sumptus</span> <span class='ocrx_word' id='word_1_328' title='bbox 1033 2482 1137 2520; x_wconf 90' lang='lat' dir='ltr'>illius</span> <span class='ocrx_word' id='word_1_329' title='bbox 1164 2482 1333 2520; x_wconf 88' lang='lat' dir='ltr'>muneris</span> <span class='ocrx_word' id='word_1_330' title='bbox 1360 2482 1599 2530; x_wconf 86' lang='lat' dir='ltr'>allevandos,</span> <span class='ocrx_word' id='word_1_331' title='bbox 1617 2496 1716 2533; x_wconf 89' lang='lat' dir='ltr'>prae·</span> 
     </span>
     <span class='ocr_line' id='line_1_38' title="bbox 263 2542 1715 2596; baseline 0 -15"><span class='ocrx_word' id='word_1_332' title='bbox 263 2545 392 2582; x_wconf 89' lang='lat' dir='ltr'>sertim</span> <span class='ocrx_word' id='word_1_333' title='bbox 421 2544 608 2596; x_wconf 90' lang='lat' dir='ltr'>ejusmodi</span> <span class='ocrx_word' id='word_1_334' title='bbox 632 2544 671 2582; x_wconf 90' lang='lat' dir='ltr'>in</span> <span class='ocrx_word' id='word_1_335' title='bbox 696 2544 789 2596; x_wconf 89' lang='lat' dir='ltr'>reip.</span> <span class='ocrx_word' id='word_1_336' title='bbox 813 2543 1071 2594; x_wconf 88' lang='lat' dir='ltr'>temporibus:</span> <span class='ocrx_word' id='word_1_337' title='bbox 1102 2542 1170 2581; x_wconf 89' lang='lat' dir='ltr'>sed</span> <span class='ocrx_word' id='word_1_338' title='bbox 1199 2542 1261 2581; x_wconf 89' lang='lat' dir='ltr'>alii</span> <span class='ocrx_word' id='word_1_339' title='bbox 1290 2543 1459 2594; x_wconf 90' lang='lat' dir='ltr'>quidem,</span> <span class='ocrx_word' id='word_1_340' title='bbox 1487 2543 1627 2593; x_wconf 89' lang='lat' dir='ltr'>quibus</span> <span class='ocrx_word' id='word_1_341' title='bbox 1653 2544 1715 2581; x_wconf 90' lang='lat' dir='ltr'>vel</span> 
     </span>
     <span class='ocr_line' id='line_1_39' title="bbox 262 2603 1715 2656; baseline -0.001 -13"><span class='ocrx_word' id='word_1_342' title='bbox 262 2606 412 2644; x_wconf 88' lang='lat' dir='ltr'>tenuior</span> <span class='ocrx_word' id='word_1_343' title='bbox 426 2606 542 2644; x_wconf 88' lang='lat' dir='ltr'>etiam</span> <span class='ocrx_word' id='word_1_344' title='bbox 558 2618 616 2644; x_wconf 92' lang='lat' dir='ltr'>res</span> <span class='ocrx_word' id='word_1_345' title='bbox 631 2605 826 2645; x_wconf 90' lang='lat' dir='ltr'>familiaris</span> <span class='ocrx_word' id='word_1_346' title='bbox 841 2612 914 2652; x_wconf 88' lang='lat' dir='ltr'>est,</span> <span class='ocrx_word' id='word_1_347' title='bbox 928 2616 1043 2656; x_wconf 86' lang='lat' dir='ltr'>quam</span> <span class='ocrx_word' id='word_1_348' title='bbox 1056 2603 1144 2642; x_wconf 88' lang='lat' dir='ltr'>huic</span> <span class='ocrx_word' id='word_1_349' title='bbox 1164 2612 1254 2642; x_wconf 87' lang='lat' dir='ltr'>sunt</span> <span class='ocrx_word' id='word_1_350' title='bbox 1273 2603 1418 2641; x_wconf 87' lang='lat' dir='ltr'>reditus</span> <span class='ocrx_word' id='word_1_351' title='bbox 1437 2603 1569 2650; x_wconf 88' lang='lat' dir='ltr'>annui,</span> <span class='ocrx_word' id='word_1_352' title='bbox 1585 2610 1715 2642; x_wconf 88' lang='lat' dir='ltr'>tamen</span> 
     </span>
     <span class='ocr_line' id='line_1_40' title="bbox 261 2663 1714 2717; baseline -0.001 -14"><span class='ocrx_word' id='word_1_353' title='bbox 261 2665 532 2704; x_wconf 87' lang='lat' dir='ltr'>trierarchatus</span> <span class='ocrx_word' id='word_1_354' title='bbox 565 2673 728 2717; x_wconf 86' lang='lat' dir='ltr'>gerunt;</span> <span class='ocrx_word' id='word_1_355' title='bbox 761 2666 824 2704; x_wconf 90' lang='lat' dir='ltr'>hic</span> <span class='ocrx_word' id='word_1_356' title='bbox 853 2671 981 2704; x_wconf 90' lang='lat' dir='ltr'>autem</span> <span class='ocrx_word' id='word_1_357' title='bbox 1007 2663 1156 2702; x_wconf 91' lang='lat' dir='ltr'>nullum</span> <span class='ocrx_word' id='word_1_358' title='bbox 1191 2677 1363 2714; x_wconf 89' lang='lat' dir='ltr'>unquam</span> <span class='ocrx_word' id='word_1_359' title='bbox 1399 2663 1532 2715; x_wconf 86' lang='lat' dir='ltr'>gessit,</span> <span class='ocrx_word' id='word_1_360' title='bbox 1560 2666 1714 2704; x_wconf 86' lang='lat' dir='ltr'>tametsi</span> 
     </span>
     <span class='ocr_line' id='line_1_41' title="bbox 258 2725 1715 2778; baseline 0.001 -15"><span class='ocrx_word' id='word_1_361' title='bbox 258 2725 481 2776; x_wconf 87' lang='lat' dir='ltr'>splendidas</span> <span class='ocrx_word' id='word_1_362' title='bbox 507 2727 591 2766; x_wconf 86' lang='lat' dir='ltr'>illas</span> <span class='ocrx_word' id='word_1_363' title='bbox 618 2727 819 2766; x_wconf 87' lang='lat' dir='ltr'>facultates</span> <span class='ocrx_word' id='word_1_364' title='bbox 846 2740 924 2765; x_wconf 90' lang='lat' dir='ltr'>non</span> <span class='ocrx_word' id='word_1_365' title='bbox 946 2732 1054 2778; x_wconf 87' lang='lat' dir='ltr'>pater</span> <span class='ocrx_word' id='word_1_366' title='bbox 1080 2726 1115 2764; x_wconf 92' lang='lat' dir='ltr'>ei</span> <span class='ocrx_word' id='word_1_367' title='bbox 1143 2725 1294 2777; x_wconf 86' lang='lat' dir='ltr'>reliquit</span> <span class='ocrx_word' id='word_1_368' title='bbox 1312 2728 1417 2774; x_wconf 87' lang='lat' dir='ltr'>(nam</span> <span class='ocrx_word' id='word_1_369' title='bbox 1441 2726 1473 2763; x_wconf 89' lang='lat' dir='ltr'>is</span> <span class='ocrx_word' id='word_1_370' title='bbox 1500 2727 1655 2777; x_wconf 90' lang='lat' dir='ltr'>quidem</span> <span class='ocrx_word' id='word_1_371' title='bbox 1678 2728 1715 2767; x_wconf 91' lang='lat' dir='ltr'>ei</span> 
     </span>
     <span class='ocr_line' id='line_1_42' title="bbox 260 2778 1713 2839; baseline 0 -13"><span class='ocrx_word' id='word_1_372' title='bbox 260 2778 339 2826; x_wconf 83' lang='lat' dir='ltr'>rem</span> <span class='ocrx_word' id='word_1_373' title='bbox 362 2788 515 2839; x_wconf 88' lang='lat' dir='ltr'>reliquit</span> <span class='ocrx_word' id='word_1_374' title='bbox 534 2789 742 2828; x_wconf 84' lang='lat' dir='ltr'>admodum</span> <span class='ocrx_word' id='word_1_375' title='bbox 761 2788 1027 2837; x_wconf 89' lang='lat' dir='ltr'>mediocrem),</span> <span class='ocrx_word' id='word_1_376' title='bbox 1048 2787 1117 2826; x_wconf 89' lang='lat' dir='ltr'>sed</span> <span class='ocrx_word' id='word_1_377' title='bbox 1134 2800 1200 2826; x_wconf 89' lang='lat' dir='ltr'>vos</span> <span class='ocrx_word' id='word_1_378' title='bbox 1221 2786 1403 2838; x_wconf 85' lang='lat' dir='ltr'>suffragio</span> <span class='ocrx_word' id='word_1_379' title='bbox 1421 2793 1551 2826; x_wconf 88' lang='lat' dir='ltr'>vestro</span> <span class='ocrx_word' id='word_1_380' title='bbox 1571 2789 1713 2827; x_wconf 91' lang='lat' dir='ltr'>contri-</span> 
     </span>
     <span class='ocr_line' id='line_1_43' title="bbox 254 2849 1711 2903; baseline 0.001 -17"><span class='ocrx_word' id='word_1_381' title='bbox 254 2849 393 2887; x_wconf 90' lang='lat' dir='ltr'>buistis</span> <span class='ocrx_word' id='word_1_382' title='bbox 418 2857 455 2887; x_wconf 94' lang='lat' dir='ltr'>et</span> <span class='ocrx_word' id='word_1_383' title='bbox 488 2851 763 2895; x_wconf 89' lang='lat' dir='ltr'>condonastis;</span> <span class='ocrx_word' id='word_1_384' title='bbox 795 2857 1043 2903; x_wconf 89' lang='lat' dir='ltr'>quapropter,</span> <span class='ocrx_word' id='word_1_385' title='bbox 1065 2849 1213 2888; x_wconf 87' lang='lat' dir='ltr'>etiamsi</span> <span class='ocrx_word' id='word_1_386' title='bbox 1233 2849 1325 2887; x_wconf 90' lang='lat' dir='ltr'>civis</span> <span class='ocrx_word' id='word_1_387' title='bbox 1344 2862 1423 2887; x_wconf 89' lang='lat' dir='ltr'>non</span> <span class='ocrx_word' id='word_1_388' title='bbox 1444 2856 1562 2895; x_wconf 87' lang='lat' dir='ltr'>esset,</span> <span class='ocrx_word' id='word_1_389' title='bbox 1582 2857 1711 2888; x_wconf 89' lang='lat' dir='ltr'>tamen</span> 
     </span>
     <span class='ocr_line' id='line_1_44' title="bbox 254 2910 1710 2964; baseline 0.001 -15"><span class='ocrx_word' id='word_1_390' title='bbox 254 2924 344 2950; x_wconf 89' lang='lat' dir='ltr'>eum</span> <span class='ocrx_word' id='word_1_391' title='bbox 373 2910 530 2950; x_wconf 89' lang='lat' dir='ltr'>deceret</span> <span class='ocrx_word' id='word_1_392' title='bbox 553 2913 782 2952; x_wconf 88' lang='lat' dir='ltr'>liberalitate</span> <span class='ocrx_word' id='word_1_393' title='bbox 809 2918 1032 2964; x_wconf 89' lang='lat' dir='ltr'>sumptuum</span> <span class='ocrx_word' id='word_1_394' title='bbox 1049 2912 1088 2949; x_wconf 91' lang='lat' dir='ltr'>in</span> <span class='ocrx_word' id='word_1_395' title='bbox 1108 2924 1225 2963; x_wconf 88' lang='lat' dir='ltr'>remp.</span> <span class='ocrx_word' id='word_1_396' title='bbox 1246 2911 1509 2950; x_wconf 85' lang='lat' dir='ltr'>faciendorum</span> <span class='ocrx_word' id='word_1_397' title='bbox 1530 2910 1710 2950; x_wconf 87' lang='lat' dir='ltr'>volunta-</span> 
     </span>
     <span class='ocr_line' id='line_1_45' title="bbox 253 2972 1709 3013; baseline 0.001 -3"><span class='ocrx_word' id='word_1_398' title='bbox 253 2980 332 3010; x_wconf 87' lang='lat' dir='ltr'>tem</span> <span class='ocrx_word' id='word_1_399' title='bbox 351 2978 516 3012; x_wconf 84' lang='lat' dir='ltr'>vestram</span> <span class='ocrx_word' id='word_1_400' title='bbox 537 2973 737 3012; x_wconf 88' lang='lat' dir='ltr'>demereri.</span> <span class='ocrx_word' id='word_1_401' title='bbox 794 2975 914 3013; x_wconf 88' lang='lat' dir='ltr'>Porro</span> <span class='ocrx_word' id='word_1_402' title='bbox 934 2980 990 3012; x_wconf 89' lang='lat' dir='ltr'>tot</span> <span class='ocrx_word' id='word_1_403' title='bbox 1009 2972 1305 3013; x_wconf 88' lang='lat' dir='ltr'>contributiones</span> <span class='ocrx_word' id='word_1_404' title='bbox 1328 2987 1417 3013; x_wconf 87' lang='lat' dir='ltr'>cum</span> <span class='ocrx_word' id='word_1_405' title='bbox 1447 2973 1561 3012; x_wconf 84' lang='lat' dir='ltr'>factae</span> <span class='ocrx_word' id='word_1_406' title='bbox 1590 2973 1666 3012; x_wconf 91' lang='lat' dir='ltr'>sint</span> <span class='ocrx_word' id='word_1_407' title='bbox 1685 2986 1709 3011; x_wconf 79' lang='lat' dir='ltr'>a</span> 
     </span>
    </p>
   </div>
  </div>
 </body>
</html>
