1870 3277
508 158 579 198 DF.
610 161 891 199 ASTYPHMJ
925 162 1285 200 HEREDITATE.
1544 163 1617 200 309

789 294 1000 332 TESTEs.

232 380 291 417 10.
323 380 406 430 Ego
427 393 514 419 vero
534 381 615 431 ipse
640 394 715 431 quo
744 393 833 430 erga
852 380 1003 418 fratrem
1024 381 1150 418 animo
1172 381 1302 418 fuerim
1322 390 1358 420 et
1376 385 1525 433 qualem
1555 399 1614 425 me

173 454 264 490 erga
290 455 374 478 eum
407 442 603 492 gesserim,
634 443 673 480 id
704 443 783 493 jam
813 450 1000 492 spectate,
1026 442 1190 492 judices.
1262 443 1430 483 Primum
1459 447 1613 497 quidem

173 502 308 539 eadem
330 503 365 540 in
383 503 496 541 domo
516 517 603 541 curn
624 504 688 541 illo
719 504 906 541 educatus
935 504 1098 546 adolevi,
1122 504 1260 542 deinde
1288 505 1501 545 simultates
1528 522 1614 547 cum

173 575 218 599 eo
244 576 441 613 nunquam
474 565 639 609 exercui,
660 564 730 601 sed
758 571 890 601 mutua
916 578 987 601 nos
1015 565 1170 603 caritate
1199 566 1543 616 amplectebamur;
1576 571 1613 607 id

173 623 276 672 quod
297 625 407 661 amici
427 632 541 674 atque
561 625 766 662 necessarii
790 625 907 661 nostri
928 638 1059 662 omnes
1079 633 1233 670 norunt,
1256 640 1353 677 quos
1369 628 1475 667 vobis
1495 636 1613 668 testes

171 685 370 731 exhibebo,
385 687 515 737 jussos
536 687 636 724 hunc
657 686 692 723 in
713 694 938 737 suggestum
959 687 1208 726 adscendere.

787 806 997 844 TESTES.

228 893 288 929 ll.
318 892 404 930 Jam
431 893 620 942 interrogo
652 905 733 937 vos,
752 892 915 942 judiceS,
934 893 1132 930 videturne
1160 894 1267 931 vobis
1288 895 1529 946 Astyphilus,
1549 901 1614 950 qui

173 953 357 992 Cleonem
378 954 430 991 ita
444 953 602 996 odisset,
623 966 786 1004 meoque
806 967 827 991 a
847 961 953 1004 patre
976 954 1090 991 tantis
1112 962 1213 992 esset
1230 956 1375 993 meritis
1394 959 1613 1002 obstrictus,

170 1027 336 1065 unquam
353 1014 624 1051 commissurus
639 1015 756 1052 fuisse
770 1021 811 1052 ut
825 1015 1061 1052 inimicorum
1081 1029 1235 1053 suorum
1252 1017 1479 1069 cujusquam
1493 1021 1612 1059 filium

173 1076 241 1113 sibi
262 1076 380 1113 filium
411 1083 605 1127 arrogaret
634 1077 744 1127 eique
775 1078 875 1114 bona
905 1090 974 1114 sua
994 1078 1205 1128 delegaret,
1225 1092 1348 1129 eoque
1366 1082 1613 1132 sospitatores

171 1150 259 1174 suos
281 1138 513 1187 eosdemque
533 1139 726 1188 proximos
742 1139 975 1176 necessarios
989 1139 1076 1189 jure
1096 1139 1225 1178 debito
1243 1141 1459 1180 fraudaret?
1515 1145 1611 1184 Mihi

170 1198 344 1248 equidem
360 1198 530 1249 profecto
549 1212 625 1237 non
645 1200 795 1237 videtur
808 1199 1035 1251 Astyphilus
1051 1208 1198 1238 tantum
1219 1203 1326 1241 nefas
1342 1207 1612 1246 commissurus

167 1260 302 1304 fuisse,
323 1260 472 1298 etiamsi
499 1260 627 1298 decies
649 1261 850 1299 Hierocles
872 1262 948 1299 aiat
967 1269 1237 1300 testamentum
1257 1278 1375 1315 penes
1396 1280 1438 1304 se
1457 1281 1544 1306 esse
1563 1271 1611 1308 ab

169 1321 368 1372 Astyphilo
400 1322 601 1372 scriptum:
645 1335 717 1373 ego
750 1330 885 1360 contra
915 1323 989 1367 aio,
1021 1330 1101 1361 tum
1130 1332 1333 1375 propterea
1363 1329 1468 1378 quod
1497 1331 1612 1383 Asty-

168 1382 261 1433 phili
290 1383 405 1420 frater
441 1383 525 1428 sim,
556 1390 636 1420 tum
670 1384 775 1434 quod
805 1385 1032 1435 Astyphilus
1060 1386 1151 1422 alias
1186 1400 1340 1437 quoque
1378 1390 1468 1428 mihi
1499 1391 1614 1431 suerit

167 1445 419 1482 amicissimus
450 1451 565 1495 atque
596 1445 947 1496 conjunctissimus,
972 1446 1227 1485 hereditatem
1256 1450 1450 1500 Astyphili
1481 1454 1612 1505 majori

160 1505 248 1556 jure
269 1504 358 1543 mihi
371 1514 600 1556 competere,
617 1519 729 1556 quam
748 1507 903 1544 Cleonis
920 1507 1016 1550 fili0;
1047 1521 1136 1545 nam
1151 1508 1222 1545 hos
1237 1516 1339 1547 certe
1356 1524 1431 1548 non
1447 1512 1613 1553 decebat

167 1574 312 1616 partem
330 1566 447 1604 ullam
478 1567 667 1603 bonorum
687 1567 881 1618 Astyphili
909 1575 1080 1605 anteum
1109 1583 1154 1606 eo
1183 1571 1506 1612 necessitudinem
1541 1578 1611 1616 sibi

167 1641 358 1678 arrogare,
372 1627 437 1678 qui
453 1636 529 1665 tam
546 1627 685 1665 infesto
699 1641 789 1678 erga
804 1642 891 1666 eum
912 1629 1072 1667 fuissent
1093 1630 1219 1668 animo
1235 1644 1322 1669 cum
1342 1633 1468 1673 adhuc
1484 1650 1614 1688 super·

167 1699 281 1737 esset,
301 1698 339 1729 et
365 1705 455 1729 ossa
481 1691 653 1728 defuncti
680 1691 807 1741 legere
832 1691 1015 1742 justaque
1044 1692 1077 1729 ei
1105 1692 1229 1730 facere
1260 1694 1310 1730 nil
1341 1697 1523 1746 curarint,
1543 1700 1612 1738 sed

167 1755 271 1806 prius
294 1755 328 1792 in
353 1755 432 1804 ejus
451 1755 553 1791 bona
573 1753 787 1798 involarint,
809 1767 922 1804 quam
942 1754 1115 1804 religioni
1133 1755 1298 1793 manium
1320 1758 1609 1800 satisfecissent.

167 1816 219 1854 Et
239 1829 339 1854 nunc
358 1822 494 1867 petunt
509 1814 698 1866 Astyphili
711 1814 976 1860 hereditatem,
990 1829 1064 1853 non
1081 1817 1202 1854 solum
1218 1830 1264 1854 ex
1276 1818 1389 1856 titulo
1408 1828 1610 1871 praetensae

165 1877 381 1916 donationis
419 1877 530 1914 factae
557 1889 624 1927 per
652 1882 925 1914 testamentum
953 1890 976 1914 a
1005 1890 1045 1914 se
1072 1877 1298 1928 subjectum,
1321 1880 1390 1917 sed
1419 1881 1531 1920 etiam
1562 1897 1608 1921 ex

166 1938 276 1976 titulo
307 1938 565 1989 cognationis,
591 1937 774 1974 Cleonem
804 1938 947 1975 aientes
965 1938 1155 1989 Astyphili
1181 1941 1449 1979 consobrinum
1478 1957 1559 1982 esse
1588 1959 1610 1983 a

165 2008 273 2051 parte
302 1999 418 2052 patris
449 1999 504 2050 [h.
522 2012 557 2036 e.
585 1999 780 2036 amborum
809 2006 937 2049 patres
965 2000 1099 2037 fratres
1128 2000 1280 2050 fuisse].
1337 2003 1478 2041 Verum
1505 2005 1608 2045 haud

166 2061 280 2099 decet
299 2074 383 2107 vos,
398 2061 563 2111 judices,
579 2060 628 2098 ad
644 2061 909 2110 cognationem
928 2062 974 2099 ab
988 2075 1034 2099 eo
1049 2062 1237 2112 proditam
1256 2064 1474 2105 attendere:
1496 2081 1609 2107 nemo

165 2122 264 2160 enim
290 2123 359 2159 fuit
378 2135 544 2172 unquam
565 2121 642 2171 qui,
659 2135 746 2159 cum
769 2129 873 2159 esset
893 2136 913 2159 e
935 2122 1050 2160 domo
1077 2123 1195 2174 patris
1223 2125 1279 2162 sui
1300 2125 1459 2165 alienam
1480 2128 1518 2166 in
1539 2129 1607 2168 do·

164 2197 266 2221 mum
304 2185 584 2234 emancipatus,
615 2183 867 2221 hereditatem
902 2183 1002 2221 illius
1030 2185 1166 2222 domus
1196 2187 1339 2225 adisset
1371 2188 1474 2226 unde
1507 2199 1610 2229 esset

162 2244 440 2295 emancipatus,
461 2243 529 2280 nisi
546 2251 748 2294 postquam
770 2257 815 2281 ex
836 2244 1106 2296 formulajuris
1128 2246 1282 2284 inillam
1305 2261 1411 2286 suam
1434 2251 1608 2301 primige-

162 2306 262 2344 niam
285 2306 437 2343 domnm
465 2305 641 2343 redisset.
699 2305 815 2356 Atqui
838 2304 876 2342 hi
902 2307 1124 2356 [necessarii
1145 2307 1352 2359 Astyphili]
1373 2311 1469 2348 bene
1498 2313 1606 2361 gnari

164 2367 320 2406 Cleonis
351 2367 469 2405 filium
496 2368 543 2404 ab
565 2367 766 2418 Astyphilo
796 2379 989 2418 nunquam
1019 2368 1137 2406 fuisse
1165 2370 1404 2421 adoptatum,
1422 2372 1498 2410 filio
1519 2374 1607 2413 huie

162 2428 318 2466 Cleonis
338 2441 534 2478 nunquam
562 2428 772 2477 portionem
800 2435 972 2465 extorum
993 2429 1048 2479 [in
1075 2430 1284 2479 Apaturiis]
1305 2433 1607 2480 contribuerunt,

161 2490 314 2528 tametsi
334 2489 471 2540 saepius
494 2489 658 2525 venienti
679 2488 902 2539 particulam
924 2502 1030 2526 suam
1051 2491 1098 2526 ab
1119 2490 1162 2526 iis
1191 2492 1250 2540 [ut
1277 2494 1468 2542 cognatis]
1496 2495 1605 2545 flagi-

160 2558 295 2589 tatum.
351 2550 457 2600 Cape
478 2558 516 2587 tu
535 2550 624 2587 mihi
645 2550 716 2588 hoc
737 2563 890 2601 quoqne
909 2550 1165 2587 testimonium
1187 2550 1259 2588 hac
1278 2551 1325 2589 de
1347 2566 1385 2590 re
1405 2555 1605 2593 conflrma-

159 2621 300 2651 turum.

681 2699 1086 2737 TESTIMONIUM.

220 2786 279 2822 12.
309 2783 395 2820 Jam
413 2783 616 2834 diligenter
634 2784 836 2833 pensitatis
857 2784 892 2820 in
916 2790 1116 2834 utramque
1137 2791 1283 2835 partem
1304 2789 1504 2825 momentis
1525 2803 1607 2840 pro-

163 2845 350 2888 nuntiate,
365 2842 588 2893 judices‚de
604 2852 777 2882 nostrum
794 2857 1024 2895 unoquoque
1041 2846 1267 2884 sententiam
1285 2860 1331 2885 ex
1347 2848 1390 2886 iis
1407 2849 1498 2900 ipsis
1519 2865 1605 2901 quoe

161 2906 426 2956 unusquisque
447 2905 482 2941 in
505 2907 848 2955 contrajuramento
878 2919 898 2943 a
929 2919 968 2943 se
997 2907 1167 2956 proestito
1197 2908 1406 2948 affirmavit.
1482 2913 1601 2950 Cleon
