1870 3277
763 566 985 620 ISAEI

364 712 451 786 DE
487 713 895 762 NICOSTRATI
935 715 1380 765 HEREDITATE.

633 919 1106 960 ARGUMENTUM.

190 1012 314 1043 Mortuo
331 1013 362 1044 in
378 1013 483 1043 exsilio
498 1013 690 1048 Nicostrate,
703 1013 836 1055 Hagnon
851 1020 883 1045 et
894 1015 1098 1057 Hagnotheus
1111 1018 1282 1048 consobrini
1298 1018 1450 1059 patrueles
1465 1025 1592 1051 conten-

147 1062 224 1093 dunt
241 1064 280 1093 de
296 1064 469 1095 hereditate
486 1075 556 1095 cum
573 1065 739 1101 Chariade,
756 1076 787 1095 se
804 1066 946 1096 heredem
963 1067 1043 1097 illius
1055 1068 1222 1099 donatione
1238 1070 1408 1110 profitente,
1425 1081 1482 1112 per
1498 1076 1588 1102 testa-

147 1122 295 1146 mentum.
350 1116 443 1147 Isaeus
461 1117 563 1157 itaque
579 1123 689 1152 orator,
704 1122 813 1158 utpote
832 1118 1074 1159 consanguineus
1091 1119 1261 1160 Hagnonis,
1279 1130 1366 1151 orans
1383 1121 1591 1162 patrocinatur

144 1164 214 1195 illis.
259 1165 311 1196 Lis
323 1171 370 1196 est
385 1167 630 1197 controversalis.

200 1250 233 1286 1.
265 1251 459 1288 HAGNON
479 1249 553 1295 hic,
575 1262 597 1287 o
612 1250 773 1300 judices,
790 1251 1123 1301 Hagnotheusque
1144 1251 1378 1291 familiariter
1392 1267 1452 1291 me
1475 1261 1588 1292 utun-

143 1317 217 1356 tur,
244 1311 374 1361 etjam
394 1311 537 1349 dudum
559 1318 649 1349 ante
675 1317 784 1361 pater
803 1325 934 1349 eorum
962 1325 1114 1363 quoque
1142 1326 1202 1350 me
1224 1314 1362 1364 pariter
1389 1328 1480 1353 usus
1501 1315 1587 1354 fuit.

139 1372 332 1415 Quocirca
350 1380 651 1411 consentaneum
672 1385 757 1410 esse
774 1372 862 1410 mihi
882 1373 1044 1420 videtur,
1071 1387 1131 1412 me
1149 1387 1304 1412 causam
1325 1389 1455 1414 eorum
1471 1390 1585 1427 quam

141 1440 274 1484 potero
296 1433 581 1484 diligentissime
602 1446 727 1484 agere.

166 1518 169 1521 ,
194 1497 231 1532 2.
264 1495 369 1533 Foris
395 1496 524 1546 itaque
552 1501 748 1546 gestorum
781 1501 890 1533 extra
916 1495 1097 1534 ditionem
1125 1497 1293 1535 Atticam
1320 1512 1445 1549 neque
1470 1505 1587 1538 testes

141 1565 303 1609 possunt
321 1557 494 1604 inveniri,
513 1570 650 1608 neque,
672 1557 703 1594 si
723 1557 814 1608 quid
836 1557 1040 1596 adversarii
1069 1559 1119 1596 de
1138 1559 1182 1597 iis
1202 1561 1450 1607 mentiuntur,
1476 1562 1588 1600 facile

140 1625 195 1656 est
210 1631 277 1656 eos
296 1631 517 1669 coarguere,
535 1618 624 1666 quia
643 1617 799 1655 fratrum
822 1631 919 1669 quos
941 1619 1055 1657 modo
1075 1615 1327 1659 nominabam
1337 1629 1471 1661 neuter
1493 1622 1584 1661 illuc

138 1681 333 1731 profectus
363 1687 421 1718 est
453 1680 535 1730 [ubi
558 1679 797 1717 Nicostratus
817 1680 1068 1732 exspiravit]:
1098 1695 1186 1732 quae
1206 1689 1333 1721 autem
1358 1684 1419 1722 hic
1440 1684 1475 1722 in
1493 1686 1584 1723 urbe

137 1753 310 1787 evenere,
338 1741 431 1778 satis
460 1753 506 1778 ea
534 1739 624 1777 mihi
649 1740 823 1778 videntur
849 1741 986 1779 idonea
1015 1754 1100 1779 esse
1130 1742 1365 1781 documenta
1392 1757 1413 1781 e
1445 1745 1591 1795 quibust

137 1808 300 1847 constet,
320 1802 537 1852 quicunque
556 1814 603 1839 ex
630 1801 740 1839 titulo
769 1800 985 1839 donationis
1011 1802 1261 1841 hereditatem
1290 1804 1498 1843 Nicostrati
1517 1819 1583 1856 pe-

138 1869 236 1908 tunt,
253 1875 318 1900 eos
338 1875 477 1900 omnes
490 1862 561 1900 hoc
581 1875 695 1913 agere
714 1869 756 1900 ut
774 1863 881 1900 vobis
901 1863 1111 1913 imponant.
1168 1865 1268 1903 Ante
1295 1866 1423 1904 omnia
1441 1868 1581 1918 itaque,

133 1923 300 1974 judices,
330 1936 468 1960 nomen
497 1923 616 1973 quaeri
645 1936 713 1974 par
746 1930 806 1960 est
836 1924 939 1974 quod
968 1925 1005 1961 in
1029 1925 1168 1964 tabulis
1195 1927 1380 1977 petitoriis
1407 1929 1583 1979 utrinque
1622 1932 1631 1941 ‘

134 1985 276 2022 editum
293 1991 362 2029 est,
384 1992 421 2021 et
440 1984 640 2035 dijudicari
653 1984 726 2022 utri
747 1984 956 2035 simplicius
979 1992 1094 2035 atque
1111 1987 1164 2024 rei
1184 1995 1332 2025 naturae
1353 1990 1579 2028 convenien-

132 2047 208 2084 tius
229 2046 480 2084 hereditatem
499 2046 687 2097 petierint.
747 2047 914 2097 Hagnon
935 2047 1080 2085 scilicet
1099 2048 1161 2086 hic
1180 2056 1295 2100 atque
1325 2051 1578 2102 Hagnotheus

134 2109 237 2161 apud
266 2109 487 2148 archontem
511 2109 671 2160 professi
699 2115 789 2146 sunt
816 2109 1065 2147 hereditatem
1095 2111 1163 2148 abs
1193 2124 1234 2148 se
1262 2112 1341 2162 peti
1371 2112 1585 2151 Nicostrati

134 2173 215 2224 ejus
245 2173 308 2223 qui
338 2172 437 2210 filius
468 2171 751 2223 Thrasymachi*
777 2172 927 2218 fuisset,
955 2172 1279 2224 consobrinosque
1310 2188 1350 2212 se
1370 2175 1453 2226 ejus
1481 2189 1580 2221 esse,

134 2241 328 2284 testesque
361 2233 475 2285 hujus
501 2233 553 2271 rei
582 2233 783 2272 exhibent:
827 2233 1037 2272 Chariades
1066 2241 1192 2272 autem
1219 2235 1378 2287 ejusque
1406 2237 1582 2275 advocati

136 2295 400 2334 Nicostratum
440 2295 608 2346 quidem,
638 2295 705 2333 sed
738 2295 868 2340 alium,
902 2296 939 2332 in
978 2308 1048 2333 suo
1084 2295 1213 2334 libello
1246 2298 1424 2348 petitorio
1458 2299 1580 2336 nomi-

134 2364 286 2403 narunt,
312 2371 398 2395 eum
426 2365 519 2408 puta
547 2357 612 2407 qui
643 2356 779 2394 Smicri
811 2356 912 2394 filius
940 2364 1057 2402 esset,
1087 2363 1126 2396 et
1158 2358 1402 2396 nihilominus
1432 2358 1580 2396 heredi-

134 2426 250 2457 tatem
279 2419 361 2470 ejus
391 2419 611 2464 Nicostrati,
639 2418 703 2469 qui
724 2417 998 2469 Thrasymachi
1029 2417 1126 2457 filius
1153 2419 1236 2465 fuit,
1257 2420 1505 2470 praetendunt
1530 2420 1580 2469 ad

135 2493 177 2518 se
207 2480 407 2530 pertinere.
464 2480 513 2517 Et
541 2480 577 2517 hi
606 2480 773 2530 quidem,
802 2479 970 2530 Hagnon
999 2486 1113 2530 atque
1143 2481 1411 2531 Hagnotheus,
1439 2493 1581 2519 nomen

133 2542 228 2579 illud
255 2542 303 2579 ad
334 2555 374 2579 se
404 2542 608 2592 quicquam
631 2541 754 2579 facere
787 2548 951 2592 negant;
980 2554 1067 2579 nam
1095 2554 1221 2591 neque
1249 2554 1290 2579 se
1315 2542 1580 2580 Nicostratum

133 2603 266 2641 Smicri
295 2602 424 2640 filium.
440 2615 567 2647 nosse,
591 2615 727 2653 neque,
748 2602 778 2640 si
797 2602 912 2640 homo
933 2601 1120 2652 ejusmodi
1149 2615 1318 2652 unquam
1338 2603 1463 2650 fuerit,
1489 2617 1578 2642 eum

131 2664 352 2714 adgentem
372 2677 478 2702 suam
494 2664 620 2702 referri
638 2678 647 2702 ε
678 2665 740 2702 isti
761 2671 887 2703 autem
903 2663 1131 2714 [Chariades
1152 2677 1239 2701 cum
1260 2664 1474 2714 advocatis]
1495 2676 1575 2704 tum

135 2726 269 2762 Smicri
289 2726 404 2762 filium
425 2739 448 2763 a
466 2726 542 2764 filio
557 2725 834 2777 Thrasymachi
857 2725 1048 2762 diversum
1069 2726 1186 2770 aiunt,
1207 2732 1285 2763 tum
1306 2732 1433 2765 tamen
1461 2727 1575 2779 hujus

135 2786 355 2831 Nicostrati,
376 2800 452 2829 non
476 2787 594 2832 illius,
613 2787 862 2825 hereditatem
882 2785 1040 2836 perinde
1061 2793 1197 2836 petunt
1224 2794 1338 2837 atque
1357 2788 1396 2825 hi
1413 2801 1576 2839 quorum

133 2861 206 2899 ego
222 2860 377 2886 causam
394 2860 479 2897 ago.
535 2849 584 2886 Et
599 2848 636 2886 in
655 2848 808 2887 nomine
828 2846 980 2897 quidem
1001 2846 1211 2885 Nicostrati
1231 2849 1426 2900 patrisque
1446 2850 1477 2888 si
1495 2863 1575 2888 arn-

134 2911 255 2948 babus
283 2909 450 2960 partibus
477 2911 707 2955 conveniret,
726 2909 800 2947 hac
821 2921 896 2946 una
921 2907 969 2945 de
995 2920 1033 2946 re
1054 2921 1121 2946 vos
1150 2916 1342 2960 oporteret
1366 2911 1575 2963 disceptare

823 2972 893 3004 ‘Ex
