1870 3277
643 193 718 232 DE
747 191 1193 231 DUODECENNALI.
1562 191 1640 229 485

202 307 326 346 neque
362 295 492 347 copias
529 294 713 347 peditum,
749 296 817 335 sed
850 296 985 346 ingens
1023 293 1267 342 desiderium,
1303 296 1513 346 potentiam
1545 307 1634 335 vero

204 355 384 394 afflictam
408 363 448 394 et
473 356 706 407 depressam.
759 356 858 405 (25.)
886 356 1059 399 Quorum
1083 354 1237 405 quidem
1262 355 1375 394 robur
1401 356 1447 394 ad
1476 356 1636 395 Leuctra

202 417 410 468 periculum
425 418 634 465 concussit,
652 418 716 469 qui
733 417 838 470 prius
858 416 1011 464 quidem
1024 415 1248 466 inexpertus
1266 428 1354 454 cum
1371 423 1473 455 esset
1485 416 1635 456 hostilis

200 479 317 525 tubae,
332 479 492 517 Eurotas
506 479 544 516 in
564 478 755 518 Laconica
766 478 923 516 Boeotos
941 482 1231 516 castrametatos
1250 475 1402 515 habuit:
1431 476 1635 516 Thebanus

200 546 326 577 autem
358 539 504 590 Spartae
537 539 668 578 florem
694 538 908 590 juventutis
940 536 1119 583 attundit,
1152 543 1191 575 et
1219 540 1403 586 juvenum
1437 537 1636 576 Laconicae

200 602 442 652 praescriptos
462 601 641 639 terminos
670 601 857 639 cineribus
884 599 1100 638 conclusos.
1155 599 1255 648 (26.)
1283 597 1446 636 Nostros
1461 612 1549 638 vero
1576 611 1638 651 ερ-

201 671 357 714 paratus
376 663 518 702 bellum
538 662 790 713 consumpsit,
805 669 844 701 et
858 675 964 713 spem
981 660 1226 713 superstitum
1240 668 1471 699 mortuorum
1484 661 1638 712 jactura

199 725 456 763 labefactavit.
508 725 608 774 (27.)
636 723 809 761 Thebani
832 736 919 761 vero
951 723 1158 761 maximum
1182 721 1387 768 vinculum,
1417 722 1635 772 praesidium

200 785 345 823 scilicet
357 784 614 823 Macedonum
629 784 866 829 obtinebant,
877 796 953 834 quo
965 796 1042 822 non
1056 783 1180 821 solum
1194 795 1330 821 manus
1344 782 1637 830 adstrinxerant,

201 846 269 884 sed
284 846 396 884 etiam
412 845 565 885 dicendi
588 845 801 884 libertatem
827 845 1072 883 auferebant:
1103 844 1374 882 Thebanorum
1399 844 1498 882 enim
1522 845 1637 882 robur

202 914 350 958 tempus
366 921 441 945 una
465 920 551 946 cum
574 906 850 958 Epaminondae
875 919 1011 958 corpus
1035 906 1220 956 sepelivit.
1277 906 1375 956 (28.)
1403 905 1637 943 Macedones

199 981 288 1006 vero
303 969 523 1020 corporibus
542 968 765 1014 floruerunt,
781 981 877 1019 quos
892 969 1005 1006 etiam
1024 980 1092 1019 spe
1108 967 1158 1005 ad
1172 967 1370 1005 thesauros
1384 973 1423 1005 et
1433 967 1636 1005 Persarum

201 1037 353 1080 sceptra
376 1030 527 1067 fortuna
547 1030 839 1068 transmittebat.
895 1031 993 1079 (29.)
1022 1029 1133 1067 Tunc
1160 1029 1329 1067 similiter
1355 1028 1638 1066 Demosthenes

198 1091 340 1128 bellum
364 1092 635 1143 comprobavit,
656 1091 869 1129 nominibus
886 1091 1042 1142 quidem
1069 1091 1295 1142 speciosum,
1314 1091 1425 1129 rebus
1445 1102 1533 1128 vero
1557 1103 1636 1128 non

200 1152 366 1190 salutare
386 1153 585 1191 consilium
604 1152 792 1190 tribuens:
822 1153 919 1200 (30.)
937 1152 1036 1190 sicut
1061 1165 1150 1190 vero
1182 1152 1221 1189 in
1250 1151 1463 1203 propinquo
1491 1151 1635 1190 Atticae

199 1215 337 1259 stabat,
357 1214 536 1264 regioque
556 1214 656 1251 intra
674 1214 807 1251 urbem
825 1213 1105 1260 continebatur,
1126 1220 1164 1251 et
1183 1213 1316 1251 civitas
1334 1212 1399 1250 illa
1417 1212 1535 1263 digna
1554 1225 1636 1251 cer-

199 1275 341 1312 tamine
360 1281 399 1312 et
416 1275 513 1312 inter
532 1287 663 1313 omnes
690 1274 915 1312 admiranda
941 1275 1065 1312 bobus
1085 1274 1340 1324 omnibusque
1359 1281 1397 1312 et
1416 1273 1498 1312 aliis
1518 1287 1635 1325 peco-

199 1335 304 1374 ribus
332 1336 468 1374 stabuli
494 1336 614 1373 instar
639 1335 914 1386 complebatur,
938 1335 1066 1373 auxilii
1092 1348 1181 1373 vero
1211 1349 1299 1387 spes
1325 1335 1432 1373 nulla
1452 1348 1498 1373 ex
1528 1341 1635 1386 parte

199 1398 421 1449 affulgebat‚
441 1411 575 1449 pacem
591 1398 814 1448 conscripsi.
870 1399 970 1447 (31.)
999 1398 1150 1444 Fateor,
1168 1398 1282 1448 idque
1297 1411 1357 1436 me
1372 1405 1459 1450 apte
1475 1398 1635 1436 utiliter-

195 1473 270 1511 que
297 1460 520 1510 praestitisse
550 1471 703 1497 assero:
733 1459 977 1496 incubantem
1009 1459 1109 1496 enim
1141 1458 1280 1496 vitasse
1309 1459 1447 1497 nubem
1481 1467 1637 1509 praestat

197 1534 312 1571 quam
331 1520 545 1558 vehementi
574 1520 692 1571 abripi
713 1526 893 1558 torrente.
947 1520 1049 1567 (32.)
1077 1520 1205 1561 Quare
1231 1526 1534 1558 consentaneum
1562 1528 1635 1567 est,

201 1583 472 1628 Athenienses,
487 1581 632 1620 nullam
648 1581 737 1619 mihi
752 1594 798 1619 ex
815 1581 887 1618 illis
907 1581 1021 1619 rebus
1036 1580 1219 1631 reliquam
1234 1594 1301 1631 per
1314 1594 1383 1620 vos
1399 1594 1638 1621 succrescere

196 1643 442 1682 inimicitiam.
499 1643 591 1680 Non
616 1642 717 1680 enim
743 1655 816 1692 ego
844 1641 1038 1680 fortunam
1063 1655 1216 1693 supero,
1246 1649 1290 1680 ut
1321 1643 1474 1681 fortuna
1504 1644 1636 1691 vitam,

197 1719 265 1756 per
283 1718 395 1756 quam
414 1705 453 1742 in
472 1704 641 1756 periculo
661 1703 916 1742 constituitur.
973 1705 1076 1753 (33.)
1096 1703 1308 1742 Consilium
1332 1717 1421 1742 vero
1447 1704 1571 1752 decet,
1593 1713 1636 1744 ut

199 1767 404 1812 medicum,
427 1779 503 1804 non
530 1765 651 1804 morbi
677 1778 834 1804 causam
859 1765 1055 1811 exsistere,
1082 1765 1152 1804 sed
1172 1765 1303 1804 salutis
1322 1767 1483 1817 gratiam
1503 1781 1638 1819 repen-

199 1829 302 1866 dere.
357 1827 453 1877 (34.)
485 1828 546 1866 De
571 1828 736 1865 externis
772 1827 885 1878 igitur
911 1827 1037 1866 causis
1071 1833 1193 1866 certas
1227 1828 1434 1866 sententias
1467 1842 1635 1880 pronun-

199 1891 349 1935 tiantes,
364 1889 495 1926 leviter
510 1902 576 1939 per
595 1901 696 1927 meas
711 1902 771 1926 res
791 1888 934 1926 nudam
948 1902 1032 1927 esse
1052 1889 1225 1940 rempub.
1246 1889 1501 1940 conspicietis.
1537 1892 1639 1941 (35.)

199 1951 296 1989 Post
315 1951 399 1988 haec
413 1951 547 1988 iterum
561 1950 710 1988 tertium
728 1950 974 2000 omniumque
988 1950 1250 1989 difficillimum
1265 1950 1478 2001 periculum
1497 1953 1638 1992 civitati

198 2012 447 2064 injiciebatur,
465 2024 543 2049 non
562 2011 723 2062 amplius
743 2024 765 2048 a
789 2011 942 2049 fortuna
965 2011 1187 2057 immissum,
1207 2011 1275 2050 sed
1295 2012 1342 2049 ab
1361 2012 1571 2052 oratoribus
1591 2029 1636 2055 eo

199 2073 282 2124 ipso
309 2080 478 2123 tempore
507 2079 781 2124 comparatum.
837 2073 936 2122 (36.)
966 2073 1122 2111 Mecum
1150 2072 1266 2110 etiam
1291 2085 1415 2110 rerum
1447 2082 1637 2124 gestarum

199 2134 463 2179 recordamini,
479 2134 634 2184 quando
650 2133 931 2172 Demosthenes
943 2145 982 2173 et
998 2135 1197 2186 Lycurgus
1217 2135 1453 2174 Macedones
1468 2138 1638 2177 oratione

199 2196 238 2232 in
263 2195 343 2234 acie
364 2195 614 2241 collocarunt,
639 2195 703 2245 qui
730 2196 767 2232 in
786 2195 961 2233 Triballis
981 2196 1200 2241 vincebant,
1230 2198 1330 2246 (37.)
1349 2197 1471 2235 solum
1492 2212 1580 2236 vero
1598 2200 1636 2237 in

200 2263 385 2308 suggestu
404 2264 593 2294 mortuum
614 2257 877 2295 Alexandrum
899 2258 969 2295 sub
988 2264 1235 2310 conspectum
1248 2271 1326 2296 non
1350 2258 1640 2307 constituerunt,

200 2319 237 2356 in
266 2318 408 2369 populo
434 2331 523 2355 vero
551 2325 763 2369 praesentes
791 2319 995 2357 Thebanos
1021 2319 1232 2358 commodis
1264 2320 1385 2357 verbis
1412 2321 1637 2366 mulcentes,

202 2380 375 2418 exsulum
408 2381 555 2418 animos
576 2393 642 2431 per
675 2393 778 2431 spem
809 2380 991 2419 libertatis
1024 2389 1221 2426 acuerunt,
1248 2394 1307 2418 me
1328 2395 1416 2420 vero
1436 2381 1578 2419 tristem
1599 2390 1636 2421 et

202 2454 358 2480 moerore
377 2442 592 2480 confectum
611 2438 926 2494 esse‘profitebar,
944 2455 1017 2482 con
1032 2443 1333 2482 consentientem
1389 2443 1408 2464 '⁸
1463 2443 1482 2463 ³¹*
1538 2443 1561 2467 ³*
