1870 3277
262 176 333 211 136
850 178 1132 215 lSOCRA'l'ls

258 278 346 314 dine
365 276 420 314 vel
438 276 588 324 justitia
605 277 663 314 vel
681 277 866 328 sapientia
888 292 962 316 non
986 286 1075 317 sunt
1095 277 1260 329 praedita
1281 277 1401 314 multa
1418 278 1588 316 invenias
1605 278 1728 316 hono-

256 345 338 376 rata
358 338 482 388 magis
502 350 616 388 quam
641 352 954 390 unamquamque
974 340 1108 377 harum
1129 339 1327 383 virtutum,
1344 352 1472 377 eorum
1491 347 1621 377 autem
1637 352 1726 390 quae

254 399 511 450 pulcritudine
527 400 790 437 destituuntur
806 400 896 438 nihil
914 400 1034 451 diligi,
1048 401 1116 438 sed
1134 400 1329 438 contemni
1348 400 1475 451 potius
1492 400 1621 438 onmia
1637 414 1725 450 quae

256 461 371 511 liujus
391 461 479 499 boni
501 461 670 511 expertia
690 469 794 506 sunt,
810 469 849 499 et
869 463 1045 499 virtutem
1068 475 1113 500 eo
1135 461 1378 512 potissimum
1400 461 1599 506 celebrari,
1619 461 1723 511 quod

254 523 426 561 omniurn
453 523 649 560 actionum
681 523 938 573 pulcherrima
967 524 1027 568 sit,
1060 525 1306 574 reperiemus.
1365 524 1562 564 Quantum
1595 530 1725 560 autern

255 584 481 635 pulcritudo·
503 584 711 621 antecellat
739 585 919 622 omnibus
950 585 1080 629 rebus,
1112 598 1132 621 e
1164 586 1302 622 nostris
1337 582 1608 622 affectionibus
1633 596 1727 634 erga

254 647 444 685 formosos
465 654 593 697 potest
612 647 788 697 intelligi.
848 647 947 684 Nam
969 647 1119 684 coeteris
1140 648 1269 691 rebus,
1287 659 1448 694 quarum
1472 658 1565 683 usus
1586 645 1725 696 aliquis

254 709 366 746 nobis
393 721 480 746 esse
507 714 648 758 potest,
668 715 819 745 tantum
847 708 959 759 potiri
991 708 1183 752 volumus,
1208 709 1322 747 animi
1349 722 1439 747 vero
1469 709 1726 759 propensione

254 771 414 808 ulterius
444 770 548 807 haud
578 771 871 821 progredimur:
902 777 941 808 at
966 771 1185 821 pulcrorum
1219 785 1326 809 amor
1361 779 1496 809 natura
1526 771 1636 808 nobis
1667 778 1728 808 est

252 832 405 877 insitus,
425 832 537 883 cujus
558 838 667 870 tanto
687 832 851 883 majores
876 833 971 870 vires
992 840 1083 870 sunt
1101 846 1217 883 quam
1237 840 1279 870 ut
1300 832 1536 871 deliberandi
1559 833 1726 883 spatium

253 895 441 945 praebeat,
463 901 610 944 quanto
638 907 697 931 res
729 895 815 944 ipsa
842 900 903 931 est
930 897 1190 944 praestantior.
1249 895 1304 932 Ac
1333 894 1376 931 iis
1405 894 1559 943 quidem
1583 893 1646 943 qui
1669 892 1729 930 vel

251 955 442 1005 sapientia
461 954 518 992 vel
541 955 615 992 alia
634 955 814 1005 quapiam
838 955 1022 992 facultate
1049 956 1276 1005 praecellunt
1301 955 1532 999 invidemus,
1556 954 1628 992 nisi
1657 967 1728 992 nos

253 1016 487 1067 quotidianis
518 1016 714 1054 beneficiis
747 1016 917 1053 alliciant
945 1023 984 1053 et
1014 1016 1072 1053 sui
1102 1029 1270 1053 amorem
1302 1015 1413 1065 qnasi
1444 1022 1728 1065 extorqueant:

254 1078 431 1115 formosis
451 1084 581 1115 autem
602 1091 622 1114 e
643 1077 764 1127 primo
786 1077 913 1114 statim
936 1077 1127 1127 adspectu
1149 1075 1418 1114 benevolentia
1444 1076 1728 1126 conjungimur,

254 1147 294 1177 et
327 1139 431 1176 solos
464 1151 531 1176 eos
560 1138 893 1188 quemadmodum
928 1139 1023 1175 deos
1054 1138 1218 1176 colendo
1251 1151 1327 1174 non
1357 1137 1626 1187 defatigamur,
1657 1138 1725 1175 sed

253 1200 436 1238 libentius
470 1200 523 1237 eis
556 1200 785 1237 inservimus
818 1213 935 1251 quam
969 1201 1050 1237 aliis
1082 1201 1329 1250 imperamus,
1359 1199 1623 1249 majoremque
1652 1199 1727 1237 illis

255 1262 416 1313 gratiam
437 1260 626 1298 habemus
653 1261 682 1298 si
712 1262 833 1299 multa
861 1262 1051 1313 imperent
1081 1275 1196 1312 quam
1227 1261 1256 1298 si
1287 1261 1379 1298 nihil
1410 1261 1628 1298 faciendum
1661 1261 1729 1298 de-

254 1324 447 1361 nuntient.
505 1323 594 1360 Jam
615 1322 643 1360 si
666 1324 731 1373 qui
751 1323 860 1361 alteri
882 1324 1045 1374 cuipiam
1069 1323 1343 1374 praecellentiae
1364 1322 1517 1359 obnoxii
1541 1329 1644 1366 sunt,
1661 1335 1726 1360 eos

253 1388 491 1425 insectamur
520 1394 558 1424 et
585 1386 809 1424 adulatores
845 1387 1101 1432 nominamus,
1128 1398 1260 1423 servos
1293 1393 1421 1422 autem
1454 1385 1726 1435 pulcritudinis

253 1448 455 1498 elegantes
475 1455 514 1485 et
533 1447 739 1485 industrios
761 1448 1038 1486 existimamus.
1096 1448 1220 1485 Tanta
1238 1446 1405 1496 denique
1424 1446 1567 1497 pletate
1583 1453 1621 1484 et
1635 1459 1729 1484 cura

251 1510 416 1548 formam
445 1509 752 1560 complectimur,
776 1517 831 1556 ut,
852 1511 882 1547 si
903 1511 968 1560 qui
995 1511 1246 1548 formosorum
1275 1509 1377 1546 malo
1404 1508 1565 1547 consilio
1593 1509 1726 1546 florem

252 1573 377 1610 aetatis
397 1572 675 1623 prostituerint,
697 1572 885 1610 severiore
907 1586 1073 1610 censura
1093 1578 1273 1610 notemus
1293 1585 1408 1621 quam
1430 1584 1497 1608 eos
1517 1571 1582 1622 qui
1603 1571 1728 1610 aliena

252 1647 416 1685 corpora
445 1634 661 1672 violarunt:
692 1634 757 1684 qui
782 1647 871 1672 vero
899 1635 952 1672 ita
979 1647 1088 1671 suam
1117 1634 1278 1671 formam
1307 1632 1547 1677 custodiunt,
1571 1639 1614 1670 ut
1641 1641 1728 1670 tan·
1784 1644 1789 1647 ⁴

251 1709 367 1746 quam
388 1695 426 1732 in
446 1696 635 1747 templum
657 1695 786 1733 nullus
808 1695 990 1746 improbis
1018 1703 1151 1745 pateat·
1178 1695 1320 1739 aditus,
1341 1707 1407 1732 eos
1436 1695 1586 1745 reliqua
1611 1701 1726 1733 aetate

250 1757 411 1809 perinde
432 1770 476 1795 ac
499 1758 529 1794 si
550 1757 618 1794 toti
641 1757 784 1795 civitati
805 1756 1093 1794 benefecissent
1113 1757 1362 1794 honoramus.

307 1819 374 1856 26.
407 1819 456 1856 Et
487 1818 577 1869 quid
607 1832 705 1869 opus
734 1826 794 1856 est
821 1818 1001 1855 humanis
1034 1816 1279 1867 opinionibus
1311 1816 1561 1854 recensendis
1590 1816 1726 1855 immo-

253 1879 356 1917 rari?
385 1893 505 1930 quum
534 1880 686 1929 Jupiter
715 1880 882 1929 optimus
910 1879 1099 1916 maximus
1120 1879 1159 1915 in
1181 1878 1265 1915 aliis
1291 1877 1504 1928 potentiam
1527 1891 1635 1916 suam
1658 1878 1725 1917 de·-

253 1948 458 1988 monstret,
479 1941 528 1978 ad
550 1940 848 1991 pulcritudinem
870 1953 961 1977 vero
981 1939 1114 1977 humili
1137 1952 1305 1989 persona
1325 1946 1508 1989 suscepta
1534 1940 1727 1977 acceden—

252 2002 345 2040 dum
371 2015 459 2039 esse
486 2009 658 2039 censeat.
716 2000 987 2052 Amphitryoni
1010 2000 1109 2037 enim
1131 2001 1254 2037 factus
1275 1999 1406 2037 similis
1429 2000 1478 2037 ad
1499 2000 1726 2039 Alcmenam

250 2065 369 2108 venit,
386 2064 425 2101 in
445 2076 602 2101 aureum
623 2063 782 2100 imbrem
803 2070 974 2100 mutatus
995 2075 1083 2100 cum
1107 2062 1243 2099 Danae
1264 2074 1500 2110 congressus
1522 2068 1595 2107 est,
1612 2061 1727 2100 oloris

250 2126 375 2176 figura
389 2128 426 2163 in
441 2125 567 2163 sinum
585 2125 764 2162 Nemesis
781 2125 970 2175 confugit,
986 2133 1100 2175 atque
1116 2125 1253 2162 iterum
1269 2124 1442 2172 ejusdem
1458 2124 1538 2162 avis
1555 2125 1726 2175 speciem

251 2201 371 2237 quum
390 2187 550 2224 haberet
574 2186 717 2224 Ledam
734 2186 805 2224 sibi
822 2186 1030 2237 despondit
1046 2200 1055 2229 ;
1088 2186 1260 2236 denique
1278 2198 1430 2235 semper
1446 2191 1529 2222 arte
1545 2187 1724 2237 quapiam

250 2261 449 2299 nunquam
484 2248 520 2284 vi
550 2247 667 2285 talem
699 2255 876 2285 naturam
908 2260 995 2284 eum
1028 2254 1298 2284 consectatum
1331 2258 1418 2283 esse
1448 2253 1617 2284 constat.
1676 2248 1728 2285 Et

253 2311 359 2362 apud
379 2311 474 2348 deos
494 2309 617 2347 forma
638 2316 747 2347 tanto
767 2317 827 2347 est
847 2322 962 2359 quam
984 2307 1089 2360 apud
1110 2321 1181 2345 nos
1201 2307 1437 2353 honoratior,
1454 2315 1496 2344 ut
1513 2309 1628 2346 etiam
1647 2309 1724 2347 suis

252 2372 435 2410 uxoribus
456 2383 577 2422 quum
597 2370 645 2408 ab
665 2384 711 2408 ea
729 2370 937 2408 vincuntur
962 2370 1191 2420 ignoscant:
1223 2369 1433 2418 multaeque
1463 2368 1622 2407 dearum
1653 2370 1724 2407 im·-

250 2433 471 2471 mortalium
498 2432 658 2484 proferri
683 2441 862 2482 possunt,
883 2444 970 2481 quae
997 2444 1116 2481 quum
1143 2430 1324 2468 humanae
1344 2429 1477 2466 formae
1498 2432 1724 2469 succumbe-

250 2502 347 2541 rent,
368 2501 517 2533 tantum
538 2493 661 2532 abfuit
679 2500 723 2531 ut
743 2493 823 2531 ulla
842 2505 922 2530 rem
943 2506 1027 2530 eam
1057 2492 1127 2530 sibi
1152 2491 1335 2530 dedecori
1363 2504 1450 2528 esse
1475 2497 1632 2541 putaret
1658 2499 1725 2530 aut

250 2556 351 2594 clam
382 2556 524 2594 habere
552 2555 737 2600 studeret,
769 2561 812 2592 ut
846 2560 1032 2604 tanquam
1062 2566 1102 2591 re
1132 2554 1231 2590 bene
1260 2566 1306 2590 ac
1336 2551 1582 2590 laudabiliter
1612 2560 1725 2602 gesta

250 2617 405 2669 hymnis
432 2616 617 2655 celebrari
643 2616 772 2667 potius
798 2628 914 2666 quam
943 2615 1046 2653 sileri
1073 2614 1276 2652 voluerint.
1336 2613 1461 2664 Cujus
1489 2614 1542 2651 rei
1568 2613 1724 2664 signum

249 2680 346 2718 illud
376 2680 704 2718 evidentissimum
735 2686 817 2717 est:
845 2677 949 2729 quod
977 2678 1106 2728 plures
1133 2677 1183 2714 ob
1210 2677 1343 2713 formae
1366 2675 1632 2726 praestantiam
1652 2676 1724 2714 im-

250 2741 526 2780 mortalitatem
555 2741 720 2792 adeptos
754 2753 841 2778 esse
873 2739 1018 2778 scimus
1046 2750 1160 2788 quam
1190 2744 1346 2789 propter
1369 2736 1531 2774 virtutes
1559 2744 1723 2776 caeteras

247 2804 464 2843 universas.

304 2866 371 2903 27.
391 2864 543 2909 Quibus
559 2863 714 2902 Helena
732 2869 840 2902 tanto
861 2861 1016 2901 meliore
1035 2861 1258 2900 conditione
1275 2861 1361 2907 fuit,
1374 2867 1521 2912 quanto
1538 2859 1591 2898 eis
1606 2861 1722 2899 etiam

250 2928 351 2967 faeie
384 2927 572 2980 praestitit.
631 2926 722 2966 Non
744 2926 847 2966 enim
873 2924 1202 2965 immortalitatem
1222 2928 1374 2962 tantum
1397 2923 1540 2973 adepta
1559 2927 1633 2969 est,
1653 2920 1723 2960 sed
