1870 3277
616 183 1047 221 AREOPAGITICA.
1509 179 1560 215 95

101 287 349 337 ccccc-cives
370 286 517 324 indicta
535 299 653 325 causa
673 285 911 330 occiderunt,
926 285 1040 334 inque
1058 283 1247 321 Piraeeum
1269 281 1433 333 amplius
1451 280 1560 332 quin-

99 361 174 398 que
193 348 312 385 millia
330 348 464 398 fugere
485 356 720 398 coegerunt:
751 347 788 384 hi
805 353 934 384 autem
955 344 1158 384 consecuti
1173 344 1369 382 victoriam
1387 350 1425 381 et
1445 342 1560 380 armis

97 416 324 460 recuperata
345 410 476 459 patria,
498 422 577 446 non
597 408 670 445 nisi
687 407 967 445 nocentissimis
987 420 1007 444 e
1029 405 1156 443 medio
1175 403 1349 449 sublatis,
1365 417 1454 441 suas
1470 417 1561 442 con-

97 472 298 509 troversias
321 484 367 510 ea
389 471 649 509 moderatione
676 470 888 507 animorum
913 474 955 515 et,
970 467 1154 518 aequitate
1184 473 1499 516 composuerunt,
1519 471 1563 502 ut

100 534 164 583 qui
183 540 343 571 caeteros
364 534 557 585 ejecerant
575 531 714 582 aequali
728 531 815 582 jure
835 543 924 568 cum
952 530 996 567 iis
1015 529 1189 567 viverent
1214 527 1279 577 qui
1308 529 1392 564 sese
1412 526 1483 577 ipsi
1505 540 1560 564 re-

101 602 329 632 stituissent.

154 658 220 693 28.
251 656 351 693 Illud
372 662 474 693 certe
493 655 702 693 maximum
724 660 785 692 est
803 660 841 691 et
859 653 1156 705 pulcherrimum
1185 650 1375 701 aequitatis
1397 657 1436 687 et
1456 662 1562 686 man-

102 716 314 754 suetudinis
334 716 465 767 populi
486 723 776 766 argumentum:
807 729 894 753 nam
915 715 958 752 iis
975 714 1040 764 qui
1060 713 1098 750 in
1117 713 1209 749 urbe
1226 718 1488 750 remanserant
1506 717 1564 748 ta-

100 776 205 814 lenta
220 789 240 813 c
262 790 284 814 a
298 777 602 815 Lacedaemoniis
623 777 672 814 ad
692 789 758 814 eos
778 776 1014 813 obsidendos
1032 774 1096 825 qui
1117 774 1306 810 Piraeeum
1329 778 1567 825 occuparant

102 838 301 887 mutuatis,
316 838 461 876 indicta
474 839 522 876 de
540 838 739 876 reddenda
755 838 916 888 pecunia
930 837 1131 880 concione,
1151 848 1269 885 quum
1284 827 1395 871 multi
1410 846 1565 884 aequum

103 912 188 946 esse
208 899 383 938 dicerent
402 906 445 937 ut
466 899 769 937 Lacedaemoniis
797 899 1068 937 satisfacerent
1088 910 1164 934 non
1184 897 1208 934 ii
1233 896 1297 946 qui
1324 895 1566 933 obsidionem

101 960 333 999 tolerassent
352 961 421 999 sed
448 962 514 1011 qui
542 969 676 999 mutuo
704 961 972 1011 sumpsissent,
992 959 1157 1009 populus
1180 965 1221 995 ut
1241 956 1498 995 communiter
1519 957 1566 993 ab

103 1023 279 1061 omnibus
299 1023 438 1061 solutio
454 1024 560 1062 fieret
579 1023 761 1061 decrevit.
823 1021 1030 1058 Enimvero
1049 1034 1166 1071 quum
1188 1010 1246 1057 his
1267 1019 1402 1056 animis
1422 1025 1566 1064 essent,

102 1084 141 1122 in
162 1091 308 1122 tantam
328 1098 397 1122 nos
418 1084 667 1122 concordiam
687 1083 919 1134 redegerunt
940 1089 977 1120 et
999 1082 1054 1119 sic
1072 1080 1345 1131 rempublicam
1364 1085 1568 1123 auxerunt,

104 1153 148 1184 ut
168 1146 463 1192 Lacedaemonii,
484 1146 548 1196 qui
569 1146 605 1183 in
626 1145 841 1195 oligarchia
859 1143 1020 1194 singulis
1038 1143 1115 1180 fere
1135 1142 1272 1179 diebus
1290 1142 1401 1179 nobis
1422 1140 1570 1190 aliquid

105 1208 362 1259 imperabant,
393 1209 430 1245 in
462 1207 696 1245 democratia
727 1206 923 1257 supplices
956 1212 1109 1242 orarent
1139 1217 1186 1241 ne
1218 1216 1257 1241 se
1290 1204 1330 1253 [a
1358 1201 1569 1249 Thebanis]

106 1269 281 1307 funditus
305 1265 728 1319 exscindi'pateremur.
786 1267 847 1304 Ad
869 1279 1056 1304 summam
1084 1266 1260 1314 utrisque
1290 1264 1363 1301 hoc
1393 1262 1569 1314 proposi-

106 1339 200 1374 tum,
219 1330 294 1368 hoc
315 1330 568 1368 constitutum
589 1342 634 1367 ac
661 1328 914 1366 deliberatum
936 1327 1027 1370 fuit3
1061 1332 1102 1363 ut
1132 1325 1240 1363 alteri
1271 1324 1418 1362 civibus
1450 1324 1571 1374 impe-

106 1404 206 1436 rare,
228 1391 404 1429 hostibus
425 1392 569 1429 servire
589 1390 747 1436 vellent,
769 1389 879 1427 alteri
896 1388 979 1426 aliis
1001 1388 1201 1438 imperare,
1222 1400 1310 1424 cum
1327 1386 1472 1424 civibus
1490 1386 1571 1437 pari

108 1459 147 1491 et
161 1466 273 1504 aequo
287 1453 376 1504 jure
394 1453 517 1491 vivere
533 1453 746 1491 studerent.

162 1516 227 1552 29.
260 1515 360 1553 Haec
381 1514 532 1553 duabus
550 1515 597 1552 de
618 1514 745 1552 causis
767 1513 957 1559 recensui,
980 1512 1144 1563 primum
1175 1518 1216 1549 ut
1242 1509 1489 1561 ostenderem
1512 1522 1571 1548 me

109 1589 181 1614 nec
201 1576 420 1627 oligarchiae
440 1589 514 1614 nec
535 1576 647 1613 ullius
668 1576 821 1623 injustae
854 1574 1116 1625 praerogativae
1148 1585 1345 1611 suasorem
1377 1584 1478 1616 esse,
1502 1571 1572 1609 sed

108 1638 385 1688 rempublicam
408 1638 556 1688 justam
584 1644 623 1675 et
642 1637 856 1675 modestam
879 1636 1121 1678 desiderare3
1154 1634 1296 1672 deinde
1318 1640 1360 1670 ut
1379 1634 1571 1684 perspice-

109 1706 212 1737 retur
232 1706 272 1737 et
290 1700 390 1737 male
409 1699 640 1737 constitutas
656 1698 914 1736 democratias
931 1697 1132 1748 pauciores
1149 1697 1304 1746 gignere
1319 1695 1574 1741 calamitates,

111 1767 151 1799 et
170 1774 235 1798 eas
257 1774 344 1811 quae
362 1761 462 1798 bene
480 1760 795 1798 administrantur
816 1759 889 1797 hoc
910 1758 994 1809 ipso
1015 1756 1205 1795 excellere
1220 1756 1321 1806 quod
1342 1764 1379 1793 et
1393 1756 1574 1806 justiores

111 1822 189 1860 sint
208 1830 246 1860 et
265 1822 508 1860 humaniores
524 1830 563 1860 et
582 1822 726 1859 civibus
742 1821 1010 1871 jucundiores.

167 1886 230 1922 30.
262 1884 339 1922 Sed
362 1883 499 1935 aliquis
519 1884 684 1922 fortasse
711 1883 924 1929 mirabitur,
945 1881 1037 1932 quid
1058 1881 1094 1918 in
1117 1886 1286 1917 mentem
1308 1878 1398 1916 mihi
1419 1879 1577 1925 venerit,

114 1946 179 1997 qui
197 1946 306 1984 vobis
333 1952 468 1984 auctor
494 1958 580 1984 esse
607 1958 685 1982 non
712 1944 885 1982 dubitem
919 1943 1002 1994 ejus
1028 1941 1179 1992 reipub.
1201 1953 1288 1990 quae
1308 1947 1415 1978 tanta
1435 1947 1474 1978 et
1498 1947 1575 1978 tam

112 2008 297 2058 praeclara
314 2007 448 2045 fecerit
466 2006 678 2051 mutandae,
693 2005 787 2043 alias
801 2011 1001 2055 tantopere
1014 2002 1286 2041 democratiam
1303 2001 1469 2047 laudem,
1481 2001 1578 2039 alias

115 2077 258 2107 temere
280 2075 429 2107 mutata
448 2081 598 2107 rursum
620 2068 809 2106 sententia
828 2073 1058 2119 praesentem
1079 2071 1222 2103 statum
1244 2064 1435 2114 increpem
1456 2071 1496 2101 et
1524 2077 1580 2102 re-

115 2132 365 2183 prehendam.

171 2196 234 2232 31.
266 2195 351 2246 Ego
371 2207 460 2233 vero
480 2194 595 2233 etiam
621 2195 791 2247 privatos
810 2194 1002 2239 homines,
1023 2194 1088 2244 qui
1109 2206 1233 2244 panca
1262 2197 1365 2229 recte
1386 2197 1520 2241 agunt,
1541 2192 1579 2228 in

117 2255 248 2293 multis
271 2255 513 2306 delinquunt,
533 2268 674 2294 accuso
697 2263 736 2294 et
754 2256 963 2294 deteriores
984 2255 1160 2293 existimo
1180 2267 1295 2304 quam
1325 2253 1480 2290 deceat:
1513 2266 1579 2290 eos

117 2317 224 2364 item,
243 2318 309 2368 qui
329 2331 374 2355 ex
395 2318 649 2368 integerrimis
670 2318 758 2354 viris
779 2318 859 2355 nati
880 2317 1099 2355 hominibus
1120 2315 1364 2367 nequissimis
1384 2322 1423 2352 et
1441 2315 1580 2365 impro-

118 2379 283 2429 bissimis
303 2379 418 2430 paulo
437 2379 592 2430 quidem
613 2379 810 2430 probiores
830 2385 936 2427 sunt,
957 2379 1026 2416 sed
1047 2391 1070 2416 a
1088 2378 1227 2416 virtute
1248 2383 1448 2427 parentum
1466 2375 1582 2426 longe

120 2441 417 2492 degenerarunt,
439 2441 628 2492 vitupero,
647 2453 790 2491 eosque
810 2440 975 2478 monitos
999 2440 1114 2477 velim
1145 2446 1188 2476 ut
1215 2439 1310 2476 tales
1341 2438 1513 2488 praebere
1543 2450 1583 2475 se

121 2502 365 2541 desisterent.
423 2503 530 2541 Idem
552 2509 592 2540 et
611 2501 660 2539 de
681 2508 782 2539 statu
804 2502 963 2552 publico
984 2502 1127 2540 sentio:
1158 2501 1293 2551 opinor
1314 2498 1415 2536 enim
1436 2497 1583 2536 nullam

122 2564 232 2603 nobis
252 2577 408 2602 causam
429 2577 514 2602 esse
535 2576 602 2602 cur
624 2563 889 2615 superbiamus
912 2569 950 2600 et
970 2563 1153 2613 praeclare
1172 2561 1376 2598 nobiscum
1395 2559 1457 2609 agi
1477 2566 1586 2610 pute-

124 2638 222 2672 mus,
240 2626 271 2663 si
291 2625 406 2677 paulo
425 2626 544 2677 major
574 2625 623 2663 sit
650 2625 754 2676 apud
779 2638 850 2663 nos
871 2625 1002 2676 legum
1022 2623 1237 2662 reverentia
1257 2634 1370 2672 quam
1393 2620 1493 2673 apud
1514 2621 1584 2661 ho-

124 2688 246 2726 mines
264 2688 349 2726 illos
371 2688 538 2726 nefarios
571 2695 609 2725 et
635 2688 808 2734 insanos,
830 2688 898 2725 sed
920 2687 1111 2737 indignari
1140 2686 1266 2736 potius
1292 2697 1337 2722 ac
1365 2697 1467 2735 aegre
1487 2685 1585 2722 ferre

127 2749 312 2799 debemus
334 2763 403 2788 nos
424 2750 631 2802 majoribus
659 2750 798 2788 nostris
829 2763 914 2787 csse
935 2748 1166 2786 deteriores:
1198 2759 1268 2783 nec
1289 2746 1389 2783 enim
1410 2759 1499 2783 curu
1520 2746 1586 2783 tri-

128 2810 235 2860 ginta
262 2817 510 2858 tyrannorum
539 2811 796 2862 improbitate,
819 2811 887 2848 sed
916 2823 1004 2848 cum
1026 2809 1163 2846 horum
1191 2808 1330 2845 virtute
1358 2807 1586 2845 certandum

129 2871 239 2908 nobis
259 2878 331 2916 est,
351 2873 561 2923 praesertim
576 2886 694 2924 quum
715 2873 889 2911 bonitate
910 2870 1094 2909 universis
1117 2869 1340 2908 mortalibus
1361 2882 1431 2907 nos
1452 2869 1589 2907 deceat

131 2931 371 2971 antecellere.
