1870 3277
245 184 296 220 66
834 184 1125 222 ISOCRATIS

246 297 285 326 ct
305 288 454 326 bellicae
475 289 529 326 rei
550 288 747 339 imperitos
768 288 942 339 luxuque
963 290 1151 340 perditos,
1173 289 1240 327 viri
1263 289 1341 326 nati
1364 289 1441 327 sint
1461 289 1524 339 qui
1546 301 1586 326 se
1609 288 1719 325 Grae-

246 351 317 387 ciae
338 350 478 401 dignos
506 349 663 401 imperio
683 358 928 396 censuerunt,
952 351 1182 389 Graecorum
1204 351 1394 388 neminem
1421 364 1468 388 ea
1493 364 1579 390 esse
1601 350 1716 388 animi

249 411 515 462 magnitudine
542 418 583 449 ut
603 412 660 450 vel
690 421 851 451 conetur
883 426 954 450 nos
987 413 1089 451 Asiae
1122 413 1299 452 dominos
1326 413 1467 458 facere,
1495 413 1562 450 sed
1597 425 1719 462 usque

249 472 348 510 adeo
366 475 412 510 ab
432 472 487 511 eis
504 473 603 511 vinci
625 486 695 511 nos
711 480 765 517 ut,
781 486 900 523 quum
926 472 978 510 illi
1001 487 1076 511 non
1094 474 1306 511 dubitarint
1324 486 1395 511 nos
1411 473 1513 511 ultro
1529 473 1718 512 lacessere

250 534 471 579 inimicitiis,
501 548 548 572 ne
575 534 623 572 de
652 534 885 572 vindicanda
911 535 1067 585 quidem
1099 535 1238 586 injuria
1265 534 1507 584 cogitemus?
1537 548 1653 585 quum
1681 535 1720 572 in

251 595 431 633 omnibus
452 595 506 633 illi
525 595 638 633 bellis
666 595 876 633 ostendant
895 608 935 632 sc
960 609 1084 646 neque
1115 596 1256 634 milites
1282 597 1424 634 habere
1452 609 1581 646 neque
1601 596 1722 634 duces

253 670 380 708 neque
410 658 617 708 quicquam
645 657 749 694 aliud
779 657 889 695 bellis
920 659 1099 708 gerendis
1126 667 1258 709 aptum
1287 666 1326 696 et
1351 672 1397 696 ea
1422 660 1550 696 omnia
1571 671 1593 696 a
1615 658 1724 696 nobis

253 726 468 763 accersant,
483 719 521 755 in
542 731 628 756 earn
644 718 817 756 venimus
836 719 1086 770 cupiditatem
1104 720 1319 758 malefactis
1335 720 1432 758 inter
1448 733 1519 757 nos
1535 719 1724 764 certandi,

256 787 297 817 ut
316 779 494 831 quamvis
515 779 667 817 illorum
681 781 819 831 opibus
836 794 968 819 secure
988 781 1061 820 frui
1080 782 1227 826 liceret,
1248 790 1284 819 et
1306 782 1376 833 ipsi
1398 782 1445 819 de
1465 782 1620 819 minutis
1642 781 1726 831 qui-

254 841 419 880 busdam
448 842 564 879 rebus
595 841 885 892 belhgeremur,
911 850 950 881 et
976 843 1020 881 iis
1049 843 1115 893 qui
1137 856 1159 881 a
1180 844 1281 893 regis
1308 844 1467 894 imperio
1498 843 1728 881 defecerunt

255 905 484 956 subjugum
506 904 736 942 reducendis
756 918 943 942 navemus
957 917 1127 955 operam,
1142 918 1267 954 neque
1284 905 1494 943 sentiamus
1510 918 1580 942 nos
1596 903 1726 955 patriis

254 967 431 1005 hostibus
452 980 729 1018 nonnunquam
753 974 897 1018 praesto
922 980 1008 1005 esse
1030 967 1076 1005 ad
1100 968 1263 1019 gentiles
1285 975 1323 1005 et
1345 968 1552 1019 populares
1574 974 1727 1005 nostros

257 1030 501 1068 evertendos.

260 1125 262 1127 ,
312 1092 380 1129 52.
411 1092 544 1137 Quare
573 1090 640 1128 tibi
661 1091 880 1128 conducere
907 1097 1015 1141 puto,
1042 1090 1079 1128 in
1108 1098 1215 1129 tanta
1242 1091 1403 1129 aliorum
1433 1091 1600 1141 ignavia,
1622 1097 1664 1128 ut
1691 1097 1729 1128 te

256 1152 394 1189 ducem
417 1152 504 1190 belli
534 1151 727 1189 barbarici
758 1152 986 1202 profitearis.
1044 1151 1146 1189 Nam
1175 1152 1269 1190 alios
1298 1153 1453 1202 quidem
1483 1154 1531 1190 ab
1562 1152 1731 1190 Hercule

258 1220 378 1259 ortos,
400 1212 465 1264 qui
484 1213 706 1263 reipublicae
728 1212 937 1264 legumque
958 1212 1122 1251 vinculis
1143 1214 1253 1264 quasi
1276 1213 1450 1252 adstricti
1473 1221 1665 1260 tenentur,
1686 1226 1733 1251 ea

259 1275 354 1312 urbe
374 1275 412 1313 in
433 1287 513 1325 qua
532 1274 710 1312 habitant
728 1281 934 1312 contentos
951 1287 1040 1312 esse
1056 1274 1181 1321 decet,
1199 1281 1236 1313 te
1256 1282 1385 1313 autem
1399 1282 1584 1325 tanquam
1598 1288 1731 1313 eman-

258 1337 429 1388 cipatum
450 1342 570 1374 totam
589 1335 780 1374 Graeciam
798 1336 921 1387 patria
937 1336 1097 1375 caritate
1118 1337 1339 1387 complecti,
1359 1344 1399 1374 ut
1419 1337 1450 1374 is
1471 1338 1560 1374 fecit
1581 1337 1646 1387 qui
1663 1350 1732 1375 vos

260 1398 410 1449 genuit,
431 1404 471 1435 et
500 1410 578 1435 non
598 1397 744 1435 minora
771 1398 871 1436 illius
892 1411 1013 1436 causa
1034 1398 1208 1449 pericula
1233 1398 1338 1436 adire
1365 1411 1481 1449 quam
1509 1406 1665 1449 propter
1686 1411 1735 1436 ea

261 1473 349 1511 quae
371 1459 641 1509 antiquissima
661 1459 728 1496 tibi
749 1466 853 1497 sunt.

316 1523 382 1559 53.
414 1521 539 1558 Erunt
556 1521 722 1558 fortasse
742 1521 808 1570 qui
830 1534 887 1559 me
908 1520 1189 1572 reprehendere
1210 1522 1353 1567 ausint,
1370 1521 1470 1572 iique
1491 1521 1734 1572 potissimum

260 1584 325 1635 qui
356 1584 432 1622 hoc
453 1596 573 1620 unum
595 1582 814 1621 didicerunt
839 1582 961 1633 quod,
984 1596 1102 1633 quum
1122 1590 1159 1621 te
1185 1590 1224 1621 et
1250 1583 1299 1620 ad
1329 1583 1616 1634 oppugnandos
1645 1585 1734 1622 bar-

259 1648 374 1685 baros
400 1653 440 1684 et
460 1645 509 1684 ad
529 1645 696 1684 tuendos
718 1644 881 1683 Graecos
902 1643 1089 1683 voluerim
1113 1645 1321 1691 adhortari,
1343 1644 1391 1682 de
1418 1657 1503 1684 mea
1528 1646 1622 1683 urbe
1642 1644 1736 1682 nihil

262 1708 438 1746 dixerim.

318 1773 386 1808 54.
417 1769 502 1821 Ego
531 1781 639 1814 vero,
670 1768 702 1806 si
728 1781 817 1806 cum
838 1767 928 1805 ullis
959 1767 1042 1805 aliis
1063 1767 1165 1818 prius
1192 1767 1443 1806 instituissem
1466 1767 1524 1805 his
1545 1768 1592 1806 de
1620 1768 1736 1806 rebus

264 1844 378 1882 agere
393 1844 509 1882 quarn
529 1843 617 1868 cum
634 1829 758 1881 patria
778 1842 867 1880 quae
884 1836 942 1866 ter
959 1828 1124 1866 Graeciae
1144 1828 1359 1867 libertatem
1380 1829 1561 1875 restituit,
1577 1829 1635 1867 bis
1653 1843 1738 1881 pro-

265 1893 407 1945 fligatis
427 1893 611 1938 barbaris,
638 1891 756 1929 semel
777 1891 876 1942 jugo
904 1890 1287 1928 Lacedaemoniorum
1306 1904 1488 1937 excusso,
1517 1892 1657 1929 faterer
1676 1905 1737 1929 me

267 1953 498 2005 deliquisse:
529 1966 634 1991 nunc
654 1965 714 1990 me
730 1951 834 1989 illam
849 1951 1014 2002 primurn
1036 1951 1084 1989 ad
1107 1951 1189 1989 haec
1204 1951 1450 1990 adhortatum
1471 1965 1558 1990 esse
1572 1952 1738 1991 maximo

268 2030 345 2068 quo
365 2015 555 2067 potuerim
578 2014 705 2052 studio
723 2019 893 2059 constat,
915 2026 1030 2063 quam
1052 2026 1171 2063 quum
1198 2014 1324 2051 minus
1343 2027 1389 2052 ea
1407 2028 1494 2064 quae
1516 2028 1538 2052 a
1554 2028 1614 2052 me
1634 2014 1739 2052 dice-

269 2086 399 2115 rentur
413 2090 547 2114 curare
563 2076 735 2113 viderem
748 2088 866 2125 quam
879 2087 1011 2113 eorum
1026 2076 1141 2112 verba
1155 2075 1219 2125 qui
1237 2089 1307 2126 pro
1323 2083 1511 2127 suggestu
1530 2076 1740 2123 insaniunt,

268 2139 371 2176 illam
394 2138 549 2188 quidem
566 2138 722 2174 missam
744 2136 832 2181 feci,
849 2149 871 2173 a
888 2149 974 2173 meo
988 2144 1117 2174 autem
1134 2136 1312 2175 instituto
1329 2150 1404 2175 non
1421 2139 1577 2177 recessi.
1609 2139 1739 2183 Quare

263 2204 350 2249 jure
371 2200 551 2237 laudarer
571 2199 619 2235 ab
632 2198 824 2242 omnibus,
846 2197 950 2248 quod
977 2197 1020 2235 iis
1042 2198 1162 2248 copiis
1184 2211 1280 2248 quas
1309 2198 1434 2237 habeo
1455 2214 1653 2250 nunquam
1669 2200 1740 2238 de-

269 2262 348 2299 stiti
375 2260 518 2298 bellum
541 2273 628 2297 cum
645 2259 815 2297 barbaris
833 2271 979 2309 gerere,
999 2265 1037 2296 et
1055 2259 1193 2309 partim
1213 2272 1281 2296 eos
1302 2261 1481 2298 accusavi
1498 2262 1561 2311 qui
1583 2274 1660 2299 non
1689 2262 1742 2300 ita

269 2329 314 2360 ut
333 2335 406 2372 ego
428 2321 628 2365 sentirent,
662 2321 798 2371 partim
821 2333 887 2358 eos
912 2333 1009 2370 quos
1036 2320 1215 2358 videbam
1245 2328 1284 2358 et
1311 2321 1460 2360 Graecis
1489 2336 1601 2371 posse
1622 2324 1740 2361 bene-

269 2385 395 2422 facere
417 2390 457 2421 et
475 2382 648 2420 barbaris
668 2395 756 2420 suas
785 2395 877 2432 opes
899 2381 1042 2432 eripere
1064 2382 1202 2420 sedulo
1223 2396 1309 2420 sum
1329 2383 1520 2422 hortatus.
1577 2386 1665 2427 Qua
1692 2385 1741 2423 de

267 2458 385 2484 causa
404 2458 508 2482 nunc
532 2444 646 2481 etiam
669 2443 771 2494 apud
792 2451 829 2481 te
848 2444 965 2481 verba
984 2443 1096 2487 facio,
1118 2457 1194 2482 non
1216 2444 1374 2495 ignarus
1399 2446 1479 2483 fore
1514 2447 1654 2484 multos
1676 2448 1743 2497 qui

271 2521 370 2545 meae
391 2505 553 2545 orationi
572 2504 789 2549 invideant,
807 2505 851 2542 iis
872 2512 1001 2542 autem
1022 2518 1108 2555 quae
1124 2518 1146 2543 a
1166 2514 1202 2543 te
1221 2515 1384 2557 agentur
1404 2508 1741 2558 congratulaturos

272 2583 357 2608 esse
378 2581 527 2606 omnes.
568 2567 671 2605 Nam
684 2565 721 2604 in
739 2579 872 2604 eorum
890 2566 1047 2617 quidem
1063 2580 1150 2617 quae
1168 2568 1271 2606 dicta
1286 2576 1378 2606 sunt
1392 2582 1503 2606 nemo
1517 2569 1741 2607 societatem

273 2631 392 2676 venit,
408 2629 617 2667 utilitatum
634 2640 724 2666 vero
739 2641 826 2679 quae
847 2627 938 2666 inde
955 2629 1194 2679 parabuntur
1210 2643 1324 2668 nemo
1345 2637 1404 2669 est
1419 2631 1511 2681 quin
1532 2644 1572 2669 se
1589 2644 1743 2682 quoque

274 2693 442 2730 fructum
463 2697 732 2741 percepturum
748 2702 833 2728 esse
854 2697 976 2741 putet.

328 2757 394 2792 55.
417 2754 559 2804 Cogita
578 2766 690 2804 porro
705 2766 820 2803 quam
841 2759 952 2803 turpe
968 2752 1018 2790 sit
1037 2752 1273 2791 committere
1290 2760 1332 2791 ut
1345 2754 1438 2792 Asia
1455 2754 1593 2792 floreat
1607 2753 1746 2793 afflicta

275 2815 432 2866 Europa
450 2822 490 2852 et
506 2813 659 2852 barbari
680 2813 757 2851 sint
776 2812 1039 2864 opulentiores
1061 2812 1226 2860 Graecis,
1247 2820 1286 2852 et
1306 2813 1330 2850 ii
1348 2815 1412 2864 qui
1433 2814 1483 2854 ad
1503 2814 1647 2865 Cyrum
1677 2829 1745 2866 ge-

275 2890 349 2914 nus
369 2875 556 2919 referunt,
578 2886 696 2925 quem
723 2881 845 2912 mater
871 2873 909 2911 in
929 2874 1028 2912 viam
1059 2873 1215 2925 abjecit,
1234 2874 1514 2925 amplissimum
1544 2876 1744 2927 imperium

275 2938 446 2984 habeant
464 2949 509 2976 ac
529 2949 639 2987 reges
660 2935 793 2986 magni
813 2936 1070 2987 appellentur,
1094 2935 1275 2974 Herculis
1297 2942 1426 2975 autem
1449 2938 1605 2988 posteri,
1629 2951 1744 2989 quern
