1870 3277
626 173 698 210 DE
730 172 1180 211 PERMUTATIONE.
1560 172 1638 209 235

166 275 272 313 circa
292 288 351 313 res
371 276 476 326 ipsas
497 284 676 328 peccant.
708 278 838 322 Quare
860 276 1038 315 omnibus
1057 275 1292 327 cupiendum
1313 281 1371 313 est
1391 274 1535 314 multos
1555 287 1639 313 esse

162 348 210 373 ex
230 335 469 376 institutione
491 338 732 389 eloquentes,
752 338 917 377 maxime
934 344 1063 375 autem
1078 337 1207 375 vobis:
1238 349 1307 375 vos
1323 337 1423 375 enim
1442 337 1635 388 praestatis

163 403 279 446 atque
299 399 487 438 excellitis
509 401 607 439 inter
621 401 717 438 alios
733 413 811 437 non
824 399 972 438 bellicis
990 398 1145 444 studiis,
1162 411 1233 437 nec
1248 398 1339 449 quia
1358 398 1500 449 optime
1515 412 1635 450 remp.

162 458 441 499 administratis
468 469 535 500 aut
568 461 659 512 quia
688 461 981 500 accuratissime
1012 461 1119 511 leges
1152 459 1367 498 observatis
1397 473 1492 509 quas
1522 460 1633 498 vobis

161 520 327 570 majores
348 522 597 574 reliquerunt,
617 523 685 561 sed
715 522 761 560 iis
793 523 907 560 rebus
937 523 1075 573 quibus
1102 529 1242 559 natura
1269 521 1466 559 hominum
1495 521 1635 560 belluis

159 594 361 634 genusque
379 584 607 622 Graecorum
622 583 795 623 barbaris
813 592 1010 635 praestant,
1031 585 1120 634 quia
1138 583 1316 621 nimirum
1335 583 1383 621 ad
1404 582 1633 632 sapientiam

158 648 197 681 et
211 643 471 695 eloquentiam
492 645 627 683 melius
649 645 796 683 caeteris
819 646 1035 684 erudimini.
1094 647 1223 689 Quare
1245 645 1417 682 omnium
1439 644 1635 694 iniquissi-

159 716 263 741 mum
280 705 391 750 foret,
409 706 440 743 si
458 719 524 744 eos
545 707 611 757 qui
627 707 762 744 volunt
778 706 876 745 inter
889 714 1111 744 coaetaneos
1128 706 1319 744 excellere
1335 706 1379 743 iis
1397 705 1487 756 ipsis
1501 705 1630 750 rebus,

157 766 295 815 quibus
325 780 394 805 vos
421 767 519 805 inter
549 775 728 814 cunctOS‚
750 768 943 819 corrumpi
973 768 1296 819 pronunciaretis,
1319 779 1464 816 eosque
1492 766 1557 817 qui
1587 780 1633 804 ea

155 827 359 878 disciplina
379 835 555 875 utuntur,
578 830 689 881 cujus
716 843 784 867 vos
810 829 1003 881 principes
1030 829 1137 874 estis,
1159 828 1379 867 calamitate
1401 828 1532 879 aliqua
1560 830 1630 866 im-

157 888 366 939 plicaretis.
1218 907 1223 910 “

208 951 299 989 26·ᾓὲ
328 953 394 989 28.
424 951 501 990 Par
520 951 663 1004 quippe
684 959 744 991 est
763 965 811 990 ne
830 952 904 990 hoe
925 951 1083 1003 quidem
1114 951 1236 989 latere
1258 963 1340 996 VOS,
1373 950 1544 988 omnium
1566 953 1631 1002 qui

152 1009 279 1051 dicere
298 1020 365 1051 aut
392 1013 533 1053 docere
560 1021 728 1065 possunt
746 1014 939 1052 civitatem
962 1020 1130 1051 nostram
1156 1014 1243 1063 jure
1264 1011 1383 1050 videri
1405 1012 1524 1050 fuisse
1547 1026 1628 1050 ma-

152 1073 329 1124 gistram.
387 1075 550 1115 Merito:
582 1081 694 1127 patet
714 1076 815 1114 enim
831 1083 870 1114 et
888 1076 1046 1127 praemia
1068 1087 1282 1126 proponere
1299 1075 1468 1112 maxima
1499 1074 1542 1112 iis
1563 1076 1627 1126 qui

151 1134 252 1174 hane
272 1136 492 1175 facultatem
513 1143 662 1183 tenent,
678 1144 718 1176 et
731 1137 1026 1177 exercitationes
1043 1137 1226 1188 plurimas
1247 1149 1292 1174 ac
1310 1136 1402 1174 mire
1417 1136 1541 1174 varias
1561 1150 1627 1174 ex·

151 1194 282 1234 hibere
302 1196 346 1235 iis
367 1197 433 1247 qui
461 1197 511 1235 ad
531 1210 672 1236 causas
692 1199 860 1236 orandas
885 1198 1057 1235 animum
1079 1197 1338 1248 applicuerint
1368 1203 1486 1247 atque
1506 1197 1544 1234 in
1565 1198 1624 1235 his

151 1256 364 1308 disciplinis
381 1271 465 1296 sese
479 1271 657 1297 exercere
671 1258 813 1303 velint;
845 1266 1031 1310 praeterea
1046 1259 1339 1310 experientiam,
1355 1271 1440 1308 quae
1457 1260 1624 1298 maxime

148 1320 243 1359 facit
262 1321 500 1372 eloquentes,
521 1322 612 1360 hinc
626 1329 790 1361 cunctos
804 1321 1008 1361 desumere
1024 1336 1033 1367 ;
1064 1329 1145 1360 tum
1161 1329 1200 1360 et
1220 1322 1363 1372 linguae
1377 1335 1621 1361 communem

148 1395 258 1420 usum
280 1390 319 1420 et
338 1383 639 1421 moderationem
661 1390 700 1422 et
718 1383 912 1434 reliquum
926 1383 1095 1434 leporem
1119 1397 1163 1421 ac
1184 1382 1435 1434 philologiam
1457 1396 1530 1421 non
1555 1398 1622 1436 pa-

146 1458 231 1483 rum
259 1446 434 1484 conferre
458 1453 599 1497 putant
624 1446 674 1485 ad
700 1446 933 1498 eloquentiae
960 1445 1269 1489 institutionem3
1299 1457 1418 1496 quare
1441 1458 1520 1483 non
1548 1446 1620 1483 im-

147 1507 283 1545 merito
312 1508 536 1546 existimant
564 1514 727 1546 cunctos
759 1508 985 1558 eloquentes
1011 1507 1128 1559 hujus
1156 1506 1255 1545 urbis
1284 1519 1370 1545 esse
1399 1506 1620 1558 discipulos.

148 1572 293 1610 Cavete
313 1572 428 1624 igitur
448 1585 497 1611 ne
516 1573 672 1611 omnino
694 1572 744 1611 sit
773 1572 977 1610 ridiculum
1005 1571 1054 1609 de
1082 1571 1156 1610 hac
1178 1571 1280 1609 fama
1300 1571 1509 1609 absurdum
1529 1570 1622 1622 quid

146 1636 290 1683 dicere,
310 1650 388 1688 qua
408 1650 476 1676 vos
495 1637 619 1688 magis
640 1636 745 1688 apud
767 1636 930 1674 Graecos
951 1648 1066 1687 quam
1088 1648 1161 1686 ego
1181 1635 1285 1686 apud
1306 1648 1372 1673 vos
1392 1641 1503 1673 utor:
1536 1634 1623 1672 nul-

145 1697 224 1735 lum
246 1698 347 1736 enim
367 1700 511 1737 crimen
532 1698 604 1736 nisi
623 1706 793 1736 vestrum
810 1697 979 1749 ipsorum
993 1704 1124 1748 aperte
1145 1696 1407 1740 damnaretis;
1439 1696 1620 1747 idemque

144 1759 323 1798 faceretis
346 1773 391 1799 ac
412 1760 443 1798 si
469 1759 754 1798 Lacedaemonii
774 1772 840 1798 eos
858 1759 922 1810 qui
943 1758 1085 1797 bellica.
1104 1765 1289 1796 exercent
1306 1758 1442 1809 punire
1462 1757 1620 1804 vellent,
1671 1802 1677 1804 ⁷

144 1827 211 1859 aut
229 1821 404 1860 Thessali
419 1822 468 1860 de
488 1822 680 1872 equestris
697 1821 789 1860 artis
806 1820 991 1860 studiosis
1007 1832 1145 1871 poenas
1163 1819 1376 1871 capiendas
1397 1828 1616 1857 censerent.

143 1882 390 1935 Quapropter
419 1883 637 1922 cavendum
656 1885 764 1922 vobis
792 1889 864 1928 est,
886 1895 934 1920 ne
962 1882 1053 1933 quid
1085 1881 1279 1933 ejusmodi
1306 1888 1441 1919 contra
1466 1889 1617 1920 vosmet

140 1944 325 1994 peccetis,
352 1958 476 1995 neque
507 1944 767 1983 credibiliores
796 1944 967 1982 reddatis
999 1956 1195 1982 sermones
1223 1955 1354 1981 eorum
1384 1943 1450 1993 qui
1481 1943 1614 1981 urbem

140 2006 359 2057 vituperant
376 2020 491 2057 quam
512 2019 645 2044 eorum
666 2007 731 2057 qui
752 2005 930 2044 laudant.

193 2068 281 2105 26³³
311 2069 376 2106 29.
409 2069 599 2106 Existimo
627 2075 754 2106 autem
780 2080 848 2105 vos
873 2080 950 2105 non
979 2066 1155 2116 ignorare
1186 2065 1282 2104 alios
1310 2065 1466 2116 quidem
1502 2063 1612 2102 Grae-

137 2142 270 2167 corum
291 2130 400 2168 vobis
420 2143 503 2167 esse
526 2130 710 2174 infensos,
731 2129 827 2167 alios
848 2141 937 2166 vero
958 2141 1075 2178 quam
1102 2128 1267 2165 maxime
1288 2127 1397 2165 vobis
1418 2140 1505 2165 esse
1525 2128 1615 2165 ami-

138 2202 205 2228 cos
225 2203 410 2242 spemque
431 2190 565 2228 salutis
587 2189 624 2227 in
646 2190 757 2228 nobis
774 2190 982 2228 collocare.
1040 2190 1189 2228 Dicunt
1215 2198 1343 2227 autem
1362 2189 1399 2227 hi
1428 2191 1611 2240 postremi

135 2252 236 2290 hanc
253 2252 376 2290 solam
395 2265 481 2290 esse
503 2253 652 2298 urbem,
672 2251 838 2302 reliquas
859 2265 949 2289 vero
969 2264 1089 2303 pagos
1106 2264 1115 2295 ;
1140 2254 1303 2302 jureque
1323 2251 1424 2289 hanc
1446 2251 1610 2289 Graeciae

134 2307 268 2352 urbem
297 2314 483 2365 appellari
502 2321 541 2352 et
567 2320 723 2365 propter
748 2313 1052 2364 magnitudinem
1075 2320 1114 2352 et
1138 2320 1292 2364 propter
1313 2314 1610 2352 commoditates

135 2389 222 2427 quae
250 2375 339 2414 binc
359 2376 442 2415 aliis
464 2375 662 2422 accidunt,
685 2375 850 2414 maxime
870 2389 959 2414 vero
979 2376 1028 2414 ob
1048 2375 1260 2414 incolarum
1283 2388 1451 2413 morem:
1483 2375 1609 2413 nullos

134 2439 235 2477 enim
255 2451 340 2477 esse
369 2438 615 2477 humaniores
644 2444 712 2476 aut
737 2438 1017 2476 tractabiliores
1038 2437 1099 2476 vel
1123 2437 1349 2488 quibuscum
1383 2436 1607 2475 familiarius

133 2507 214 2539 toto
234 2500 323 2538 vitae
352 2508 525 2551 tempore
553 2499 699 2539 versari
724 2499 812 2550 quis
843 2500 946 2538 velit.
1003 2499 1130 2537 Tanta
1157 2511 1273 2550 porro
1308 2498 1607 2547 exaggeratione

132 2568 306 2609 utuntur,
327 2568 370 2600 ut
396 2575 445 2600 ne
476 2568 686 2613 graventur
711 2561 1038 2612 quidemdiCere,
1059 2574 1100 2598 se
1127 2560 1307 2598 libentius
1334 2571 1357 2597 a
1377 2558 1457 2597 viro
1484 2559 1605 2598 Athe-

132 2623 254 2662 niensi
274 2623 400 2674 puniri
427 2635 543 2674 quam
566 2624 615 2661 ab
644 2622 806 2661 aliorum
831 2622 1009 2660 barbarie
1032 2621 1220 2659 beneficio
1248 2620 1350 2658 affici
1373 2619 1486 2657 velle.
1543 2620 1605 2658 Illi

131 2691 265 2723 contra
296 2686 450 2735 quivos
480 2684 659 2731 oderunt,
690 2683 749 2722 his
781 2683 963 2722 laudibus
997 2684 1241 2725 obtrectant3
1274 2680 1603 2732 sycophantarum

132 2751 258 2784 autem
281 2746 528 2785 acerbitatem
559 2754 598 2785 et
617 2746 863 2785 incommoda
894 2750 1095 2782 narrantes
1123 2743 1337 2781 universam
1365 2743 1498 2781 urbem
1519 2749 1604 2781 tan-

129 2820 244 2857 quam
265 2807 530 2858 inhospitalem
550 2814 589 2846 et
608 2808 805 2847 crudelem
822 2805 1086 2845 criminantur.
1146 2804 1216 2842 Est
1235 2804 1351 2854 igitur
1370 2804 1604 2855 sapientium

131 2869 312 2915 'udicum,
332 2881 398 2907 eos
418 2869 575 2920 quidem
598 2870 663 2920 qui
691 2870 825 2908 horum
857 2880 1078 2906 sermonum
1101 2879 1221 2905 causa
1250 2873 1344 2906 sunt
1373 2867 1603 2913 interimere,

134 2937 267 2981 utpote
302 2930 366 2981 qui
397 2930 535 2981 ingens
567 2931 738 2969 dedecus
768 2930 850 2968 urbi
880 2935 1037 2972 creant;
1068 2927 1153 2966 illos
1185 2936 1313 2967 autem
1341 2928 1406 2978 qni
1443 2927 1600 2966 laudum
