1870 3277
388 187 460 224 DE
491 183 942 224 PHILOCTEMONIS
974 180 1335 218 HEREDITATE.
1501 178 1573 215 357

145 294 260 332 esset,
279 286 441 337 ideoque
457 287 597 338 dignus
615 299 637 323 a
651 285 758 323 vobis
777 283 930 321 habitus
947 281 1060 319 fuerit
1075 281 1136 318 cui
1152 281 1314 317 honores
1334 278 1581 322 mandaretis,

146 354 184 386 et
211 347 275 398 qui
303 361 480 399 pugnans
510 361 578 399 pro
610 347 730 397 patria
759 343 992 387 occubuerit,
1022 342 1149 392 ecquis
1176 341 1210 378 ei
1238 341 1393 390 negabit
1415 348 1579 378 mentem

145 408 384 447 constitisse?

200 473 236 508 3.
267 470 410 507 Mentis
429 482 520 520 ergo
539 469 604 519 qui
630 479 783 517 compos
809 471 924 510 esset,
949 465 982 501 ei
1011 463 1162 501 licuisse
1189 469 1458 500 testamentum
1489 463 1580 500 scri·

147 532 250 577 bere,
276 532 313 568 in
339 544 460 581 eoque
485 530 602 567 filium
630 541 744 579 quem
770 526 883 564 vellet
908 525 1106 576 adoptare,
1133 524 1289 575 planum
1310 524 1414 560 vobis
1436 523 1578 561 factum

147 600 222 635 est;
255 593 355 630 unde
376 600 543 636 constat,
564 592 748 628 hactenus
775 595 876 626 certe
896 587 1111 625 Andoclem
1139 587 1176 624 in
1203 586 1276 623 ista
1295 585 1581 622 obnuntiatione

147 654 244 692 falsa
270 661 448 692 testatum
468 665 571 690 esse:
601 664 728 688 verum
756 650 829 687 hoc
854 662 1005 700 quoque
1033 649 1118 685 falsi
1146 661 1318 698 arguam,
1345 646 1448 697 quod
1475 645 1583 683 addit

148 714 248 752 idem
269 714 515 752 Euctemonis
534 712 740 762 genuinum
760 723 844 748 esse
863 710 982 747 filium
1007 709 1107 746 hunc
1133 710 1215 760 [qui
1236 709 1304 746 sibi
1323 721 1462 745 nomen
1480 707 1582 745 idem

146 775 327 825 arrogat}
385 774 611 812 Euctemoni
637 773 751 817 enim,
774 772 870 822 patri
892 771 1204 816 Philoctemonis,
1235 778 1369 822 praeter
1396 771 1583 808 Philocte-

149 849 300 873 monem
326 844 365 874 et
386 836 637 886 Ergamenem
665 841 704 872 et
724 834 987 884 Hegemonem
1015 833 1184 883 duasque
1208 833 1317 874 filias,
1344 831 1511 882 legitima
1537 845 1583 869 ex

148 908 261 933 uxore
282 904 494 946 susceptOS,
512 895 591 932 filia
612 894 789 932 Mixiadis
810 894 1080 945 Cephisiensis,
1100 893 1192 931 alios
1212 893 1337 930 nullos
1356 892 1473 929 fuisse
1492 892 1585 930 libe-

150 970 224 1002 ros,
242 964 382 994 norunt
401 957 555 1007 cognati
575 969 706 994 omnes
732 968 938 1005 omnesque
967 955 1166 1005 phratores
1192 961 1230 992 et
1249 954 1485 991 demotarum
1505 953 1586 1004 ple-

149 1018 269 1067 rique,
284 1018 475 1068 iidemque
491 1018 596 1056 vobis
615 1018 652 1055 id
672 1017 896 1055 testimoniis
915 1017 991 1053 suis
1006 1015 1302 1053 confirmabunt:
1333 1015 1444 1052 aliam
1460 1022 1586 1051 autem

149 1079 203 1117 illi
223 1079 339 1117 fuisse
359 1092 531 1125 uxorem,
557 1079 659 1116 unde
684 1078 802 1116 hosce
828 1080 943 1129 [quos
963 1077 1174 1115 Androcles
1198 1077 1409 1128 subjectum
1429 1075 1474 1123 it]
1501 1088 1584 1114 sus-

150 1142 305 1192 ceperit,
329 1153 439 1178 nemo
457 1149 514 1178 est
533 1141 599 1191 qui
619 1147 685 1178 aut
702 1140 801 1177 norit
819 1147 885 1177 aut
902 1139 1019 1176 fando
1040 1151 1205 1188 unquam
1226 1137 1428 1175 inaudierit
1449 1137 1589 1174 Eucte-

150 1215 259 1239 mone
279 1202 405 1239 adhuc
427 1202 642 1253 superstite.
699 1200 815 1251 Atqui
837 1207 954 1238 testes
981 1199 1018 1236 hi
1041 1207 1144 1244 sunt,
1170 1213 1266 1250 quos
1287 1205 1584 1236 consentaneum

152 1263 201 1302 sit
219 1264 386 1301 omnium
408 1277 494 1301 esse
515 1263 737 1301 fidissimos:
768 1270 953 1313 cognatos
974 1261 1070 1298 enim
1092 1260 1309 1311 hujusmodi
1336 1273 1394 1298 res
1422 1259 1588 1297 omnium

151 1325 293 1375 optime
319 1332 433 1374 atque
461 1324 665 1361 certissime
695 1332 824 1361 tenere
852 1335 919 1373 par
944 1330 1015 1360 est.
1072 1322 1155 1359 Hos
1182 1329 1221 1358 tu
1249 1321 1337 1358 mihi
1364 1321 1483 1371 primo
1505 1320 1591 1358 loco

152 1386 237 1431 cita,
255 1393 293 1423 et
310 1385 445 1422 horum
467 1384 687 1422 testimonia
705 1384 835 1422 recita.

693 1485 1047 1523 TESTIMONIA.

206 1568 246 1603 4.
275 1565 418 1603 Verum
442 1564 546 1616 ipsos
565 1577 718 1615 quoque
738 1564 846 1602 vobis
873 1564 1064 1614 praestabo
1087 1562 1322 1599 adversarios
1349 1561 1433 1599 haec
1459 1561 1594 1599 eadem

154 1626 370 1665 testimonio
391 1639 462 1664 suo
481 1627 786 1676 comprobantes.
845 1625 944 1663 Nam
965 1625 1002 1662 in
1023 1623 1196 1662 examine
1216 1623 1411 1660 ambarum
1432 1623 1596 1673 partium

155 1701 282 1726 coram
303 1689 483 1725 archonte
501 1686 645 1732 habito,
661 1700 748 1725 cum
769 1687 806 1723 hi
828 1692 1106 1724 sacramentum
1123 1684 1390 1735 deposuissent
1409 1697 1520 1735 super
1540 1684 1596 1721 his

156 1757 336 1799 tanquam
356 1749 529 1799 genuinis
553 1748 799 1786 Euctemonis
820 1748 903 1785 filiis
926 1748 1004 1798 [qui
1026 1754 1115 1785 sunt
1141 1745 1356 1794 subdititii]‚
1383 1755 1419 1784 et
1446 1759 1514 1784 nos
1540 1747 1598 1784 in-

156 1821 453 1862 terrogassemus
473 1824 536 1849 eos
556 1824 734 1862 quoenarn
754 1818 856 1848 esset
874 1810 1007 1848 horum
1029 1817 1148 1846 mater
1168 1815 1207 1846 et
1222 1808 1330 1859 cujus
1353 1808 1440 1855 filia,
1460 1809 1597 1846 docere

159 1888 234 1912 non
253 1881 445 1924 poterant,
465 1874 617 1911 tametsi
636 1880 675 1910 et
693 1872 972 1911 contestatione
989 1880 1117 1909 nostra
1136 1877 1374 1920 urgerentur,
1399 1877 1437 1907 et
1456 1869 1597 1907 archon

159 1937 250 1987 ipsis
277 1936 412 1973 iterum
440 1936 654 1985 iterumque
684 1935 901 1985 injungeret
927 1933 973 1971 ad
1000 1933 1233 1982 interrogata
1259 1940 1300 1968 ut
1328 1931 1599 1982 responderent

160 2005 274 2048 prout
298 1997 358 2034 lex
378 1996 458 2034 fieri
478 1996 645 2046 juberet.
701 1995 832 2046 Atqui,
853 1994 1058 2046 quomodo,
1080 1993 1246 2044 judices,
1273 1992 1348 2042 legi
1372 1992 1472 2030 haud
1493 2006 1601 2044 repu-

160 2067 265 2110 gnet,
286 2059 328 2103 si,
349 2058 413 2109 qui
427 2070 495 2108 pro
516 2057 599 2094 aliis
616 2056 731 2095 veluti
748 2069 814 2107 pro
833 2056 958 2094 liberis
979 2054 1155 2105 genuinis
1175 2053 1311 2104 injure
1330 2053 1549 2099 contendat,
1562 2060 1602 2091 et

159 2118 439 2170 interponenda
457 2119 747 2156 obnuntiatione
765 2118 812 2155 de
828 2117 962 2155 horum
986 2116 1191 2153 liberorum
1203 2116 1290 2166 jure
1307 2115 1478 2166 propiore
1494 2114 1602 2160 alios,

159 2181 315 2232 legitimi
331 2180 394 2231 qui
415 2180 491 2218 sint
508 2180 683 2224 heredes,
701 2193 722 2217 a
741 2179 907 2230 petenda
924 2178 1133 2216 hereditate
1150 2177 1346 2214 exclusum
1363 2183 1438 2221 eat,
1455 2176 1485 2213 is
1504 2176 1600 2213 idem

162 2251 286 2281 tamen
315 2256 437 2293 neque
465 2256 552 2293 quae
576 2241 636 2279 his
662 2241 827 2278 insititiis
857 2248 976 2278 mater
1001 2239 1113 2276 fuerit
1137 2239 1273 2275 docere
1299 2237 1450 2283 habeat,
1480 2249 1603 2287 neque

161 2305 279 2342 ullum
309 2317 395 2341 cum
422 2316 468 2341 ea
492 2311 699 2353 cognatum
726 2302 851 2340 edere.
909 2301 986 2338 Sed
1014 2307 1091 2337 tum
1124 2299 1305 2350 temporis
1325 2297 1473 2348 quidem
1505 2311 1602 2348 prae-

162 2366 346 2404 texebant
363 2365 498 2402 horum
516 2364 717 2402 liberorum
739 2371 896 2401 matrem
917 2362 1110 2399 mulierem
1131 2361 1261 2398 nescio
1275 2372 1386 2410 quam
1408 2359 1600 2396 Lemniam

162 2441 257 2472 esse,
271 2440 390 2478 eoque
405 2427 507 2465 facto
527 2427 651 2464 cursui
670 2438 872 2477 processus
888 2424 1050 2462 forensis
1070 2436 1253 2461 remoram
1275 2421 1438 2470 aliquam
1460 2420 1602 2471 injicie-

163 2491 274 2528 bant:
304 2488 546 2539 postmodum
568 2495 694 2525 autem
715 2487 763 2524 ad
784 2499 944 2524 examen
972 2487 1049 2536 [vel
1078 2482 1421 2522 confrontatiouem
1442 2481 1602 2531 partium

166 2552 362 2589 ambarum
383 2549 631 2600 litigantium]
651 2561 738 2586 cum
765 2547 1045 2591 convenissent,
1073 2545 1130 2582 vel
1158 2544 1261 2594 prius
1288 2543 1400 2579 etiam
1422 2555 1536 2591 quam
1555 2543 1603 2579 ab

165 2612 318 2650 homine
336 2623 529 2661 quoquam
552 2610 888 2660 interrogarentur,
915 2608 1040 2646 statim
1062 2606 1227 2647 aiebant,
1254 2603 1452 2653 Callippen
1472 2615 1604 2640 eorum

169 2680 323 2710 matrem
363 2686 462 2717 esse,
504 2672 700 2709 Pistoxeni
733 2671 861 2715 filiam,
895 2671 932 2706 id
965 2668 1086 2706 solum
1123 2666 1383 2704 existimantes
1422 2664 1606 2710 sufficere,

169 2746 308 2772 nomen
337 2747 452 2771 unum
484 2734 639 2784 aliquod
666 2747 689 2771 a
718 2746 758 2771 se
788 2733 992 2770 confictum
1023 2729 1083 2767 edi
1116 2729 1242 2765 nescio
1268 2727 1375 2777 cujus
1401 2725 1606 2764 Pistoxeni.

170 2796 245 2839 Qui
267 2797 372 2845 cujas
392 2795 530 2833 fuisset
548 2795 804 2845 quaerentibus
834 2794 944 2830 nobis
971 2801 1010 2828 et
1036 2804 1123 2827 num
1150 2791 1187 2827 in
1208 2788 1302 2826 vivis
1330 2787 1453 2825 adhuc
1475 2801 1606 2839 super-

170 2863 282 2900 esset,
303 2856 338 2892 in
355 2855 488 2893 Sicilia
505 2869 590 2894 eum
611 2857 764 2894 aiebant
782 2855 1008 2893 occubuisse
1026 2853 1062 2889 in
1085 2851 1234 2895 castris,
1252 2849 1382 2888 relicta
1400 2849 1474 2887 hac
1495 2850 1607 2887 unica

177 2919 254 2957 fllia
272 2918 373 2968 apud
392 2918 664 2957 Euctemonem
680 2918 762 2968 ejus
783 2924 958 2961 tutorem,
978 2921 1074 2952 etex
1092 2925 1136 2951 ca
1156 2912 1205 2950 illi
1226 2912 1340 2951 hosce
1360 2911 1457 2950 duos
1475 2924 1612 2962 pueros
