1870 3277
679 204 753 241 AD
786 199 1093 238 NICOCLEM.
1565 197 1611 233 13

159 305 373 344 actionibus
399 305 516 355 loqui,
537 311 580 343 ut
599 304 643 342 iis
667 308 928 346 consentanea
946 312 1033 350 quae
1051 298 1178 336 dicere
1203 298 1305 336 soles
1326 297 1440 336 etiam
1469 295 1610 335 sentire

157 378 375 408 assuescas.
433 367 531 409 Quae
560 366 627 408 tibi
653 362 840 414 cogitanti
858 361 1003 412 optima
1022 359 1265 404 videbuntur,
1284 371 1330 397 ea
1350 372 1388 397 re
1416 357 1501 408 ipsa
1525 369 1612 408 per—

158 427 275 466 ficito.
333 428 507 471 Quorum
527 426 686 477 gloriam
712 424 873 468 miraris,
899 434 1027 459 eorum
1047 433 1109 460 res
1138 426 1266 469 gestas
1296 418 1457 457 imitare.
1515 418 1613 461 Quae

159 488 235 527 tuis
256 488 382 526 liberis
402 487 644 538 praeciperes,
663 498 708 524 ea
732 485 813 535 ipse
835 484 964 522 facere
987 494 1036 520 ne
1056 480 1238 531 graveris.
1293 480 1373 518 Aut
1400 486 1509 518 utere
1541 490 1619 529 prae

159 549 281 598 ceptis
312 549 464 593 nostris,
495 554 561 585 aut
586 548 667 597 ipse
696 546 756 582 his
784 545 910 582 inveni
941 543 1111 580 meliora.
1187 540 1390 591 Sapientes
1424 539 1614 585 existima,

161 622 236 647 non
257 609 408 660 eosqui
431 609 478 647 de
499 609 613 646 rebus
641 606 797 645 minutis
817 605 964 642 curlose
984 604 1172 646 rixantur,
1193 602 1262 640 sed
1286 602 1351 651 qui
1371 601 1419 639 tle
1439 601 1614 638 maximis

160 671 274 708 rebus
310 669 464 719 egregie
498 669 656 710 dicunt:
699 680 772 704 nec
807 679 874 704 eos
904 665 969 716 qui
1001 664 1084 702 aliis
1117 663 1339 701 felicitatem
1369 662 1615 712 pollicentur,

160 743 278 780 quum
293 730 361 780 ipsi
383 730 590 767 multarum
605 741 731 765 rerum
750 726 880 777 inopia
895 726 1080 768 laborent,
1103 724 1173 762 sed
1187 736 1252 761 eos
1273 723 1353 772 qui,
1370 735 1488 773 quum
1508 721 1557 759 de
1574 734 1617 759 se

162 790 311 827 modice
340 789 483 836 dicant,
503 797 630 827 tamen
650 796 688 826 et
706 787 862 837 negotia
881 786 1014 824 dextre
1038 785 1143 823 obire
1163 791 1204 821 et
1225 784 1322 821 inter
1340 783 1513 821 homines
1535 795 1617 820 ver-

163 850 239 887 sari
264 850 465 887 commode
486 856 662 900 possunt,
685 861 756 885 nec
776 848 814 884 in
830 847 919 884 vitae
946 845 1220 883 mutationibus
1244 844 1528 895 perturbantur,
1546 842 1619 880 sed

163 910 295 960 pulcre
328 909 602 961 moderateque
629 910 726 948 ferre
751 917 830 946 tam
862 907 1051 946 secundas
1076 919 1136 944 res
1163 919 1277 956 quarn
1308 905 1489 944 adversas
1521 903 1620 942 didi-

163 978 314 1008 cerunt.

222 1033 283 1069 12.
314 1032 452 1082 Neque
471 1044 560 1070 vero
581 1031 724 1069 mireris
744 1043 815 1068 nos
835 1030 957 1068 multa
974 1029 1119 1066 dixisse
1138 1041 1225 1078 quae
1244 1035 1284 1065 et
1301 1027 1382 1078 ipse
1401 1027 1593 1079 intelligas
1611 1041 1620 1066 ε

165 1105 289 1143 neque
310 1093 410 1130 enim
432 1092 506 1134 hoc
526 1105 588 1129 me
607 1091 802 1142 praeteriit,
824 1091 893 1129 sed
913 1090 1002 1128 satis
1022 1090 1128 1135 scivi,
1147 1102 1266 1139 quum
1286 1096 1393 1126 tanta
1413 1089 1623 1127 multitudo

163 1154 214 1191 sit
223 1160 262 1191 et
278 1153 475 1190 hominum
489 1154 724 1204 privatorum
739 1158 778 1190 et
796 1151 1027 1202 principum,
1041 1151 1135 1188 alios
1148 1150 1284 1187 horum
1298 1149 1445 1200 aliquid
1461 1150 1619 1195 dixisse,

165 1213 260 1252 alios
282 1213 483 1258 audivisse,
499 1212 596 1250 alios
616 1226 639 1250 a
658 1211 853 1250 nonnullis
870 1212 975 1249 facta
993 1211 1150 1257 vidisse,
1169 1210 1358 1248 nonnulla
1376 1210 1492 1248 etiam
1511 1211 1619 1261 ipsos

166 1274 353 1313 factitare.
410 1273 552 1310 Verum
574 1273 609 1310 in
640 1272 698 1310 his
725 1272 976 1316 orationibus,
997 1284 1086 1321 quoe
1104 1271 1154 1308 ad
1179 1270 1455 1320 praeceptiones
1475 1270 1524 1308 de
1544 1271 1626 1308 offi-

167 1335 236 1373 ciis
251 1335 457 1384 pertinent,
474 1347 551 1371 non
568 1333 796 1384 requirenda
813 1340 873 1370 est
885 1333 1034 1370 novitas
1051 1347 1062 1380 3
1092 1332 1130 1369 in
1146 1331 1286 1381 quibus
1307 1344 1378 1369 nec
1398 1331 1623 1369 admirabile

168 1408 240 1433 nec
271 1395 495 1432 incredibile
516 1408 588 1432 nec
615 1394 839 1432 inusitatum
861 1394 1067 1443 quicquam
1095 1393 1353 1443 comperitur:
1383 1394 1414 1430 is
1436 1405 1527 1430 vero
1553 1393 1626 1431 do-

168 1455 364 1496 ctissimus
375 1455 577 1493 habendus
598 1455 681 1500 erit,
701 1456 764 1505 qui
785 1467 929 1499 eorum,
946 1466 1033 1503 quae
1050 1454 1088 1490 in
1112 1454 1250 1490 animis
1271 1453 1430 1491 aliorum
1450 1453 1625 1503 dispersa

166 1518 312 1566 jacent,
332 1529 446 1566 quam
473 1516 637 1566 plurima
653 1516 835 1565 colligere
855 1522 894 1552 et
912 1514 1210 1564 elegantissimis
1231 1514 1355 1551 verbis
1373 1515 1541 1564 potuerit
1561 1528 1630 1553 ex·-

170 1576 324 1626 plicare.
381 1576 485 1613 Illud
512 1589 665 1627 quoque
691 1576 783 1613 mihi
810 1575 902 1612 satis
924 1582 1059 1612 notum
1085 1574 1170 1620 fuit,
1191 1587 1308 1624 quum
1329 1581 1368 1612 et
1389 1581 1569 1624 poemata
1588 1583 1627 1613 et

170 1636 246 1677 alia
265 1637 408 1687 scripta
427 1650 514 1686 quae
540 1637 720 1674 suasione
740 1642 922 1674 constant
941 1648 1074 1673 omnes
1100 1635 1302 1672 utilissima
1321 1648 1407 1672 esse
1429 1635 1625 1685 judicent,

172 1712 218 1737 ea
238 1707 367 1737 tamen
395 1712 471 1736 non
497 1699 745 1737 libentissime
765 1698 911 1741 audire,
933 1697 1003 1735 sed
1028 1697 1165 1736 eodem
1191 1709 1284 1747 erga
1308 1697 1375 1734 illa
1395 1710 1479 1735 esse
1499 1698 1628 1735 animo

171 1773 250 1810 quo
269 1773 361 1811 erga
376 1761 604 1799 monitores:
632 1772 730 1810 quos
748 1766 790 1797 ut
802 1759 968 1796 universi
987 1758 1162 1802 laudant,
1177 1757 1232 1795 sic
1252 1770 1382 1795 eorum
1396 1771 1628 1808 congressus

173 1822 377 1873 refugiunt,
397 1822 628 1871 illorumque
648 1820 967 1859 consuetudinem
989 1819 1054 1869 qui
1070 1819 1164 1857 socii
1183 1818 1410 1856 delictorum
1438 1819 1529 1863 sint,
1548 1832 1627 1857 non

173 1895 305 1920 eorum
324 1883 389 1933 qui
414 1895 436 1920 a
457 1882 554 1919 vitiis
581 1881 844 1927 dehortentur,
863 1886 1061 1931 expetunt.
1119 1879 1164 1916 Id
1184 1878 1290 1928 quod
1310 1878 1369 1916 vel
1395 1892 1442 1916 ex
1466 1880 1629 1917 Hesiodi

173 1950 214 1985 et
230 1943 468 1994 Theognidis
496 1950 536 1981 et
560 1943 786 1994 Phocylidis
814 1942 921 1992 poesi
950 1941 1223 1991 cognoscitur:
1254 1953 1342 1978 nam
1365 1940 1435 1977 hos
1461 1941 1629 1979 fatentur

175 2005 320 2055 optima
338 2005 426 2042 vitae
447 2004 664 2041 mortalium
684 2003 886 2052 reliquisse
907 2001 1082 2046 consilia,
1104 2000 1171 2038 sed
1190 2000 1363 2049 quamvis
1386 2000 1460 2038 hoc
1481 2001 1626 2046 dicant,

173 2065 286 2114 nugis
302 2071 430 2102 tamen
448 2064 649 2101 audiendis
664 2070 704 2100 et
717 2061 922 2100 recitandis
944 2069 1094 2112 tempus
1115 2060 1278 2111 perdere
1289 2073 1403 2110 quarn
1418 2061 1454 2097 in
1477 2061 1627 2098 illorum

177 2125 496 2175 praeceptionibus
516 2125 658 2162 versari
690 2124 853 2160 malunt.
912 2122 1105 2159 Praeterea
1129 2122 1161 2159 si
1192 2121 1277 2171 quis
1307 2134 1328 2158 e
1356 2123 1630 2171 praestantibus

177 2186 302 2237 poetis
324 2200 390 2225 eas
414 2199 513 2237 quas
535 2186 746 2224 sententias
765 2191 920 2230 vocant,
939 2184 978 2220 in
1003 2184 1143 2233 quibus
1164 2183 1218 2220 illi
1236 2183 1476 2233 potissimum
1497 2184 1628 2222 elabo—

177 2255 322 2293 rarunt,
336 2255 569 2298 excerperet,
584 2260 676 2298 erga
693 2246 777 2284 illas
793 2246 908 2284 etiam
927 2244 1064 2282 eodem
1080 2244 1208 2282 animo
1221 2251 1374 2282 essent:
1403 2245 1630 2282 comoediam

177 2309 277 2346 enim
291 2308 348 2346 vel
370 2309 645 2358 nequissimam
662 2307 795 2345 audire
812 2307 973 2344 mallent
991 2318 1106 2356 quam
1126 2312 1305 2355 poemata
1320 2312 1397 2343 tam
1415 2307 1631 2345 artificiosa.

235 2371 296 2406 13.
327 2370 376 2406 Et
402 2369 494 2421 quid
519 2382 615 2419 opus
641 2376 700 2406 est
723 2368 883 2418 singulis
909 2367 1253 2406 commemorandis
1280 2368 1493 2406 immorari?
1536 2369 1631 2406 Om-

180 2430 269 2467 nino
296 2429 397 2466 enim
424 2429 454 2466 si
481 2437 639 2467 naturas
665 2428 862 2466 hominum
890 2428 1191 2472 consideremus,
1216 2428 1422 2478 plerosque
1447 2441 1518 2466 nec
1537 2430 1631 2468 cibis

179 2490 435 2527 saluberrimis
448 2490 616 2540 gaudere
632 2502 702 2527 nec
721 2489 855 2526 studiis
874 2489 1137 2539 pulcherrimis
1158 2501 1228 2526 nec
1245 2488 1462 2526 actionibus
1477 2491 1632 2540 optimis

181 2564 255 2589 nec
280 2551 463 2588 doctrinis
495 2550 704 2588 utilissimis
733 2551 980 2600 reperiemus,
1007 2556 1046 2586 et
1064 2561 1128 2587 eas
1149 2549 1366 2599 voluptates
1387 2549 1528 2588 habere
1557 2564 1634 2589 ma-

181 2612 307 2649 ximas
327 2624 413 2662 quae
440 2612 573 2650 rationi
593 2611 766 2649 utilitatis
785 2611 949 2648 maxime
970 2616 1198 2660 repugnant,
1224 2622 1269 2646 ac
1289 2609 1496 2646 tolerantes
1517 2617 1557 2648 et
1576 2611 1633 2647 in·-

181 2674 348 2711 dustrios
373 2672 491 2710 videri
519 2686 585 2710 eos
611 2673 675 2722 qui
701 2672 829 2709 officio
856 2683 927 2708 suo
953 2671 1218 2707 satisfaciunt:
1257 2682 1376 2719 quare
1398 2671 1463 2719 qui
1489 2671 1632 2710 talibus

183 2735 385 2785 quisquam
405 2733 568 2783 placeat,
589 2733 670 2770 sive
690 2740 845 2770 moneat
868 2732 947 2769 sive
966 2731 1106 2768 doceat
1125 2731 1205 2766 sive
1225 2730 1317 2767 utile
1337 2729 1479 2780 aliquid
1500 2732 1634 2769 dicat?

187 2795 260 2837 Qui
282 2801 421 2844 praeter
448 2806 494 2831 ea
511 2807 598 2844 quoe
621 2793 800 2837 diximus,
820 2792 1073 2842 prudentibus
1094 2791 1209 2828 etiam
1235 2791 1422 2837 invident,
1441 2792 1635 2843 simplices

186 2859 314 2893 autem
344 2862 383 2892 et
410 2854 595 2892 candidos
622 2862 761 2905 putant
790 2860 988 2894 amentes;
1019 2860 1057 2889 et
1091 2851 1145 2889 sic
1173 2865 1196 2889 a
1223 2853 1382 2890 veritate
1409 2865 1533 2890 rerum
1566 2856 1633 2891 ab—

186 2916 358 2959 horrent,
379 2923 432 2952 -ut
462 2929 509 2953 ne
543 2930 612 2953 sua
643 2915 797 2966 quidem
829 2914 982 2964 negotia
1008 2913 1147 2957 norint,
1181 2926 1267 2951 nam
1295 2913 1344 2951 de
1371 2915 1449 2951 suis
1478 2915 1633 2964 quidem

189 2978 302 3014 rebus
318 2976 532 3025 cogitantes
551 2984 725 3020 moerent,
745 2975 792 3012 de
807 2975 940 3013 alienis
957 2982 1084 3012 autem
1100 2987 1218 3024 quum
1234 2974 1432 3025 disputant
1447 2975 1636 3024 gaudent3
