1870 3277
490 195 560 231 DE
593 193 814 231 CIRONIS
850 189 1222 228 HEREDITATE.
1503 183 1572 220 381

141 296 242 333 mina
260 307 329 332 nos
352 294 543 345 conjiciat,
563 292 644 345 ipse
665 301 792 332 autem
812 292 881 330 sibi
896 292 998 328 bona
1017 290 1082 326 illa
1101 290 1252 339 propria
1270 287 1411 325 habeat
1430 291 1578 323 teneat-

140 369 214 407 que
231 368 353 405 neque
373 368 503 394 eorum
520 356 723 405 quicquam
740 352 888 396 reddat,
905 351 934 388 si
949 350 1068 401 possit
1083 349 1264 387 orationis
1279 361 1358 385 suae
1379 346 1580 397 praestigiis

141 418 212 455 hoc
232 418 413 467 consequi
433 424 475 454 ut
496 429 562 454 vos
582 414 837 466 decipiamini.
895 412 1065 449 Fraudes
1097 411 1224 460 itaque
1257 416 1333 445 tam
1365 416 1495 457 turpes
1524 407 1581 443 liis

142 478 447 516 machinantibus
478 485 594 515 totam
617 490 684 514 vos
710 487 788 513 rem
821 487 869 511 ex
899 473 1029 511 ordine
1051 471 1178 509 doceri
1199 469 1390 513 convenit,
1411 481 1486 518 quo
1504 479 1584 511 vos,

143 539 287 577 nullam
305 546 452 589 partem
477 538 528 576 rei
549 545 665 588 gestae
682 537 918 586 ignorantes,
939 533 1006 571 sed
1036 538 1216 570 cunctam
1246 530 1363 581 probe
1392 535 1582 571 tenentes,

143 601 198 638 sic
229 601 383 638 demum
408 600 456 637 de
476 613 521 637 ea
541 597 813 649 pronuncietis.
871 594 1019 639 Quodsi
1040 606 1132 644 ergo
1152 592 1214 630 alii
1233 590 1397 642 cuipiam
1417 601 1545 627 causae
1566 602 1588 625 a

143 662 250 701 vobis
277 661 532 713 dijudicandae
561 661 729 698 animum
759 658 935 706 adjicitis,
955 657 1070 694 etiam
1101 655 1201 698 huic,
1222 665 1368 704 quaeso,
1389 650 1588 694 attendite,

146 735 222 774 qua
240 736 308 773 par
328 722 440 760 etiam
462 728 534 759 est.
589 720 741 758 Judicia
755 731 975 769 quanquam
990 717 1060 755 hac
1081 716 1118 753 in
1138 717 1234 753 urbe
1254 715 1374 752 multa
1393 713 1522 750 multis
1541 711 1589 748 de

145 784 269 823 causis
290 784 495 833 agitantur,
510 781 602 819 nulli
617 790 744 819 tamen
761 793 927 830 unquam
945 779 1100 816 fuerunt
1113 776 1287 814 homines
1302 775 1361 812 his
1374 773 1591 811 hominibus

146 845 455 898 impudentiores,
475 858 572 896 quos
593 849 748 882 constat
765 843 971 894 legumque
1000 840 1242 878 severitatem
1261 843 1504 886 vestramque
1524 847 1591 872 au-

146 907 360 945 ctoritatem
382 913 459 944 tam
480 905 586 957 parvi
605 905 755 949 fecisse,
775 911 818 942 ut
844 903 971 940 nullos
1000 902 1093 940 alios
1120 900 1255 950 magis.
1314 897 1484 935 Arduum
1512 895 1594 946 qui-

150 968 237 1006 dem
257 974 327 1013 est,
349 967 514 1019 judices,
530 967 721 1005 hominem
741 978 834 1003 usus
856 963 1013 1002 forensis
1039 975 1196 1014 prorsus
1220 960 1436 1012 imperitum
1459 957 1594 996 adver-

151 1043 215 1067 sus
237 1035 463 1080 apparatum
483 1028 749 1066 causationum
770 1034 807 1064 et
832 1025 1155 1076 subterfugiorum
1175 1023 1277 1061 vafre
1295 1021 1594 1071 excogitatorum

151 1097 189 1129 et
208 1104 227 1128 e
247 1091 457 1142 longinquo
484 1096 791 1140 comparatorum
820 1096 859 1126 et
886 1088 1068 1125 adversus
1098 1092 1216 1123 testes
1247 1082 1346 1122 falsa
1372 1082 1596 1121 confirmare

153 1158 305 1202 paratos
336 1153 375 1190 in
406 1159 600 1190 certamen
627 1151 878 1189 descendere:
919 1156 1182 1187 verumtamen
1216 1147 1336 1184 multa
1370 1157 1504 1196 pascor
1531 1155 1597 1194 spe

152 1214 234 1251 fore
266 1220 308 1250 ut
332 1226 485 1264 oequum
509 1214 574 1264 jus
595 1227 617 1250 a
636 1213 744 1250 vobis
765 1213 800 1249 in
821 1212 893 1249 hoc
919 1211 1003 1248 foro
1026 1217 1153 1247 vestro
1174 1209 1380 1253 obtineam,
1397 1219 1517 1256 eoque
1545 1207 1598 1242 sic

155 1274 281 1312 saltim
302 1274 549 1312 tolerabiliter
569 1274 693 1312 dicam
713 1282 757 1311 ut
777 1285 890 1324 aequa
919 1280 959 1310 et
976 1284 1066 1309 vera
1095 1270 1241 1308 dixisse
1261 1269 1402 1312 videar,
1423 1267 1496 1304 nisi
1524 1266 1599 1303 tale

154 1335 245 1386 quid
265 1336 492 1374 interveniat
510 1336 613 1386 quod
631 1342 758 1373 metuo
777 1348 825 1372 ne
847 1347 950 1372 nunc
970 1346 1122 1384 quoque
1141 1331 1304 1369 eveniat.
1361 1330 1603 1379 Quapropter

156 1410 222 1435 vos
243 1410 349 1447 rogo,
365 1397 534 1448 judices,
549 1404 592 1434 ut
617 1397 716 1434 hanc
738 1397 950 1434 orationem
972 1408 1094 1432 meam
1113 1393 1308 1432 benevolis
1329 1393 1483 1431 auribus
1503 1392 1601 1429 acci-

157 1471 258 1509 pere,
280 1465 408 1508 atque,
430 1459 461 1496 si
480 1471 556 1508 qua
575 1458 691 1496 laesus
713 1458 851 1509 injuria
869 1457 988 1494 fuisse
1008 1456 1116 1493 vobis
1136 1456 1238 1493 visus
1256 1454 1378 1498 fuero,
1399 1453 1489 1491 mibi
1516 1465 1604 1490 suc-

157 1520 307 1559 currere
328 1533 533 1571 meumque
553 1520 618 1571 jus
637 1520 829 1558 vindicare
849 1518 972 1557 velitis
990 1524 1179 1568 quatenus
1199 1529 1268 1567 par
1287 1521 1359 1553 est.

213 1583 252 1619 2.
283 1582 450 1619 Primum
468 1581 599 1631 itaque
620 1581 767 1619 docebo
787 1580 874 1625 hoc,
890 1586 1048 1617 matrem
1063 1591 1187 1617 meam
1207 1577 1357 1615 Cironis
1378 1588 1464 1614 esse
1482 1575 1606 1627 legiti-

160 1655 262 1680 mam
281 1642 409 1688 filiam,
431 1642 567 1693 partim
584 1642 726 1680 famam
743 1654 866 1679 rerum
884 1641 973 1679 olim
990 1646 1182 1691 gestarum
1201 1645 1409 1688 nostraque
1428 1637 1607 1675 memoria

162 1703 418 1754 antiquiorum
440 1703 644 1754 allegando
661 1703 899 1740 sermonibus
916 1701 1114 1739 hominum
1135 1707 1250 1751 atque
1271 1700 1424 1738 testium
1443 1699 1607 1736 affirma-

161 1764 328 1802 tionibus
346 1764 546 1807 traditam;
568 1764 704 1815 partim
721 1770 840 1802 testes
854 1762 1103 1814 producendo
1120 1774 1242 1800 rerum
1260 1774 1403 1806 earum,
1417 1773 1504 1810 quae
1521 1766 1609 1797 sunt

163 1824 351 1876 ejusmodi
377 1832 419 1861 ut
445 1824 570 1862 adhuc
598 1824 720 1863 teneri
747 1823 930 1862 memoria
956 1829 1113 1873 queant,
1137 1835 1289 1874 gnaros,
1305 1827 1343 1859 et
1369 1821 1433 1871 qui
1454 1821 1497 1858 iis
1517 1820 1608 1858 dum

125 1903 133 1909 ·
165 1893 388 1937 gererentur
406 1886 628 1929 interfuere3
659 1892 844 1936 praeterea
868 1898 1022 1935 quoque
1042 1884 1262 1935 colligendo
1283 1896 1329 1921 ex
1349 1882 1501 1921 indiciis
1517 1894 1611 1932 quo-

167 1960 250 1985 rum
271 1947 366 1985 fides
386 1947 471 1997 ipsa
486 1947 640 1985 testium
659 1946 735 1984 fide
751 1952 810 1984 est
828 1947 969 1997 potior:
1001 1958 1088 1996 quae
1108 1945 1234 1983 omnia
1252 1945 1317 1982 ubi
1334 1945 1450 1996 plana
1469 1943 1611 1981 dedero

167 2015 281 2058 atque
304 2015 412 2046 extra
433 2007 731 2045 controversiam
749 2007 889 2058 posita,
909 2014 991 2044 tum
1021 2006 1204 2044 accedam
1232 2005 1281 2043 ad
1307 2003 1524 2043 docendum
1545 2004 1612 2042 he-

167 2069 366 2107 reditatem
387 2068 537 2107 Cironis
557 2068 647 2106 mihi
667 2069 787 2119 magis
813 2081 928 2119 quam
959 2068 1049 2106 huic
1079 2073 1310 2118 competere.
1368 2066 1480 2104 Unde
1499 2066 1614 2116 igitur

167 2130 221 2167 illi
240 2130 535 2180 disputationem
555 2129 626 2168 hac
651 2130 700 2167 de
727 2143 846 2168 causa
870 2130 943 2180 ipsi
960 2129 1082 2167 exorsi
1104 2135 1207 2174 sunt,
1229 2128 1333 2166 illinc
1359 2140 1432 2178 ego
1458 2139 1613 2178 quoque

169 2191 394 2243 principium
409 2191 548 2229 faciam
567 2204 634 2228 vos
651 2191 681 2228 si
700 2198 834 2242 potero
855 2190 1033 2229 docendi.

227 2255 264 2290 3.
295 2253 400 2290 Avus
420 2266 558 2303 nempe
585 2265 705 2298 meus,
726 2266 747 2290 o
774 2252 941 2303 judiceS,
969 2252 1086 2291 Ciron
1116 2251 1236 2289 aviam
1264 2250 1302 2287 in
1334 2250 1614 2287 matrimonium

172 2315 294 2361 duxit,
315 2315 582 2353 consobrinam
602 2327 723 2360 suam,
744 2327 844 2364 quae,
859 2327 945 2352 cum
972 2321 1131 2351 matrem
1161 2325 1283 2350 meam
1310 2311 1363 2349 illi
1392 2311 1614 2362 peperisset,

172 2389 271 2414 anno
300 2375 423 2413 aetatis
449 2375 643 2426 trigesimo
672 2377 770 2426 [aut,
797 2381 885 2426 post
912 2375 1114 2413 triennium
1144 2373 1181 2411 in
1210 2373 1389 2422 conjugio
1422 2371 1616 2420 exactum]

170 2437 265 2475 vivis
283 2436 464 2475 excessit:
493 2450 586 2474 avus
608 2437 749 2487 itaque,
771 2437 832 2474 cui
852 2443 987 2488 praeter
1005 2436 1158 2474 unicam
1179 2435 1282 2472 illam
1300 2433 1415 2470 filiam
1438 2432 1499 2470 alii
1524 2433 1618 2470 nulli

171 2498 280 2537 liberi
294 2504 436 2543 essent,
456 2497 582 2535 animo
602 2498 651 2536 ad
672 2498 862 2537 secundas
882 2499 1035 2550 nuptias
1050 2497 1201 2548 adjecto
1221 2495 1378 2534 domum
1399 2493 1506 2532 duxit
1525 2493 1618 2531 Dio-

175 2560 246 2599 clis
260 2559 376 2610 hujus
401 2571 583 2604 sororem,
604 2560 705 2598 unde
727 2559 803 2598 duo
824 2573 948 2598 mares
973 2560 1045 2610 ipsi
1066 2559 1143 2596 nati
1163 2563 1264 2595 sunt.
1323 2556 1402 2593 Sub
1422 2555 1535 2606 hujus
1558 2568 1618 2593 se-

176 2621 314 2660 cundae
336 2622 463 2659 uxoris
483 2621 604 2659 oculis
620 2633 713 2659 avus
729 2620 843 2659 filiam
866 2634 972 2659 suam
991 2622 1167 2670 [matrem
1186 2617 1330 2666 meam]
1349 2617 1526 2655 educavit
1543 2630 1621 2654 una

177 2695 266 2721 cum
285 2684 450 2722 maribus
470 2696 515 2721 ex
539 2683 605 2722 illa
632 2684 801 2722 secunda
821 2696 938 2721 uxore
953 2682 1073 2719 natis:
1104 2688 1142 2719 et
1161 2681 1207 2718 ad
1230 2680 1378 2718 nubiles
1398 2692 1519 2718 annos
1538 2691 1622 2730 pro-

177 2751 341 2791 vectam,
358 2746 626 2796 superstitibus
655 2745 781 2783 adhuc
810 2746 890 2796 ejus
918 2744 1111 2788 fratribus,
1134 2741 1268 2793 nuptui
1296 2741 1460 2779 elocavit
1487 2739 1624 2778 Nausi-

178 2806 279 2844 meni
301 2804 552 2856 Cholargensi
571 2819 659 2844 cum
680 2807 769 2845 dote
790 2805 921 2856 viginti
943 2805 1109 2855 quinque
1130 2803 1329 2849 minarum,
1349 2801 1486 2853 partim
1506 2803 1542 2840 in
1557 2815 1624 2839 nu-

180 2873 326 2905 merata
345 2866 506 2918 pecunia
529 2868 665 2918 partim
695 2868 732 2905 in
755 2873 860 2905 veste
887 2865 1061 2903 muliebri
1090 2871 1129 2903 et
1151 2864 1295 2902 mundo
1324 2876 1440 2902 aureo
1459 2863 1621 2914 pecunia

179 2929 380 2967 aestimato.
436 2927 613 2967 Triennio
647 2936 712 2967 aut
737 2928 988 2979 quadriennio
1016 2934 1106 2977 post
1132 2927 1290 2964 moritur
1314 2925 1572 2964 Nausimenes
1602 2937 1621 2960 e
