1870 3277
646 192 721 229 AD
752 190 1113 228 DEMONICUM.
1591 195 1614 229 5

151 293 303 342 utrique
325 292 474 330 laedunt
501 306 565 331 eos
586 294 649 344 qui
670 293 786 330 fidem
805 292 880 330 illis
900 293 1059 330 habent.
1118 293 1158 329 Si
1178 305 1245 330 eos
1275 293 1417 332 amicos
1447 294 1617 345 comple-

149 354 264 390 cteris
285 354 351 403 qui
367 353 433 390 tibi
454 354 698 404 nequissimis
718 354 756 390 in
772 355 885 391 rebus
903 353 1181 402 gratificantur,
1200 366 1269 404 per
1288 367 1440 392 omnem
1459 361 1614 392 aetatem

151 417 278 454 nullos
305 417 462 455 habebis
493 419 558 468 qui
590 425 699 454 tuum
730 416 858 455 odium
883 423 1047 467 'propter
1085 430 1146 454 res
1180 417 1344 467 optimas
1385 418 1615 468 suscipiant.

152 478 282 515 Comis
303 491 395 529 erga
426 492 494 516 eos
527 485 611 515 esto
637 478 703 527 qui
725 485 762 516 te
782 478 1029 524 conveniunt,
1050 491 1129 515 non
1151 479 1341 528 superbus
1359 494 1369 516 ε
1397 491 1484 516 nam
1507 479 1615 516 fasti.-

151 539 254 576 dium
277 547 315 577 et
330 540 585 589 arrogantiam
602 540 662 577 vel
679 540 777 577 servi
793 539 1037 576 dominorum
1057 553 1160 590 aegre
1182 542 1327 585 ferunt,
1347 541 1508 578 comitas
1526 554 1618 579 vero

151 607 262 649 grata
273 607 318 638 et
340 601 515 651 jucunda
545 609 605 638 est
638 601 831 639 omnibus.
889 601 991 638 Sunt
1010 608 1140 639 autem·
1159 602 1352 639 comitatis
1374 602 1515 647 officia,
1536 615 1614 640 non

152 662 437 698 contentiosum
467 674 568 706 esse,
594 675 671 700 non
699 674 907 707 morosum,
929 674 1005 699 non
1031 663 1212 699 omnibus
1241 663 1278 699 in
1300 664 1415 700 rebus
1436 663 1615 700 adversa-

152 727 290 765 torem,
317 722 558 760 familiarium
579 723 787 761 iracundiae
807 736 885 760 non
906 735 1041 774 aspere
1061 723 1253 770 resistere,
1272 724 1447 773 quamvis
1479 724 1617 774 injuste

151 783 468 829 irascantu1·,›sed
488 785 543 822 eis
568 785 708 822 cedere
726 786 817 822 dum
838 784 1020 822 commoti
1038 792 1142 830 sunt,
1162 797 1208 823 ac
1228 785 1293 822 ubi
1310 785 1544 823 deferbuerit
1561 787 1616 824 ira

151 856 218 881 eos
234 845 436 895 objurgare
453 859 462 889 ;
493 858 569 883 non
583 846 620 882 in
636 846 805 883 ridiculis
821 845 940 883 serias
956 858 1016 883 res
1036 858 1165 896 agere,
1180 858 1304 895 neque
1322 845 1429 883 seriis
1445 846 1483 883 in
1503 847 1616 884 rebus

151 905 264 954 nugis
298 906 813 958 gaudere—intempestiva
839 906 940 943 enim
960 906 1104 956 ubique
1137 906 1302 944 molesta
1328 914 1418 945 sunt
1434 921 1508 951 ——;
1539 920 1616 945 non

149 965 309 1015 ingratis
329 966 422 1003 inire
440 966 615 1016 gratiam,
638 980 715 1017 quo
739 968 828 1004 vitio
848 967 958 1004 multi
977 967 1168 1013 laborant,
1196 968 1262 1017 qui
1291 968 1364 1006 etsi
1395 968 1527 1006 amicis
1548 969 1616 1006 ob-

151 1034 378 1076 sequuntur,
415 1028 601 1078 gravatim
636 1035 764 1066 tamen
792 1028 830 1065 id
864 1028 1032 1072 faciunu
1065 1042 1141 1066 non
1174 1028 1287 1066 facile
1317 1029 1508 1075 incusare,
1528 1042 1616 1066 nam

147 1091 326 1129 odiosum
348 1097 422 1137 est,
444 1104 520 1129 non
551 1092 600 1129 ad
633 1092 999 1142 reprehendendum
1031 1104 1118 1129 esse
1148 1091 1371 1142 proclivem,
1389 1105 1478 1129 nam
1500 1093 1616 1130 iratos

149 1153 256 1190 facit.
314 1153 586 1191 Conviviorum
607 1154 726 1191 vitare
756 1153 983 1191 sodalitates
1004 1153 1332 1191 consultissimum
1354 1160 1458 1190 certe
1480 1153 1618 1191 fuerit:

152 1214 222 1252 sed
251 1214 438 1264 siquando
465 1221 616 1265 tempus
646 1215 864 1265 postularit,
885 1215 1031 1264 surgito
1062 1221 1153 1251 ante
1187 1215 1425 1251 ebrietatem.
1486 1215 1617 1257 Quum

151 1274 252 1312 enim
273 1275 360 1312 vino
390 1288 500 1312 mens
533 1282 713 1326 corrupta
742 1275 872 1321 fuerit,
898 1275 1001 1312 idem
1033 1275 1067 1312 ei
1097 1274 1203 1324 quod
1234 1276 1409 1312 curribus
1441 1275 1568 1312 evenit
1596 1288 1617 1312 e

150 1335 290 1385 quibus
317 1336 462 1386 aurigae
490 1343 580 1373 sunt
609 1337 786 1373 excussi:
818 1349 906 1373 nam
935 1343 979 1373 ut
1001 1335 1040 1373 hi
1063 1342 1205 1373 temere
1235 1336 1412 1373 feruntur
1441 1343 1617 1374 carentes

151 1398 488 1448 gubernatoribus,
508 1398 562 1435 sic
583 1398 733 1435 animus
754 1398 793 1434 in
823 1397 944 1434 multa
964 1396 1107 1434 delicta
1134 1396 1356 1447 impellitur,
1380 1403 1507 1434 mente
1527 1398 1618 1435 sub-

152 1471 276 1496 versa.
347 1457 680 1496 Immortalitatem
715 1464 852 1508 specta
885 1457 1150 1508 magnitudine
1185 1457 1315 1503 animi,
1344 1457 1618 1495 mortalitatem

153 1519 350 1556 moderato
372 1532 495 1556 rerum
522 1531 606 1556 usu.
663 1520 865 1561 Quantum
896 1518 1061 1556 eruditio
1094 1518 1256 1555 inscitiae
1290 1524 1462 1568 praestet,
1495 1531 1543 1555 ex
1571 1530 1617 1555 eo

152 1580 361 1630 perspicies
391 1580 498 1630 quod
529 1592 663 1617 omnes
686 1592 708 1617 e
739 1580 890 1617 caeteris
915 1580 1087 1629 improbe
1119 1579 1230 1617 factis
1251 1579 1421 1617 fructum
1452 1579 1618 1629 aliquem

150 1641 326 1691 capiunt,
341 1641 426 1678 baec
446 1654 537 1678 vero
558 1641 641 1678 sola
662 1640 936 1678 detrimentum
955 1640 1071 1677 etiam
1090 1640 1282 1690 injungit:
1313 1653 1400 1677 nam
1419 1653 1523 1690 saepe
1543 1640 1618 1684 is‘ti,

151 1714 266 1751 quern
298 1702 494 1739 offendere
512 1702 653 1748 verbis,
686 1702 721 1739 ei
752 1701 880 1752 reipsa
909 1714 1045 1752 poenas
1077 1701 1285 1738 dederunt.
1342 1702 1444 1738 Cum
1480 1701 1617 1751 quibus

153 1762 358 1800 amicitiam
387 1763 456 1800 tibi
489 1764 739 1801 constitutam
770 1776 857 1801 esse
878 1763 947 1809 vis,
966 1763 1013 1800 de
1035 1763 1108 1800 illis
1138 1763 1350 1801 honorifice
1370 1763 1552 1813 loquitor,
1573 1765 1617 1802 iis

152 1822 395 1861 audientibus
427 1825 491 1874 qui
520 1824 773 1862 renuntiaturi
804 1825 905 1862 sint:
949 1824 1180 1875 principium
1210 1825 1312 1862 enim
1342 1825 1519 1863 amicitiae
1560 1833 1621 1864 est

154 1884 338 1927 laudatio,
356 1885 585 1936 vituperatio
613 1886 910 1924 inimicitiarum.
968 1888 1097 1927 Quum
1129 1886 1336 1931 deliberas,
1366 1899 1388 1924 e
1415 1888 1620 1937 praeteritis

151 1947 328 1997 exempla
348 1953 435 1997 pete
457 1960 580 1984 rerum
599 1948 838 1985 futurarum:
868 1960 956 1984 nam
974 1960 1062 1997 quae
1084 1949 1246 1985 obscura
1262 1955 1350 1986 sunt
1370 1962 1390 1986 e
1408 1949 1620 1987 manifestis

152 2007 331 2045 facillime
352 2008 626 2059 dijudicantur.
684 2009 728 2044 In
750 2008 1000 2045 deliberando
1018 2008 1155 2045 tardus
1176 2015 1276 2053 esto,
1300 2008 1338 2044 in
1359 2009 1618 2058 exsequendis

154 2069 374 2106 deliberatis
402 2069 516 2107 celer.
574 2069 768 2106 Existima
789 2068 880 2105 nihil
903 2069 1015 2106 tribui
1045 2069 1183 2106 melius
1213 2082 1235 2106 a
1255 2069 1326 2106 diis
1351 2070 1508 2118 quidem
1528 2083 1618 2120 pro-

154 2142 267 2180 spera
303 2130 471 2176 fortuna,
502 2143 525 2168 a
558 2130 670 2167 nobis
704 2130 798 2179 ipsis
828 2136 956 2166 autem
986 2129 1151 2180 sapienti
1185 2130 1362 2167 consilio.
1420 2130 1528 2173 Quas
1558 2145 1617 2169 res

153 2197 284 2241 aperte
304 2191 431 2229 dicere
451 2191 656 2237 vereberis,
684 2197 722 2228 et
752 2198 881 2227 tamen
913 2203 1000 2227 curn
1029 2190 1161 2228 amicis
1188 2190 1379 2240 aliquibus
1405 2193 1619 2229 communi-

152 2264 238 2289 care
259 2253 404 2303 cupies,
417 2258 598 2301 tanquam
619 2251 667 2288 de
687 2264 728 2288 re
748 2250 877 2288 aliena
889 2251 1102 2288 orationem
1121 2250 1327 2288 instituito:
1360 2252 1417 2289 sic
1432 2259 1471 2289 et
1485 2264 1616 2289 eorum

152 2313 382 2351 sententiam
399 2313 606 2363 intelliges,
626 2319 751 2350 necte
770 2313 852 2362 ipse
873 2313 1035 2362 aperies.
1093 2312 1223 2355 Quum
1244 2311 1400 2350 alterius
1414 2313 1617 2351 consilium

152 2374 191 2412 in
213 2374 288 2411 tuis
320 2374 483 2424 negotiis
510 2380 680 2423 expetes,
702 2373 966 2410 considerabis
995 2373 1032 2410 in
1063 2372 1193 2423 primis
1222 2373 1419 2423 quomodo
1444 2388 1504 2412 res
1527 2387 1619 2412 suas

153 2434 454 2477 administrarit:
485 2447 574 2472 nam
593 2434 657 2485 qui
677 2447 787 2472 suum
808 2434 1006 2485 negotium
1026 2434 1127 2472 male
1148 2435 1282 2484 gessit,
1302 2448 1498 2485 nunquam
1518 2436 1618 2474 bene

153 2495 378 2546 procurabit
409 2496 591 2533 alienum.
650 2495 716 2533 Sic
745 2503 873 2533 autem
903 2495 954 2534 ad
988 2495 1164 2546 capiendi
1192 2496 1341 2534 consilii
1373 2495 1616 2546 prudentiam

153 2558 318 2595 maxime
333 2556 567 2601 incitaberis,
583 2557 626 2602 si,
641 2570 729 2607 quae
745 2556 887 2594 damna
903 2556 1154 2595 temeritatem
1172 2565 1395 2607 sequantur,
1410 2557 1614 2607 cogitaris:

153 2631 242 2656 nam
273 2624 313 2656 et
343 2618 605 2655 valetudinem
633 2618 926 2667 diligentissime
953 2630 1147 2662 curamus,
1178 2630 1294 2667 quum
1325 2619 1615 2668 aegrotationum

155 2679 350 2718 molestias
378 2678 637 2717 recordamur.
697 2679 847 2730 Regum
869 2690 994 2716 mores
1015 2678 1162 2715 imitare
1190 2684 1229 2714 et
1250 2677 1298 2715 ad
1325 2690 1457 2716 eorum
1489 2679 1618 2733 studia

154 2746 192 2778 te
209 2739 356 2785 confer,
374 2746 418 2777 ut
448 2752 512 2776 eos
542 2741 705 2790 probare
727 2746 767 2778 et
798 2739 970 2777 aemulari
997 2738 1186 2782 videaris3
1218 2739 1321 2777 unde
1346 2740 1412 2778 fiet
1431 2746 1472 2778 ut
1491 2747 1531 2778 et
1549 2754 1619 2792 po-

154 2803 267 2852 pulus
289 2802 337 2840 de
369 2809 407 2839 te
439 2802 575 2840 melius
597 2802 791 2840 existimet
821 2808 861 2839 et
889 2808 930 2838 tu
953 2801 1103 2839 illorum
1121 2801 1432 2839 benevolentiam
1461 2814 1554 2852 erga
1581 2808 1618 2840 te

153 2864 372 2902 confirmes.
429 2864 529 2901 Cum
561 2864 654 2914 ipsis
686 2877 818 2915 regum
852 2863 1002 2914 legibus
1023 2864 1258 2915 obtempera,
1280 2870 1361 2902 tum
1379 2863 1614 2903 voluntatem

153 2937 285 2964 eorum
305 2925 558 2964 firmissimam
593 2938 676 2964 esse
708 2926 834 2977 legem
862 2924 1013 2962 ducito,
1070 2924 1406 2967 Quemadmodum
1443 2925 1543 2963 enim
1577 2926 1615 2962 in
