1870 3277
254 207 305 241 84
838 200 1129 240 ISOCRATIS

256 312 297 343 ut
317 312 433 342 antea
454 303 681 350 honoratus,
701 302 753 341 ita
774 316 876 342 nunc
894 303 1044 341 futurus
1064 301 1298 353 conspicuus
1319 301 1369 339 ob
1390 301 1583 351 ignaviam
1602 307 1643 337 ut
1662 314 1729 338 an·

254 375 319 405 tea
334 367 383 404 ob
405 365 583 403 virtutem
612 365 789 412 illustris,
809 366 901 415 quin
929 371 968 402 et
988 365 1136 403 visurus
1169 375 1299 402 servos
1328 369 1483 401 nostros
1510 376 1557 401 ex
1577 362 1732 412 regione

258 428 369 466 nobis
399 427 535 466 relicta
565 440 588 465 a
619 427 792 478 patribus
825 426 992 477 majores
1022 438 1138 477 quam
1170 437 1241 463 nos
1272 424 1458 475 primitias
1488 430 1528 461 et
1556 423 1732 460 victimas

255 489 405 535 offerre,
422 489 658 540 eosdemque
687 488 892 527 auditurus
919 487 1060 526 talibus
1085 488 1122 525 in
1154 500 1222 525 nos
1254 486 1307 523 uti
1329 485 1519 530 convitiis,
1539 484 1668 535 qualia
1687 484 1733 522 iis

258 553 295 590 in
318 558 497 603 promptu
519 550 601 589 fore
623 549 806 588 credibile
841 556 902 588 est
933 549 1012 600 qui,
1034 562 1153 600 quum
1187 548 1380 587 duriorem
1413 559 1529 598 quam
1561 546 1625 584 alii
1655 559 1734 584 ser-

257 612 395 651 vierint
427 612 663 657 servitutem,
684 623 788 649 nunc
820 623 934 661 aequo
961 611 1048 661 jure
1078 622 1165 648 cum
1197 608 1362 648 dominis
1397 615 1515 659 pacta
1546 606 1734 645 fecerint:

259 687 347 726 quae
368 672 633 723 unusquisque
654 678 828 710 nostrum
849 672 902 711 ita
921 672 1086 717 doleret,
1103 679 1143 710 ut
1158 671 1323 710 dicendo
1343 670 1381 708 id
1403 669 1623 709 mortalium
1643 681 1737 707 con—

260 737 371 788 sequi
394 748 508 774 nemo
528 740 664 786 queat.
723 734 839 773 Hisce
861 735 909 773 de
925 736 1041 773 rebus
1064 748 1167 774 nunc
1187 733 1490 773 consultandum
1514 740 1586 778 est,
1602 738 1641 770 et
1660 744 1738 769 non

261 807 343 837 tum
370 798 539 849 graviter
572 797 774 836 ferendum
796 810 915 848 quum
943 797 1116 848 quiritari
1136 796 1229 834 nihil
1256 796 1448 848 proderit;
1482 808 1586 833 nunc
1612 793 1740 844 potius

261 859 474 910 advigilare
494 858 609 897 decet
628 871 675 896 ne
707 858 867 909 quercla
893 858 1055 909 dignum
1087 858 1233 908 aliquid
1264 857 1430 896 eveniat.
1488 858 1614 899 Quam
1637 856 1740 894 enim

263 930 375 972 turpe
397 926 470 967 est,
499 932 617 971 quum
638 919 804 958 antehac
836 932 884 957 ne
915 920 1104 970 ingenuos
1126 919 1282 970 quidem
1311 919 1507 969 exaequari
1540 918 1741 955 nobiscum

261 982 370 1033 passi
399 981 601 1026 fuerimus,
626 994 732 1019 nunc
768 993 965 1019 servorum
997 981 1112 1018 etiam
1137 981 1172 1018 in
1194 980 1390 1031 loquendo
1417 980 1611 1018 licentiam
1646 979 1742 1017 tole-

264 1057 359 1082 rare.
418 1043 519 1080 Nam
543 1043 782 1093 superiorum
816 1049 1031 1093 temporum
1063 1048 1150 1080 acta
1169 1042 1387 1080 insolentiae
1408 1049 1551 1079 nostrae
1572 1042 1743 1079 tribuen-

265 1112 341 1151 tur,
359 1104 441 1155 qui,
460 1116 580 1154 quum
610 1103 773 1153 ingeniis
797 1103 892 1141 nihil
914 1103 1009 1140 alios
1031 1102 1325 1147 excelleremus,
1342 1103 1555 1153 pertinacia
1574 1109 1612 1140 et
1640 1103 1743 1140 fastu

265 1179 344 1204 non
362 1177 453 1203 vera
471 1164 661 1215 gravitate
684 1163 803 1202 simus
832 1164 904 1202 usi.
965 1163 1025 1200 Ne
1046 1176 1163 1214 quam
1192 1163 1308 1214 igitur
1338 1176 1473 1201 ansam
1500 1164 1745 1214 praebeamus

266 1227 406 1266 nostris
434 1225 774 1272 obtrectatoribus,
805 1226 874 1264 sed
895 1238 1028 1264 eorum
1049 1224 1360 1263 maledicentiam
1384 1225 1497 1263 factis
1518 1225 1745 1272 refutemus,

266 1295 312 1328 ut
329 1302 401 1328 nos
421 1288 612 1339 majorum
632 1287 804 1338 vestigiis
826 1287 1002 1337 religiose
1021 1292 1207 1337 appareat
1227 1286 1421 1325 institisse.

324 1353 391 1389 42.
425 1349 700 1388 Recordamini
730 1349 794 1400 qui
823 1349 871 1388 ad
895 1349 1070 1400 Dipaeam
1103 1348 1288 1387 adversus
1309 1349 1484 1387 Arcades
1505 1349 1749 1396 dimicarunt,

269 1425 369 1464 quos
391 1412 499 1450 aiunt
518 1412 572 1450 ita
588 1411 777 1449 instructa
795 1411 878 1449 acie
898 1416 941 1448 ut
960 1410 1130 1461 phalanx
1154 1423 1232 1448 uno
1253 1410 1333 1448 viro
1355 1410 1511 1448 densior
1540 1423 1616 1448 non
1643 1418 1750 1448 esset

269 1476 308 1514 in
328 1475 462 1525 fugam
490 1473 614 1512 multa
635 1472 755 1511 millia
777 1473 952 1518 vertisse,
968 1479 1007 1511 et
1027 1478 1288 1510 trecentorum
1315 1471 1468 1510 illorum
1496 1472 1560 1522 qui
1582 1472 1630 1513 ad
1646 1472 1748 1523 Thy-

269 1549 357 1575 reas
388 1534 554 1586 Argivos
583 1534 786 1573 universos
817 1540 1064 1585 superarunt,
1085 1540 1124 1571 et
1153 1533 1259 1571 mille
1287 1534 1452 1571 virorum
1473 1533 1538 1584 qui
1569 1533 1608 1570 in
1627 1533 1749 1572 Ther-

270 1596 438 1648 mopylis
469 1609 559 1635 cum
584 1595 730 1646 septies
751 1595 926 1633 centenis
944 1595 1197 1633 barbarorum
1219 1594 1387 1632 millibus
1406 1594 1606 1645 congressi
1625 1607 1750 1646 neque

272 1665 385 1710 terga
403 1664 603 1696 verterunt
619 1670 745 1707 neque
766 1656 856 1695 victi
878 1655 1072 1702 sunt‚·sed
1101 1668 1180 1707 quo
1197 1656 1235 1694 in
1257 1655 1381 1706 gradu
1401 1655 1581 1695 collocati
1600 1655 1753 1694 fuerant

272 1720 313 1759 in
331 1733 378 1759 eo
399 1720 662 1771 oppetierunt,
685 1719 816 1770 itaque
837 1732 878 1757 se
896 1725 1117 1770 gesserunt,
1135 1726 1177 1756 ut
1197 1718 1263 1769 qui
1281 1725 1361 1756 arte
1384 1732 1444 1757 res
1466 1725 1596 1769 gestas
1618 1731 1753 1756 ornare

273 1782 402 1822 solent
420 1782 548 1820 nullas
568 1781 721 1820 illorum
739 1781 941 1820 virtutibus
968 1780 1105 1819 laudes
1126 1793 1281 1831 aequare
1299 1780 1462 1830 possint.
1523 1780 1621 1819 Haec
1638 1780 1754 1830 igitur

275 1846 407 1885 omnia
439 1844 677 1895 cogitatione
709 1844 900 1894 complexi
931 1843 1076 1881 bellum
1106 1843 1242 1880 fortius
1271 1842 1599 1889 administremus,
1625 1854 1753 1893 neque

276 1913 549 1957 exspectemus
568 1905 661 1942 dum
691 1904 755 1942 alii
774 1904 884 1942 malis
905 1904 1050 1942 nostris
1071 1902 1302 1941 medicinam
1330 1902 1556 1948 adhibeant,
1577 1904 1644 1941 sed
1666 1916 1755 1953 quae

276 1968 389 2006 nobis
409 1966 503 2017 ipsis
524 1978 702 2011 evenere,
716 1966 856 2004 eadem
876 1966 950 2017 ipsi
973 1965 1088 2003 etiam
1107 1965 1333 2016 propulsare
1352 1965 1593 2005 studeamus.
1652 1965 1755 2003 Prae-

276 2036 425 2068 stantes
439 2040 552 2079 porro
568 2027 670 2065 viros
684 2027 828 2065 talibus
845 2026 1083 2078 temporibus
1101 2026 1291 2064 excellere
1308 2026 1444 2065 decet:
1466 2040 1554 2065 nam
1570 2027 1755 2065 secundae

279 2090 439 2142 quidem
468 2102 526 2128 res
556 2090 672 2127 etiam
704 2090 930 2140 ignavorum
962 2088 1162 2126 hominum
1195 2088 1287 2127 vitia
1317 2097 1547 2141 contegunt,
1579 2091 1757 2129 adversae

281 2158 411 2191 autem
438 2150 574 2200 quales
601 2150 741 2201 quique
769 2150 845 2187 sint
871 2149 1002 2188 statim
1033 2148 1268 2188 ostendunt:
1300 2150 1338 2187 in
1365 2150 1423 2189 his
1452 2151 1567 2202 igitur
1594 2152 1756 2191 demon-

281 2212 481 2253 strandum
495 2217 568 2257 est,
585 2210 726 2261 siquid
748 2223 818 2249 nos
840 2210 923 2249 aliis
939 2209 1080 2248 rectius
1108 2208 1262 2248 educati
1283 2220 1324 2249 et
1342 2209 1520 2250 instructi
1549 2224 1684 2251 sumus
1705 2213 1755 2251 ad

282 2274 477 2314 virtutem.

339 2337 407 2373 43.
439 2333 578 2384 Neque
591 2345 683 2371 vero
705 2331 991 2383 desperandum
1012 2337 1073 2370 est
1095 2344 1143 2369 ex
1161 2332 1207 2370 iis
1227 2345 1315 2383 quae
1337 2346 1440 2371 nunc
1457 2333 1602 2371 adsunt
1618 2334 1700 2372 fore
1719 2342 1763 2373 ut

288 2397 417 2447 aliqua
430 2394 666 2444 contingant
684 2406 773 2444 quae
794 2405 956 2432 necesse
975 2400 1077 2432 sunt.
1112 2394 1251 2444 Neque
1270 2394 1372 2433 enim
1391 2394 1593 2446 ignoratis,
1609 2396 1759 2446 opinor,

288 2457 412 2496 multa
427 2456 509 2507 jam
527 2455 621 2494 talia
637 2454 841 2501 accidisse,
861 2467 950 2505 quae
969 2453 1077 2493 initio
1095 2455 1251 2507 quidem
1272 2456 1309 2493 in
1331 2456 1441 2494 malis
1462 2469 1596 2495 omnes
1626 2470 1761 2495 nume-

290 2523 421 2557 rarent
439 2524 480 2555 et
504 2528 639 2555 eorum
670 2516 812 2567 quibus
839 2515 907 2553 illa
937 2524 1199 2555 usuvenerant
1218 2518 1340 2556 vicem
1367 2518 1558 2565 dolerent,
1579 2532 1699 2570 quum
1718 2533 1765 2558 ea

290 2585 379 2630 post
399 2578 656 2617 maximorum
674 2578 862 2615 bonorum
878 2589 1019 2616 causas
1039 2578 1158 2617 fuisse
1172 2578 1447 2630 intelligerent.
1491 2580 1541 2617 Et
1557 2581 1652 2630 quid
1665 2594 1763 2632 opus

292 2646 354 2678 est
381 2639 568 2689 exemplis
593 2639 708 2689 longe
729 2637 950 2677 accersitis?
979 2652 1099 2690 quum
1122 2653 1226 2678 nunc
1251 2641 1367 2679 etiarn
1389 2640 1582 2692 principes
1606 2642 1764 2692 quidem

294 2702 425 2747 urbes,
448 2701 751 2740 Atheniensium
771 2701 927 2751 inquam
948 2707 988 2739 et
1008 2701 1302 2748 Thebanorum,
1322 2715 1400 2740 non
1427 2715 1523 2753 pace
1543 2703 1590 2741 ad
1614 2710 1765 2742 tantam
1810 2736 1815 2739 ,

295 2761 602 2814 magnitudinem
620 2762 851 2813 pervenisse,
873 2762 942 2800 sed
966 2775 1014 2801 ex
1041 2762 1135 2800 belli
1161 2763 1447 2802 calamitatibus
1480 2764 1679 2815 pristinam
1709 2766 1767 2804 di-

296 2824 484 2874 gnitatem
511 2835 763 2874 recuperasse
784 2821 1008 2868 videamus;
1039 2823 1143 2862 unde
1163 2824 1283 2863 altera
1303 2823 1562 2876 principatum
1584 2825 1769 2866 Graecum

300 2892 419 2931 tenet,
439 2884 559 2923 altera
579 2891 687 2923 tanta
707 2884 744 2922 in
764 2885 970 2936 praesentia
993 2886 1099 2925 facta
1131 2893 1190 2925 est
1221 2892 1407 2937 quantam
1436 2900 1520 2938 eam
1548 2889 1628 2926 fore
1654 2902 1767 2928 nemo

298 2958 469 2997 unquam
489 2945 732 2985 credidisset.
792 2947 929 2998 Neque
949 2947 1051 2986 enim
1070 2947 1251 2999 ignavum
1269 2947 1385 2987 otium
1401 2961 1582 3000 magnam
1603 2950 1764 3001 gloriam
