1870 3277
614 197 1093 237 PANATHENAICUS.
1514 198 1588 235 147

179 300 217 336 4.
246 297 334 337 Non
361 304 490 337 autem
511 299 640 351 eloqui
657 301 829 346 verebor,
848 307 930 338 tum
951 299 1277 351 perturbationem
1295 299 1335 337 in
1354 299 1483 339 animo
1501 311 1589 337 meo

126 372 230 397 nunc
248 367 437 406 exortam,
455 369 535 399 tum
557 362 835 400 absurditatem
856 375 989 400 eorum
1010 374 1099 412 quae
1125 374 1228 399 nunc
1254 361 1441 412 intelligo,
1461 373 1590 411 neque

127 421 336 472 disputabo
365 436 413 462 an
440 430 544 462 recte
571 424 725 462 faciam.
784 423 868 474 Ego
898 422 998 462 enim
1026 422 1194 460 maxima
1217 423 1321 460 bona
1340 429 1591 468 consecutus,

127 483 268 533 quibus
290 498 330 522 se
351 485 534 536 praeditos
561 498 646 523 esse
674 497 808 522 omnes
838 492 987 536 optent,
1008 484 1172 535 primum
1203 497 1338 521 sanam
1364 490 1531 521 mentem
1552 483 1590 521 in

126 557 222 582 sano
243 559 415 597 corpore,
436 560 508 585 nec
527 560 573 584 ea
593 546 848 592 mediocriter,
869 546 938 583 sed
967 552 1009 583 ut
1037 559 1126 583 cum
1156 545 1231 583 illis
1263 551 1409 582 certare
1435 557 1589 594 possem

125 618 291 656 quorum
311 608 348 646 in
369 609 428 646 his
449 609 562 646 rebus
581 608 786 659 singularis
807 608 970 645 felicitas
987 620 1072 645 esse
1092 614 1272 657 putatur3
1301 605 1443 643 deinde
1464 612 1591 642 tantas

125 668 179 706 rei
207 669 401 708 familiaris
430 669 576 720 copias,
597 676 639 707 ut
669 669 776 707 nulla
806 682 977 719 unquam
1004 682 1044 707 re
1070 668 1252 706 mediocri
1282 680 1446 718 quamve
1474 666 1591 703 homo

124 731 297 780 prudens
328 731 587 782 expetendam
622 738 781 769 censeat
809 731 1017 774 caruerim;
1060 730 1227 780 denique
1256 729 1355 767 illud
1380 728 1509 774 etiam,
1543 739 1592 765 ne

127 805 228 830 unus
261 806 311 830 ex
344 793 507 844 abjectis
533 800 573 831 et
601 793 834 844 contemptis
862 806 998 838 essem,
1025 793 1094 831 sed
1125 806 1172 830 ex
1200 804 1332 830 eorum
1359 802 1519 827 numero
1544 788 1593 826 de

124 854 266 902 quibus
296 854 542 892 eruditissimi
576 862 615 893 et
646 854 903 892 honestissimi
928 854 1072 904 quique
1099 853 1329 891 Graecorum
1359 857 1404 888 ut
1433 853 1482 888 de
1503 848 1593 886 viris

126 914 236 952 bonis
266 922 305 953 et
333 915 459 953 doctis
487 922 525 953 et
551 916 723 954 sentiunt
750 922 789 954 et
811 916 1046 966 loquuntur:
1079 927 1167 965 quae
1197 913 1327 952 omnia
1351 924 1472 963 quum
1501 910 1593 948 mihi

126 977 372 1028 contigerint,
386 978 461 1015 alia
475 978 711 1017 excellenter
726 978 801 1016 alia
816 977 1061 1024 sufficienter,
1074 984 1202 1015 tamen
1219 975 1312 1014 mihi
1327 975 1440 1013 vitam
1453 974 1595 1025 jucun·

126 1039 219 1077 dam
249 1053 326 1078 non
353 1040 540 1086 efficiunt,
570 1041 640 1079 sed
673 1053 759 1078 mea
793 1047 973 1078 senectus
1007 1039 1060 1077 ita
1090 1051 1253 1083 morosa,
1281 1038 1333 1076 ita
1359 1036 1516 1088 pusilla,
1539 1034 1595 1072 ita

127 1101 290 1151 querula
307 1108 378 1147 est,
395 1109 439 1140 ut
457 1115 563 1154 saepe
575 1109 614 1140 et
627 1102 827 1152 ingenium
842 1115 971 1139 meum
985 1101 1077 1138 mihi
1096 1100 1346 1152 displicuerit,
1360 1098 1466 1149 quod
1481 1109 1595 1135 nemo

127 1162 226 1200 alius
260 1164 516 1213 contempsit3
551 1173 590 1202 et
619 1164 810 1201 fortunam
845 1176 969 1201 meam
999 1163 1069 1200 sim
1102 1162 1321 1206 miseratus,
1350 1172 1470 1211 quum
1501 1157 1596 1196 nihil

127 1223 308 1262 haberem
328 1224 432 1262 aliud
454 1225 491 1261 in
513 1238 590 1275 quo
609 1225 712 1263 hauc
733 1238 954 1263 accusarem
975 1224 1048 1262 nisi
1069 1223 1173 1274 quod
1194 1235 1323 1260 meum
1340 1218 1595 1272 philosophiae

127 1285 299 1323 studium
321 1285 502 1336 quaedam
523 1286 764 1323 calamitates
787 1294 827 1324 et
841 1286 1047 1323 calumniae
1069 1284 1377 1335 interpellarunt,
1398 1280 1596 1332 ingenium

127 1359 218 1384 vero
234 1360 360 1384 meum
378 1347 515 1384 scirem
532 1353 570 1384 et
590 1347 638 1384 ad
656 1360 713 1384 res
731 1347 921 1397 gerendas
938 1346 1125 1384 infirmius
1141 1358 1185 1383 ac
1202 1344 1356 1382 mollius
1374 1356 1460 1381 esse
1478 1354 1595 1392 quam

127 1414 316 1460 oporteat,
336 1416 374 1447 et
393 1408 443 1446 ad
463 1408 725 1458 eloquentiam
753 1421 880 1458 neque
909 1409 1121 1458 perfectum
1152 1420 1279 1456 neque
1300 1407 1347 1443 ab
1368 1404 1471 1442 omni
1491 1409 1598 1454 parte

128 1470 324 1515 idoneum,
345 1477 462 1521 atque
483 1478 524 1507 ut
552 1471 601 1508 ad
626 1469 699 1506 hoc
720 1469 902 1506 idoneum
931 1476 973 1505 ut
999 1468 1186 1518 cujusque
1212 1467 1264 1504 rei
1285 1466 1482 1504 veritatem
1506 1477 1600 1501 con-

120 1532 279 1584 jectura
298 1532 436 1570 melius
457 1532 642 1583 indagare
662 1531 784 1582 possit
802 1543 922 1580 quam
943 1530 965 1568 ii
987 1530 1053 1581 qui
1072 1529 1272 1567 scientiam
1291 1529 1532 1579 profitentur,
1546 1527 1600 1564 ita

128 1594 160 1632 si
185 1594 223 1632 in
251 1601 446 1632 conventu
475 1606 693 1643 magnaque
721 1592 921 1630 hominum
943 1591 1162 1642 frequentia
1187 1591 1259 1628 illis
1287 1591 1379 1641 ipsis
1407 1589 1456 1627 de
1482 1589 1598 1626 rebus

127 1656 340 1695 dicendum
366 1656 428 1701 sit,
449 1657 617 1694 omnium
645 1663 706 1693 est
731 1662 773 1693 ut
800 1655 967 1705 ingenue
993 1655 1116 1693 fatear
1138 1653 1437 1705 ineptissimum.
1496 1652 1597 1689 Nam

129 1731 218 1769 quae
252 1719 341 1756 duae
373 1731 435 1755 res
467 1717 506 1754 in
539 1717 693 1755 civitate
725 1717 932 1768 plurimum
965 1724 1144 1766 possunt,
1165 1716 1271 1753 vocis
1304 1713 1533 1765 magnitudo
1560 1721 1599 1750 et

129 1780 306 1825 audacia,
327 1793 383 1817 eae
403 1779 457 1817 sic
482 1779 573 1816 mihi
599 1779 753 1825 desunt,
775 1786 819 1816 ut
845 1777 950 1816 haud
978 1778 1057 1816 scio
1086 1791 1135 1816 an
1163 1777 1231 1814 ulli
1260 1776 1425 1814 civium:
1456 1774 1597 1825 quibus

127 1841 376 1880 facultatibus
396 1841 462 1891 qui
483 1840 762 1886 destituuntur,
782 1840 1084 1890 contemptiores
1111 1838 1366 1877 obambulant
1385 1843 1424 1874 et
1445 1836 1597 1874 tenuius

129 1903 372 1941 aestimantur
399 1916 515 1954 quam
541 1903 606 1953 qui
637 1903 673 1940 in
701 1903 858 1940 aerarios
889 1902 999 1941 relati
1026 1902 1126 1939 tribu
1155 1907 1381 1938 moventur:
1411 1898 1469 1935 his
1497 1897 1598 1936 enim

130 1979 221 2017 spes
241 1966 371 2017 aliqua
391 1967 527 2004 subest
545 1965 702 2002 mulctae
723 1964 1002 2011 dissolvendae,
1024 1964 1077 2002 illi
1103 1971 1282 2002 naturam
1302 1961 1407 2000 haud
1428 1973 1600 2010 unquam

131 2027 378 2065 mutaverint.

198 2093 236 2128 5.
270 2089 360 2127 Non
392 2096 520 2127 tamen
549 2095 706 2140 propter
727 2088 810 2126 haec
832 2090 961 2127 animo
992 2088 1147 2139 abjecto
1178 2085 1351 2125 commisi
1372 2091 1415 2122 ut
1442 2096 1599 2135 prorsus

129 2152 318 2203 inglorius
335 2158 373 2189 et
393 2151 430 2188 in
453 2151 619 2188 obscuro
635 2150 813 2195 viverem,
830 2150 899 2187 sed
916 2162 1037 2200 quum
1056 2148 1145 2186 mihi
1163 2146 1419 2198 capessendae
1436 2144 1598 2196 reipubl.

129 2214 293 2252 facultas
317 2220 459 2263 negata.
478 2219 595 2255 esset,
610 2212 658 2250 ad
676 2212 877 2262 sapientiae
893 2211 1100 2249 vehemens
1122 2210 1292 2248 studium
1313 2215 1353 2246 et
1372 2208 1422 2246 ad
1443 2221 1489 2245 ea
1508 2207 1599 2245 scri-

129 2276 260 2314 benda
290 2287 378 2325 quae
407 2273 618 2324 cogitando
649 2273 835 2311 eruissem
867 2272 1040 2323 confugi,
1074 2285 1197 2322 neque
1227 2271 1376 2308 minuta
1404 2269 1600 2319 quaedam,

133 2345 200 2376 aut
216 2338 385 2389 privatos
405 2343 641 2380 contractus,
657 2344 725 2373 aut
745 2336 793 2373 de
815 2335 955 2387 quibus
971 2334 1150 2373 nonnulli
1171 2340 1382 2383 nugantur,
1395 2331 1603 2369 tractanda

132 2399 299 2450 suscepi,
320 2398 388 2437 sed
421 2399 469 2436 de
499 2405 603 2436 statu
625 2398 792 2436 Graeciae
825 2398 951 2448 deque
977 2397 1093 2447 regiis
1123 2404 1163 2435 et
1187 2395 1411 2447 reipublicae
1439 2393 1600 2444 negotiis

135 2461 313 2505 disserui,
336 2467 611 2511 proptereaque
633 2473 693 2497 me
707 2460 795 2511 jure
823 2466 931 2498 tanto
950 2459 1238 2497 honoratiorem
1266 2457 1435 2494 futurum
1463 2455 1507 2492 iis
1535 2455 1601 2504 qui

135 2529 361 2574 suggestum
379 2522 690 2560 conscenderent
709 2522 875 2573 speravi,
893 2529 1039 2572 quanto
1056 2520 1264 2572 majoribus
1285 2526 1324 2555 et
1343 2516 1601 2568 pulcrioribus

135 2587 183 2625 de
201 2587 314 2624 rebus
332 2598 446 2636 quam
463 2585 515 2622 illi
531 2585 710 2623 dicerem.
767 2586 912 2623 Verum
930 2584 1024 2622 nihil
1041 2585 1114 2622 tale
1130 2583 1219 2620 mihi
1236 2581 1411 2631 contigit.
1468 2579 1600 2623 Quum

135 2661 250 2687 nemo
273 2648 423 2699 ignoret
444 2647 586 2685 multos
611 2654 805 2685 oratorum
826 2660 873 2684 ea
893 2660 979 2684 esse
1001 2645 1164 2683 audacia
1183 2650 1225 2680 ut
1245 2655 1322 2680 non
1343 2641 1502 2691 reipubl.
1525 2641 1600 2678 uti·

135 2709 279 2748 litatem
303 2708 373 2747 sed
393 2716 586 2759 quaestum
605 2715 642 2746 et
664 2708 798 2747 sordes
817 2721 909 2746 suas
931 2714 1110 2758 spectent
1125 2706 1159 2742 in
1183 2704 1435 2743 concionibus
1457 2703 1602 2741 liaben-

137 2770 285 2815 dis‚me
308 2778 437 2808 autem
460 2778 499 2808 et
520 2783 625 2808 meos
649 2783 722 2807 non
747 2777 897 2807 tantum
915 2782 936 2806 a
951 2768 1133 2819 peculatu
1156 2766 1359 2804 alieniores
1379 2778 1465 2803 esse
1483 2777 1600 2815 quarn

139 2830 250 2876 alios,
265 2831 332 2868 sed
348 2838 388 2869 et
409 2831 455 2869 de
475 2838 607 2869 nostra
625 2845 664 2870 re
684 2831 859 2869 familiari
881 2829 1187 2868 utconsnlamus
1208 2828 1371 2866 civitatis
1391 2827 1597 2865 necessita-

139 2893 242 2931 tibus
271 2895 432 2940 majores
460 2906 574 2944 quam
601 2906 668 2944 pro
695 2893 834 2944 opibus
863 2892 1005 2930 nostris
1036 2898 1213 2941 sumptus
1244 2890 1393 2928 facere:
1426 2888 1510 2926 illos
1533 2900 1600 2938 pro

139 2960 328 3004 suggesto
346 2961 412 2991 aut
432 2961 586 3005 propter
616 2954 801 3005 pecunias
822 2953 925 3004 apud
947 2960 1183 3002 sequestrem
1212 2951 1408 3002 depositas
1437 2949 1600 2987 invicem
