1870 3277
899 568 1143 623 ISAEI

465 735 569 786 DE
620 735 940 786 PYRRHI
992 734 1580 785 HEREDITATE.

785 938 1259 976 ARGUMENTUM.

327 1031 465 1073 Pyrrhus
489 1030 620 1062 alterum
645 1030 755 1061 sororis
777 1030 873 1061 filium
895 1030 1028 1061 Endium
1050 1030 1224 1071 adoptavit,
1242 1030 1294 1072 qni
1313 1030 1393 1060 ultra
1410 1029 1520 1072 viginti
1538 1040 1634 1062 annos
1650 1031 1760 1062 fruitus

283 1083 456 1113 hereditate
472 1083 569 1113 obiit:
595 1082 752 1113 Xenocles
768 1082 887 1123 potitus
903 1083 1067 1122 pecuniam
1086 1087 1215 1113 testatus
1232 1087 1279 1112 est
1297 1081 1422 1118 Philon,
1439 1092 1561 1113 uxorem
1579 1093 1677 1119 suam,
1695 1093 1762 1113 esse

282 1133 392 1175 Pyrrhi
409 1133 503 1164 filiam
525 1133 707 1174 legitimam,
722 1134 934 1164 contendente
961 1133 1057 1164 Endii
1083 1139 1179 1164 matre
1208 1134 1247 1164 (le
1274 1134 1469 1171 hereditate5
1493 1139 1524 1164 et
1548 1135 1763 1174 deprehensus

280 1184 430 1226 pejerare,
441 1185 510 1226 ipso
522 1183 699 1215 Nicodemo
713 1189 845 1215 testante
859 1184 889 1214 in
904 1195 1029 1215 uxorem
1041 1184 1184 1226 junxisse
1196 1195 1328 1215 sororem
1345 1185 1464 1226 Pyrrho
1478 1186 1648 1216 secundum
1664 1185 1761 1226 leges,

279 1241 311 1266 et
333 1247 369 1266 ex
390 1246 428 1266 ea
451 1242 554 1266 natam
574 1246 641 1267 esse
663 1235 786 1266 Philen.
805 1236 898 1266 Endii
922 1246 992 1266 vero
1015 1237 1108 1266 frater
1127 1236 1204 1266 dicit
1220 1246 1288 1266 csse
1304 1237 1451 1277 spuriam,
1470 1242 1501 1267 et
1519 1247 1556 1268 ex
1573 1236 1756 1267 concubinis

282 1287 404 1329 Pyrrho
421 1294 528 1323 ortam,
548 1294 579 1318 et
594 1293 628 1318 ut
643 1288 735 1318 talem
752 1288 791 1318 ab
810 1287 914 1317 Endio
931 1287 1063 1318 locatam
1082 1298 1149 1318 esse
1168 1287 1314 1319 Xenocli.
1362 1288 1503 1324 Quaestio
1525 1287 1760 1330 conjecturalis:

281 1339 439 1370 accusatio
455 1344 586 1370 testatur
601 1340 640 1370 de
657 1339 794 1381 perjurio
810 1345 917 1370 contra
931 1339 1154 1370 Nicodemum.

340 1439 376 1477 1.
406 1438 626 1477 PYRRHUS
649 1438 780 1477 matris
803 1450 900 1476 meae
920 1438 1051 1485 frater,
1071 1438 1275 1490 ojudices,
1293 1438 1401 1490 prole
1417 1451 1553 1478 carens
1572 1438 1759 1490 legitima,

279 1501 440 1540 fratrem
469 1513 599 1540 meum
630 1501 799 1539 Endium
839 1513 909 1551 pro
940 1500 1019 1538 filio
1055 1507 1171 1551 atque
1205 1501 1348 1539 herede
1382 1501 1660 1553 adoptaverat;
1695 1501 1761 1553 qui

282 1563 430 1602 Endius
451 1564 499 1602 ab
520 1575 687 1601 excessu
717 1561 853 1613 Pyrrhi
880 1561 970 1612 plus
995 1561 1131 1612 viginti
1158 1562 1268 1600 annis
1295 1562 1329 1600 ei
1357 1562 1580 1614 supervixit,
1601 1569 1640 1601 et
1658 1564 1763 1601 bona

281 1626 422 1677 Pyrrhi
441 1624 618 1677 possedit
635 1631 753 1676 atque
775 1623 974 1674 usurpavit
993 1630 1155 1675 totoque
1174 1623 1241 1662 illo
1261 1631 1435 1675 tempore
1455 1637 1570 1663 nemo
1591 1637 1761 1676 unquam

280 1689 360 1726 ulla
390 1687 561 1739 prodidit
591 1686 875 1738 significatione
910 1693 950 1725 et
982 1699 1031 1724 ne
1062 1686 1261 1725 simulavit
1288 1686 1445 1738 quidem
1471 1700 1512 1726 se
1541 1687 1761 1726 existimare

279 1751 385 1789 illam
414 1749 670 1788 hereditatem
700 1748 750 1787 ad
772 1761 814 1787 se
840 1748 1034 1800 pertinere
1053 1761 1176 1799 neque
1199 1761 1316 1799 super
1336 1761 1383 1787 ea
1403 1762 1492 1787 curn
1514 1749 1643 1787 Endio
1665 1762 1759 1788 con-

279 1813 417 1852 tendit.
474 1811 621 1850 Verum
659 1811 787 1850 Endio
821 1811 940 1850 fratre
977 1823 1064 1849 meo
1103 1823 1206 1848 anno
1241 1810 1429 1862 superiori
1456 1811 1537 1849 vita
1569 1810 1759 1850 defuncto

280 1875 417 1914 mulier
450 1874 648 1926 quaedam,
683 1874 797 1925 quasi
834 1873 1022 1912 simulans
1053 1885 1096 1911 se
1130 1873 1308 1924 ignorare
1335 1873 1418 1924 jam
1449 1879 1538 1910 ante
1568 1885 1609 1911 se
1639 1873 1758 1911 alium

278 1938 478 1990 quendam
494 1938 613 1976 fuisse
628 1937 819 1975 bonorum
834 1935 971 1987 Pyrrhi
988 1934 1171 1973 heredem
1188 1934 1254 1985 qui
1275 1933 1341 1972 illa
1355 1934 1503 1972 tamdiu
1518 1944 1760 1986 usurpasset,

280 2013 396 2051 quem
422 2006 553 2038 tamen
577 1998 664 2050 ipsa
691 1997 810 2036 tacita
835 1996 1074 2048 pertulisset,
1095 2003 1134 2034 et
1151 1996 1262 2047 quasi
1283 2009 1385 2035 nunc
1404 1996 1567 2048 primum
1586 1996 1760 2049 Pyrrhus

279 2071 403 2103 morte
430 2077 502 2102 sua
528 2062 787 2101 hereditatem
809 2061 915 2099 illam
936 2073 1100 2098 vacuam
1122 2060 1293 2106 fecisset,
1313 2060 1381 2098 illa
1400 2060 1588 2112 (inquam)
1608 2061 1758 2109 mulier,

279 2125 463 2165 avunculi
479 2125 602 2164 nostri
622 2124 739 2163 filiam
760 2137 802 2162 se
823 2123 950 2162 ferens
974 2122 1184 2173 legitimam
1205 2128 1244 2160 et
1264 2122 1388 2160 Philae
1408 2135 1552 2161 nomen
1570 2123 1642 2161 sibi
1658 2136 1760 2162 arro-

280 2202 395 2241 gans,
416 2196 456 2226 et
477 2188 546 2234 vir,
566 2187 680 2237 cujus
709 2187 748 2225 in
774 2180 972 2238 potestate
1001 2185 1067 2222 illa
1095 2184 1233 2230 mulier
1259 2191 1332 2230 est,
1355 2185 1552 2224 Xenocles
1574 2185 1757 2237 Cyprius,

279 2250 424 2290 tutorio
449 2250 582 2288 uxoris
609 2262 690 2287 suae
713 2248 881 2295 nomine,
902 2247 1007 2286 litem
1027 2247 1328 2286 exordiebantur
1354 2260 1470 2299 super
1490 2247 1627 2300 Pyrrhi
1646 2248 1758 2286 here-

279 2313 402 2351 ditat-e
425 2315 506 2361 jam
535 2311 743 2363 plusquam
771 2310 908 2362 viginti
935 2310 1046 2348 annis
1075 2316 1163 2348 ante
1184 2309 1265 2348 vita
1284 2308 1470 2356 defuncti,
1490 2310 1757 2362 petebantque

278 2375 384 2415 illam
403 2373 658 2413 hereditatem
680 2385 703 2410 a
723 2384 765 2410 se
785 2371 822 2409 in
843 2371 975 2409 libello
996 2370 1174 2423 petitorio
1195 2371 1318 2409 tribus
1336 2371 1492 2409 talentis
1508 2371 1756 2410 aestimatam.

280 2439 339 2478 Ibi
370 2444 492 2477 mater
524 2443 673 2487 nostra,
699 2434 836 2487 Pyrrhi
864 2447 984 2481 soror,
1014 2434 1152 2472 eadem
1187 2434 1236 2473 de
1267 2434 1484 2473 hereditate
1516 2434 1755 2473 contendere

278 2515 444 2553 eamque
476 2501 548 2539 sibi
576 2511 779 2551 arrogare3
808 2497 879 2536 sed
901 2496 972 2542 vir,
1000 2497 1039 2535 in
1069 2497 1181 2548 cujus
1208 2503 1400 2549 potestate
1427 2497 1495 2536 illa
1520 2497 1659 2535 mulier
1683 2504 1756 2545 est,

277 2563 545 2606 intercedebat
565 2560 859 2600 obnuntiatione
879 2572 996 2611 quam
1019 2572 1138 2598 ausus
1158 2566 1219 2597 est
1237 2559 1498 2610 interponere,
1518 2572 1596 2609 qua
1614 2566 1754 2598 testem

278 2639 401 2678 agens
418 2630 538 2676 negat
557 2623 669 2662 matri
683 2630 826 2661 nostrae
840 2622 906 2673 jus
920 2621 1042 2658 ullum
1057 2633 1145 2659 esse
1166 2620 1292 2658 fratris
1312 2619 1565 2658 hereditatem
1585 2622 1755 2672 petendi,

278 2688 463 2740 quoniam
484 2685 649 2738 Pyrrho,
667 2685 791 2736 primo
813 2684 1002 2722 bonorum
1024 2682 1196 2726 domino,
1219 2681 1297 2719 filia
1317 2681 1489 2732 legitime
1510 2688 1601 2720 nata
1620 2696 1754 2734 super-

277 2753 328 2791 sit
347 2751 474 2789 adhuc
494 2750 532 2788 in
551 2748 659 2788 vivis.
717 2747 985 2800 Opposuimus
1004 2758 1095 2785 vero
1122 2758 1193 2783 nos
1224 2745 1417 2782 actionem
1448 2744 1496 2782 de
1524 2745 1622 2784 falso
1649 2746 1754 2785 dicto

277 2813 511 2859 testimonio,
526 2818 778 2862 vestrumque
796 2810 846 2848 ad
862 2810 988 2848 sorum
1004 2808 1258 2861 pertraximus
1280 2819 1368 2845 eum
1387 2807 1452 2858 qui
1470 2807 1755 2860 interponenda

277 2875 570 2916 obnuntiatione
600 2886 671 2912 sua
697 2886 816 2912 ausus
843 2871 971 2911 fuerat
995 2871 1072 2909 hoc
1097 2883 1144 2908 ex
1170 2869 1284 2907 titulo
1306 2868 1531 2907 hereditatis
1551 2870 1660 2908 aditu
1680 2884 1752 2909 nos

277 2937 498 2985 excludere,
518 2942 632 2988 atque
653 2949 730 2976 non
752 2935 860 2974 illurn
882 2934 998 2974 modo
1027 2931 1280 2985 [Xenoclem]
1307 2931 1400 2970 dicti
1427 2931 1513 2970 falsi
1544 2932 1751 2971 testimonii
