1870 3277
271 168 347 203 208
871 166 1155 204 [socitATIS

313 267 479 308 Sapientes
495 276 513 296 a
533 272 561 298 te
584 267 755 298 habeantur
777 278 838 299 nou
857 269 907 309 qui
934 270 974 300 de
997 270 1087 300 robus
1106 269 1232 299 minutis
1250 268 1370 299 curiose
1395 269 1545 305 rixantur,
1567 270 1620 300 sed
1639 269 1692 310 qui
1709 269 1748 298 de

264 318 403 350 maximis
420 318 542 360 egregie
558 319 723 351 disserunt.
770 319 834 350 Aut
852 322 1016 362 proeceptis
1034 320 1143 352 nostris
1160 326 1258 357 utere,
1276 325 1329 350 aut
1346 320 1410 361 ipse
1424 322 1472 351 his
1489 331 1589 362 quaere
1605 322 1741 351 meliora.

318 386 407 425 262*
442 388 476 428 l.
510 387 561 425 Et
579 400 626 425 ex
648 388 884 426 orationibus
906 390 1064 439 quidem
1083 390 1176 428 satis
1191 388 1302 426 nobis
1316 388 1481 438 sitquod
1498 387 1744 438 protulimus!

261 449 475 498 praesertim
495 449 595 487 adeo
616 449 792 500 prolixis;
827 462 848 487 a
866 452 969 487 tenui
993 452 1134 502 quippe
1157 459 1264 502 parte
1281 451 1511 501 scriptorum
1534 463 1556 488 a
1573 464 1632 488 me
1648 451 1738 489 olim

265 522 342 547 non
364 510 593 548 abstinebo:
625 511 693 548 sed
722 510 848 548 dicam
877 511 1003 562 siquid
1026 513 1116 550 mihi
1146 513 1336 551 videbitur
1365 512 1549 563 praesenti
1580 513 1743 563 tempori

260 573 467 610 convenire
486 585 494 609 z
527 584 615 610 nam
647 572 822 623 profecto
853 586 979 611 essem
1012 574 1219 620 absurdus,
1250 575 1280 612 si
1313 588 1431 625 quum
1467 573 1616 612 videam
1649 574 1743 611 alios

263 633 356 670 meis
378 633 528 684 scriptis
549 633 619 678 uti,
642 646 715 685 ego
737 634 842 672 solus
859 635 1091 674 abstinerem
1113 637 1160 674 ab
1181 637 1225 673 iis
1246 649 1333 686 quae
1349 644 1463 673 antea
1483 635 1743 679 recitaverim

261 694 335 733 hac
358 695 523 733 maxime
544 696 748 734 occasione
767 709 844 748 qua
860 710 936 734 non
959 697 1086 735 solum
1100 698 1278 736 tenuibus
1295 698 1484 749 partibus,
1502 697 1570 735 sed
1586 698 1742 749 integris

261 755 357 796 locis
380 758 433 795 uti
454 758 558 809 apud
579 771 649 796 vos
676 759 808 797 statui.
868 759 965 798 Haec
986 760 1101 812 igitur
1129 768 1245 811 prout
1266 773 1307 798 se
1333 773 1392 798 res
1413 760 1521 798 dabit
1542 759 1739 797 faciemus.

261 819 354 856 Dixi
383 832 472 857 vero
493 819 660 870 quodam
681 820 719 857 in
739 821 840 866 loco,
860 822 1083 873 priusquam
1111 835 1167 859 eae
1198 821 1394 859 orationes
1422 821 1658 872 legerentur,
1680 833 1740 859 me

260 882 419 932 dignum
442 881 519 920 fore
541 895 618 919 non
639 882 779 929 solum,
802 883 833 921 si
854 884 989 921 noxias
1010 883 1207 922 orationes
1227 884 1476 931 conficerem,
1496 883 1587 922 dare
1603 896 1739 935 poenas

260 944 391 989 vobis3
421 944 489 983 sed
510 944 625 982 etiam
647 944 720 982 nisi
741 945 840 983 tales
868 945 1154 983 conscriberem
1175 945 1312 996 quales
1341 958 1458 983 nemo
1480 945 1596 994 alius,
1617 945 1737 983 maxi-

257 1018 359 1043 mam
376 1005 454 1056 pati
472 1004 856 1043 animadversionem.
898 1006 939 1043 Si
956 1006 1021 1057 qui
1041 1005 1158 1057 igitur
1173 1012 1342 1044 vestrum
1361 1019 1444 1044 esse
1465 1005 1634 1044 arbitrati
1650 1013 1741 1044 sunt

258 1066 567 1117 magnificentius
582 1066 779 1117 jactatum
806 1067 996 1118 nimisque
1025 1080 1207 1118 magnum
1235 1067 1331 1104 illud
1360 1067 1524 1112 dictum,
1545 1080 1622 1105 non
1650 1080 1738 1118 pro-

255 1128 359 1166 fecto
383 1128 466 1180 jam
496 1128 534 1166 in
557 1128 692 1167 eadem
725 1128 920 1168 sententia
941 1130 1029 1181 jure
1060 1130 1293 1168 manebunt:
1326 1129 1506 1168 existimo
1541 1129 1643 1168 enim
1675 1143 1738 1169 me

255 1192 370 1230 fidem
400 1191 564 1230 solvisse
593 1192 773 1243 talesque
807 1204 895 1230 esse
923 1204 989 1230 eos
1021 1191 1085 1242 qui
1118 1191 1207 1230 lecti
1242 1198 1334 1230 sunt
1364 1203 1575 1237 sermones,
1602 1190 1737 1242 quales

254 1254 363 1293 vobis
385 1255 434 1293 ab
452 1254 561 1293 initio
579 1255 776 1306 proposui.
836 1254 937 1293 Volo
957 1261 1085 1292 tamen
1107 1253 1212 1306 apud
1233 1266 1299 1291 vos
1314 1254 1448 1306 paucis
1469 1253 1737 1292 defensionem

252 1317 436 1368 persequi
456 1317 776 1369 uuiuscujusque,
807 1315 1009 1368 magisque
1037 1316 1167 1354 adhuc
1194 1323 1370 1367 apertum
1402 1315 1529 1354 facere
1558 1328 1618 1354 me
1646 1328 1737 1353 vera

253 1378 303 1416 de
322 1379 367 1416 iis
387 1385 426 1417 et
443 1386 557 1417 antea
576 1378 723 1417 dixisse
745 1385 784 1416 et
805 1391 908 1416 nunc
929 1391 1085 1429 quoque
1105 1377 1248 1416 dicere.

307 1441 397 1478 26.ὂιζ
426 1442 464 1478 2.
495 1442 553 1480 Ac
575 1441 740 1493 primum
762 1440 921 1492 quidem
942 1453 1122 1490 quaenam
1151 1453 1237 1478 esse
1266 1446 1394 1491 potest
1412 1439 1582 1477 sanctior
1612 1439 1733 1477 oratio

253 1509 322 1540 aut
340 1503 485 1554 aequior
505 1516 622 1554 quam
645 1516 733 1554 quae
760 1502 925 1554 majores
948 1516 1017 1554 pro
1036 1515 1170 1540 eorum
1195 1502 1337 1539 virtute
1360 1501 1561 1552 gestisque
1584 1500 1733 1539 collau-

254 1565 349 1604 det?
406 1566 560 1604 Deinde.
573 1578 753 1617 quaenam
776 1564 922 1602 civilior
936 1572 1051 1615 atque
1070 1563 1153 1601 urbi
1173 1562 1465 1602 convenientior
1481 1575 1526 1599 ea
1545 1574 1633 1612 quae
1650 1568 1733 1601 tum

253 1640 300 1665 ex
321 1627 402 1666 aliis
429 1629 628 1666 beneficiis
655 1635 738 1666 tum
759 1641 806 1665 ex
830 1625 1116 1664 discriminibus
1139 1639 1227 1677 quae
1256 1624 1446 1664 adivimus
1473 1624 1642 1663 ostendit
1663 1625 1733 1663 im—

251 1689 396 1740 perium
419 1690 467 1728 ad
488 1703 557 1728 nos
579 1690 706 1742 potius
726 1702 842 1740 quam
864 1688 913 1726 ad
936 1687 1253 1726 Lacedaemonios
1274 1685 1497 1739 pertinere?
1538 1687 1732 1725 Praeterea

252 1752 338 1802 quis
359 1757 484 1790 sermo
514 1751 564 1790 de
594 1751 852 1803 pulcrioribus
881 1750 1140 1802 majoribusve
1174 1749 1342 1800 negotiis
1375 1748 1456 1800 agit
1479 1761 1595 1800 quam
1614 1748 1646 1787 is
1665 1748 1732 1799 qui

251 1813 302 1851 ad
322 1813 609 1865 expeditionem
638 1820 776 1851 contra
795 1813 978 1850 barbaros
1007 1812 1183 1850 hortatur
1204 1811 1368 1849 Graecos
1390 1811 1603 1863 iisdemque
1634 1824 1729 1848 con-

250 1875 420 1914 cordiam
441 1876 539 1913 inter
569 1889 610 1914 se
632 1875 799 1913 suadet?
857 1875 900 1912 In
923 1874 1045 1925 prima
1066 1874 1182 1926 igitur
1202 1873 1377 1911 oratione
1397 1873 1445 1912 de
1465 1873 1525 1911 his
1549 1873 1729 1920 disserui,

249 1937 287 1974 in
309 1937 582 1988 posterioribus
611 1944 740 1975 autem
771 1936 920 1974 minora
939 1936 1098 1986 quidem
1127 1948 1243 1986 quam
1266 1935 1352 1973 haec
1372 1941 1450 1972 tam
1474 1935 1638 1984 grandia
1655 1941 1729 1972 tra-

249 2000 362 2044 ctavi,
381 2013 457 2037 non
480 2006 609 2037 tamen
630 1998 817 2050 ineptiora
831 1997 890 2035 vel
907 1997 991 2035 urbi
1007 1997 1133 2035 minus
1149 1996 1424 2048 conducentia.
1454 1996 1631 2040 Quorum
1650 1997 1726 2036 vim

250 2061 437 2109 sentietis,
458 2062 490 2099 si
509 2075 556 2100 ea
577 2060 850 2112 comparabitis
868 2073 957 2098 cum
979 2058 1063 2097 aliis
1085 2072 1172 2110 quae
1189 2060 1353 2111 probata
1373 2066 1490 2109 atque
1511 2059 1620 2097 utilia
1639 2072 1725 2098 esse

249 2123 438 2162 videntur.
497 2123 600 2161 Puto
631 2122 788 2175 quidem
820 2134 954 2160 omnes
985 2121 1160 2159 homines
1192 2121 1367 2160 confiteri
1396 2121 1650 2172 plurimorum
1680 2134 1725 2161 ae

247 2185 499 2224 maximorum
518 2186 708 2223 bonorum
731 2197 890 2223 causam
914 2197 998 2222 esse
1018 2183 1054 2221 in
1077 2183 1154 2222 vita
1172 2183 1344 2222 humana
1363 2183 1470 2234 leges
1487 2196 1496 2220 :
1527 2184 1579 2221 ita
1595 2190 1724 2221 tamen

246 2255 513 2301 comparatum
535 2256 592 2287 est
613 2254 656 2285 ut
680 2248 815 2285 harum
835 2259 928 2284 usus
947 2246 985 2284 in
1014 2245 1059 2284 iis
1085 2251 1238 2284 tantum
1259 2245 1447 2297 prodesse
1467 2245 1578 2282 nobis
1603 2245 1726 2295 possit

246 2323 335 2361 quae
354 2311 393 2349 in
420 2311 514 2349 urbe
541 2316 710 2361 aguntur
740 2316 856 2360 atque
887 2308 924 2346 in
951 2308 1102 2360 privato
1132 2307 1235 2359 quod
1265 2308 1365 2346 inter
1398 2319 1470 2344 nos
1497 2319 1725 2346 exercemus

247 2373 503 2417 commerci0;
535 2373 633 2410 meis
654 2383 744 2410 vero
764 2370 1002 2409 orationibus
1025 2369 1056 2407 si
1070 2369 1405 2420 obtemperaretis,
1428 2368 1622 2407 Graeciam
1642 2369 1725 2407 uni-

246 2448 398 2473 versam
426 2435 560 2487 pulcre
589 2440 692 2472 recte
722 2439 761 2471 et
789 2445 877 2471 cum
908 2432 1013 2469 urbis
1041 2438 1184 2470 nostrae
1215 2431 1480 2470 emolumento
1509 2430 1720 2481 regeretis:

246 2502 399 2547 oportet
418 2503 547 2535 autern
563 2495 745 2534 cordatos
762 2494 937 2532 homines
958 2493 1111 2544 utrique
1131 2492 1222 2531 huic
1238 2493 1292 2531 rei
1313 2492 1483 2539 studere,
1503 2505 1589 2530 eam
1609 2506 1722 2544 porro

245 2572 333 2608 quae
360 2559 482 2610 major
510 2565 571 2596 est
598 2558 795 2610 plurisque
825 2554 1005 2594 facienda
1031 2555 1140 2593 alteri
1167 2555 1363 2606 praeferre,
1391 2554 1533 2592 deinde
1561 2562 1600 2592 et
1623 2554 1723 2597 illud,

245 2619 402 2665 sentire,
424 2619 528 2671 quod
548 2620 656 2671 leges
676 2617 834 2669 quidem
854 2617 1022 2655 condere
1051 2617 1225 2654 sexcenti
1247 2624 1285 2655 et
1305 2617 1468 2655 aliorum
1491 2615 1718 2656 Graecorum

245 2686 282 2717 et
303 2681 553 2719 barbarorum
573 2681 744 2727 valeant,
772 2679 902 2718 dicere
931 2686 1062 2717 autem
1085 2678 1132 2716 de
1162 2678 1323 2716 utilibus
1345 2679 1461 2716 rebus
1482 2691 1531 2716 ex
1554 2679 1659 2717 urbis
1681 2686 1720 2719 et

246 2740 410 2780 Graeciae
433 2743 620 2793 dignitate
640 2756 718 2780 non
741 2754 834 2780 sane
855 2739 966 2779 multi
992 2748 1158 2791 queant3
1191 2747 1427 2791 quapropter
1446 2753 1526 2786 eos,
1546 2741 1612 2791 qui
1632 2742 1718 2780 tali-

243 2804 318 2843 bus
338 2806 573 2843 orationibus
588 2804 856 2856 excogitandis
869 2816 1024 2855 operam
1042 2803 1151 2849 dant,
1167 2810 1278 2841 tanto
1294 2809 1446 2855 oportet
1457 2803 1576 2855 pluris
1588 2804 1716 2844 facere

243 2866 508 2905 conditoribus
535 2874 574 2904 et
593 2867 780 2905 latoribus
800 2867 947 2918 legum,
977 2871 1123 2917 quanto
1146 2865 1198 2903 iili
1219 2865 1380 2904 rariores
1402 2872 1493 2904 sunt
1511 2872 1551 2904 et
1575 2867 1716 2918 aegrius

242 2929 340 2968 fiunt
361 2935 399 2968 et
417 2928 667 2982 prudentiore
682 2935 800 2981 egent
820 2929 961 2974 animo,
981 2927 1191 2979 praesertim
1204 2927 1312 2967 hisce
1330 2927 1579 2979 temporibus.
1612 2928 1713 2967 Nam
