1870 3277
238 167 309 204 158
822 165 1109 204 ISOCRATlS

229 274 372 315 tantur,
392 267 442 305 ad
463 267 567 306 illum
590 268 716 306 locum
746 268 899 307 redeam
921 281 969 306 ex
994 281 1070 319 quo
1091 268 1129 305 in
1151 267 1250 306 hanc
1279 269 1544 318 garrulitatem
1565 269 1695 308 incidi.

231 329 345 367 Unde
362 342 450 367 vero
470 330 690 376 aberrarim,
704 331 786 381 jam
809 343 909 368 nunc
931 337 1176 381 perspectum
1196 329 1339 367 habere
1359 343 1418 368 me
1435 338 1542 381 puto.

280 393 343 428 34.
376 391 475 429 Nam
504 391 587 430 istis
614 392 679 443 qui
707 399 849 430 nostrae
877 391 959 430 urbi
983 392 1188 429 Meliorum
1211 397 1251 429 et
1272 391 1404 428 talium
1426 392 1694 443 oppidulorum

225 452 464 490 calamitates
499 456 738 504 opprobrant
774 453 968 504 respondi,
995 466 1072 491 non
1103 453 1206 503 quod
1235 452 1271 489 in
1297 452 1372 490 illis
1407 454 1520 491 rebus
1548 454 1695 491 nullum

226 520 431 564 peccatum
456 514 615 561 inesset,
633 515 702 553 sed
728 514 883 552 ostendi
914 527 981 552 eos
1010 527 1105 565 quos
1133 515 1193 552 isti
1220 514 1387 565 diligunt
1417 515 1536 552 multo
1565 515 1695 566 plures

224 576 339 614 urbes
359 582 398 614 et
418 576 582 627 majores
603 589 718 627 quam
747 589 818 614 nos
841 577 1040 621 evertisse,
1067 577 1166 614 inter
1193 589 1279 627 quae
1301 575 1350 613 de
1369 575 1508 613 virtute
1528 576 1696 627 Agame-

224 636 378 675 mnonis
395 644 432 674 et
450 636 619 675 Menelai
639 644 676 675 et
694 637 871 676 Nestoris
887 636 1065 683 disserui,
1085 637 1329 676 mendacium
1349 636 1505 687 quidem
1526 637 1692 682 nullum,

225 699 293 738 sed
324 699 436 750 plura
464 699 631 738 fortasse
658 713 773 751 quam
799 700 930 738 decuit
957 700 1124 739 locutus.
1184 699 1461 738 Existimabam
1483 700 1583 737 enim
1606 700 1695 738 inde

222 760 261 798 in
282 762 489 812 propatulo
511 762 592 801 fore
613 763 802 814 insignem
826 762 946 802 fuisse
967 763 1141 814 injuriam
1168 762 1319 801 illorum
1340 763 1405 814 qui
1427 764 1510 800 ausi
1532 763 1697 801 fuissent

222 836 288 861 eas
318 825 432 862 urbes
462 831 633 863 evertere
664 838 752 875 quae
779 824 874 863 tales
904 826 1005 863 viros
1035 825 1263 875 genuissent
1292 832 1330 863 et
1355 825 1615 867 educassent;
1647 825 1695 863 de

221 884 362 935 quibus
385 885 495 936 plura
513 885 630 923 etiam
652 899 772 936 eaque
793 886 982 938 praeclara
1002 887 1076 925 dici
1098 894 1271 938 possent.
1330 887 1409 925 Sed
1435 887 1595 924 stultum
1619 888 1692 925 sor-

221 947 339 984 tassis
365 954 426 985 est
454 947 518 985 uni
546 947 650 985 facto
677 948 882 993 immorari,
911 948 1022 997 quasi
1050 949 1329 999 exquirendum
1358 948 1405 986 sit
1433 948 1617 999 quidnam
1646 948 1694 986 de

217 1009 448 1048 crudelitate
469 1016 508 1047 et
526 1010 675 1047 saevitia
696 1010 1082 1048 Lacedaemoniorum
1109 1010 1185 1048 dici
1213 1017 1345 1060 queat,
1365 1016 1404 1047 et
1423 1023 1501 1048 non
1522 1011 1692 1049 maxima

221 1070 335 1120 copia
355 1077 552 1121 suppetat.

274 1133 341 1170 35.
373 1132 450 1175 Qui
470 1143 549 1169 non
569 1131 740 1169 contenti
760 1143 852 1182 erga
867 1130 937 1169 has
958 1131 1071 1169 urbes
1091 1137 1130 1168 et
1145 1130 1246 1169 viros
1269 1130 1368 1169 tales
1385 1131 1609 1182 deliquisse,
1625 1145 1691 1171 eos

220 1191 352 1238 etiam,
369 1192 435 1243 qui
452 1205 498 1231 ex
515 1193 654 1231 eodem
670 1192 758 1231 loeo
780 1192 932 1231 oriundi
953 1192 1213 1231 communiter
1228 1205 1317 1230 cum
1333 1192 1388 1231 eis
1405 1193 1691 1244 expeditionem

219 1261 471 1306 susceperunt
499 1260 538 1292 et
564 1254 701 1293 eadem
729 1254 901 1306 pericula
928 1254 1143 1300 subierunt,
1162 1254 1212 1293 de
1241 1255 1398 1306 Argivis
1426 1263 1464 1293 et
1485 1256 1692 1294 Messeniis

218 1315 370 1366 loquor,
390 1316 525 1354 iisdem
555 1315 734 1354 cladibus
758 1316 898 1364 quibus
917 1316 1003 1354 illos
1024 1316 1177 1355 afficere
1197 1316 1445 1354 studuerunt.
1504 1318 1562 1355 Ac
1584 1318 1690 1356 Mes-

219 1378 350 1416 senios
366 1377 523 1429 quidem
541 1390 618 1416 non
636 1378 741 1429 prius
758 1391 984 1429 oppugnare
1000 1378 1235 1417 destiterunt
1251 1391 1367 1430 quam
1386 1380 1542 1430 regione
1558 1380 1689 1431 ejecis-

219 1445 328 1483 sent;
360 1439 493 1491 Argivi
521 1446 649 1477 autem
671 1439 844 1490 ejusdem
866 1439 989 1478 cladis
1010 1440 1287 1491 propulsandae
1308 1453 1428 1479 causa
1449 1442 1565 1479 etiam
1587 1455 1689 1480 nunc

217 1501 364 1539 bellum
395 1507 548 1552 gerunt.
606 1501 696 1539 Jam
724 1500 1053 1552 quemadmodum
1089 1515 1179 1540 cum
1212 1502 1498 1541 Plataeensibus
1528 1504 1689 1554 egerint,

218 1563 385 1601 absurde
408 1563 594 1608 facerem,
616 1563 647 1600 si
666 1562 723 1601 his
743 1563 1055 1602 commemoratis
1081 1577 1214 1602 eorum
1236 1577 1315 1602 non
1338 1565 1619 1604 meminissem:
1651 1566 1689 1604 in

217 1637 383 1675 quorum
402 1637 496 1675 agro
516 1624 717 1663 nobiscum
737 1631 775 1663 et
794 1638 881 1663 cum
903 1625 987 1664 aliis
1009 1625 1125 1664 sociis
1146 1632 1275 1664 castra
1293 1626 1422 1665 metati
1438 1633 1541 1673 sunt,
1556 1634 1593 1665 et
1611 1641 1690 1678 quo

217 1687 257 1724 in
277 1687 364 1725 loco
382 1699 466 1733 nos,
487 1699 608 1737 quum
628 1686 749 1724 aciem
771 1694 907 1726 contra
925 1687 1058 1726 hostes
1078 1688 1414 1734 instruxissemus‚
1431 1696 1470 1726 et
1488 1702 1598 1727 sacra
1617 1690 1689 1728 diis

217 1762 316 1800 quos
332 1749 386 1787 illi
402 1755 677 1787 consecrarant
691 1749 930 1795 fecissemus,
945 1762 1021 1788 non
1037 1749 1081 1788 iis
1097 1750 1214 1788 modo
1231 1750 1380 1788 Graecis
1401 1751 1467 1801 qui
1486 1751 1689 1790 nobiscum

217 1811 432 1862 conjuncti,
455 1811 524 1849 sed
545 1810 620 1849 illis
647 1811 762 1848 etiam
790 1811 855 1861 qui
881 1817 1011 1861 partes
1035 1811 1203 1848 hostium
1234 1812 1342 1862 sequi
1369 1812 1493 1849 coacti
1524 1813 1689 1858 fueraut,

215 1872 431 1911 libertatem
451 1872 701 1919 restituimus,
721 1879 760 1910 et
780 1872 862 1910 haec
883 1873 1032 1924 egimus
1052 1886 1174 1923 quum
1193 1873 1295 1910 solos
1313 1872 1551 1912 Plataeenses
1571 1876 1692 1913 omni-

215 1938 289 1976 bus
317 1937 477 1975 Boeotiis
503 1937 702 1987 adjutores
728 1937 985 1980 haberemus;
1017 1950 1114 1987 quos
1134 1949 1212 1974 non
1232 1936 1350 1987 longo
1370 1938 1554 1988 temporis
1573 1938 1690 1977 inter-

214 1999 319 2038 vallo
338 2005 443 2050 post,
463 1999 500 2036 in
518 1998 794 2037 Thebanorum
812 1999 990 2049 gratiam,
1007 1997 1293 2037 Lacedaemonii
1311 1999 1405 2036 urbe
1422 2007 1537 2050 capta
1556 2013 1690 2039 omnes

214 2060 505 2105 interfecerunt,
539 2060 583 2098 iis
614 2060 788 2110 exceptis
822 2059 888 2109 qui
920 2058 1015 2109 fuga
1043 2059 1207 2097 salutem
1243 2060 1517 2108 quaesiverunt.
1586 2062 1691 2113 Erga

214 2135 311 2174 quos
331 2128 464 2160 nostra
484 2122 576 2159 urbs
597 2134 638 2159 se
659 2121 776 2170 longe
797 2120 908 2158 aliam
927 2133 1043 2170 quam
1066 2121 1272 2171 Spartiatae
1293 2122 1481 2172 praebuit:
1511 2122 1565 2162 illi
1585 2124 1687 2161 enim

215 2185 252 2222 in
274 2185 373 2223 bene
389 2182 545 2222 meritos
567 2182 617 2220 de
638 2181 793 2220 Graecia
811 2188 851 2219 et
871 2187 1061 2231 cognatos
1082 2194 1175 2219 suos
1195 2183 1249 2220 ita
1264 2183 1429 2233 grassati
1449 2191 1552 2230 sunt,
1570 2186 1689 2223 nostri

213 2259 305 2285 vero
325 2252 364 2285 et
384 2244 672 2283 Messeniorum
693 2243 850 2294 reliquis
872 2242 1123 2295 Naupactum
1145 2243 1401 2282 habitandum
1423 2244 1628 2293 dederunt,
1648 2245 1694 2285 et*

213 2308 457 2347 Plataeenses
483 2307 704 2358 quicunque
731 2305 971 2344 advenerant
996 2305 1151 2344 civitate
1177 2305 1373 2344 donarunt
1392 2313 1432 2345 et
1452 2319 1577 2345 rerum
1604 2321 1687 2346 om-

214 2372 320 2410 nium
349 2370 537 2423 parijure
566 2382 698 2408 secum
728 2368 802 2407 frui
831 2369 1104 2420 permiserunt.
1169 2370 1300 2414 Quare
1321 2370 1352 2409 si
1381 2371 1475 2410 nihil
1505 2371 1611 2410 aliud
1637 2373 1686 2412 de

215 2433 275 2472 his
299 2433 459 2471 urbibus
489 2432 618 2470 dicere
646 2443 862 2482 possemus,
883 2443 930 2468 ex
949 2430 1007 2468 his
1027 2437 1157 2468 tamen
1188 2432 1388 2483 utriusque
1418 2445 1544 2471 mores
1572 2433 1686 2473 facile

213 2495 539 2547 perspicerentur,
561 2492 797 2544 planumque
831 2492 941 2530 fieret
973 2498 1060 2530 utra
1090 2491 1220 2542 plures
1247 2499 1286 2531 et
1311 2493 1476 2544 majores
1507 2495 1684 2535 civitates

215 2557 431 2596 evertisset.

286 2618 351 2656 36.
393 2616 471 2655 Sed
507 2627 612 2654 nunc
651 2615 826 2654 accidere
858 2614 949 2652 mihi
981 2613 1167 2665 quiddam
1202 2615 1329 2654 sentio
1366 2617 1599 2654 contrarium
1638 2618 1682 2656 iis

215 2692 304 2731 quae
324 2678 440 2729 paulo
460 2683 548 2715 ante
568 2676 671 2716 dixi:
701 2684 795 2715 tunc
816 2675 919 2715 enim
938 2676 977 2714 in
997 2675 1255 2727 ignorantiam
1277 2682 1318 2715 et
1343 2690 1509 2715 errorem
1529 2685 1566 2717 et
1587 2680 1685 2718 obli-

213 2742 368 2780 vionem
392 2739 627 2786 incidebam,
645 2752 748 2778 nunc
770 2738 865 2777 satis
887 2737 967 2777 scio
987 2750 1049 2776 me
1070 2738 1117 2775 ab
1137 2750 1185 2776 ea
1205 2737 1363 2776 lenitate
1384 2739 1569 2778 orationis
1588 2741 1683 2780 defi-

213 2815 314 2848 cere,
334 2813 452 2852 quam
480 2813 599 2852 quum
626 2801 792 2852 primum
812 2800 978 2839 scribere
996 2799 1200 2850 coepissem
1220 2798 1313 2837 mihi
1333 2813 1626 2851 proposueram,
1646 2810 1686 2841 et

213 2871 293 2903 tum
314 2863 364 2902 de
382 2863 498 2901 rebus
520 2874 617 2913 quas
646 2862 940 2914 praetermittere
967 2861 1215 2899 decreveram
1236 2860 1336 2899 velle
1365 2861 1579 2914 disputare,
1599 2870 1679 2902 tum

210 2924 455 2965 audaciorem
481 2936 566 2963 esse
593 2924 741 2963 factum
766 2937 881 2975 quam
908 2936 976 2975 pro
1002 2930 1141 2962 natura
1160 2935 1259 2971 mea,
1280 2930 1362 2962 tum
1383 2923 1420 2962 in
1440 2925 1674 2975 quibusdam
