1870 3277
701 212 807 250 PRO
839 210 1150 249 PALAMEDE.
1581 214 1658 250 513

196 316 250 352 At
267 315 402 353 horum
425 315 519 354 nihil
538 315 577 353 in
593 328 652 353 me
669 316 789 360 cerni,
808 321 944 352 testem
963 313 1064 352 dabo
1085 313 1265 351 idoneum
1280 315 1393 352 vitam
1413 321 1656 361 anteactam;

194 375 258 413 cui
278 389 346 414 vos
366 377 456 415 testi
483 384 602 414 testes
619 376 782 426 potestis
802 386 890 413 esse
903 389 925 414 εΑ
945 387 1032 412 nam
1052 374 1142 425 quia
1161 387 1311 412 mecum
1331 377 1549 423 versamini,
1577 390 1656 416 non

195 438 356 487 potestis
375 438 459 476 haec
485 439 676 488 ignorare.
735 436 839 480 Quid
872 435 978 487 quod
1010 449 1082 474 nec
1113 435 1270 473 honoris
1295 449 1414 475 causa
1438 439 1658 489 quisquam,

194 499 261 549 qui
280 499 342 537 vel
361 512 495 550 parum
516 499 653 550 sapiat,
674 498 734 536 his
763 498 876 536 rebus
897 497 1007 536 daret
1034 510 1203 548 operam.
1262 498 1398 536 Honor
1418 499 1518 537 enim
1539 501 1657 539 virtu-

192 565 271 597 tem
290 573 364 598 non
391 559 524 598 vitium
546 560 740 610 sequitur:
773 559 937 597 Graeciae
967 571 1058 597 vero
1090 558 1265 610 proditor
1295 572 1410 609 quem
1438 562 1563 611 possit
1587 562 1657 599 ho-

193 633 326 658 norem
346 621 561 672 consequi?
603 621 798 659 Praeterea
823 634 901 659 non
924 634 1027 659 eram
1045 620 1202 659 honoris
1220 634 1380 671 expers:
1413 622 1658 673 quandoqui-

191 682 281 720 dem
302 683 350 720 ab
369 682 568 721 honoratis
589 682 677 720 viris
703 683 751 720 ob
771 695 831 720 res
846 682 1055 720 honoratas
1083 682 1315 729 honorabat,
1337 695 1358 720 a
1378 683 1486 722 vobis
1505 691 1659 735 propter

193 743 434 795 sapientiam.
511 744 600 782 Huc
631 743 796 790 accedit,
830 744 934 794 quod
966 757 1211 795 nequaquam
1242 750 1367 782 tutum
1403 751 1464 782 est
1494 745 1564 783 has
1595 759 1657 784 res

192 817 322 855 agere.
364 805 528 844 Cunctis
544 806 644 843 enim
667 805 813 844 invisus
829 813 889 844 est
903 805 1088 856 proditor,
1110 806 1199 858 legi,
1213 807 1304 858 juri,
1320 807 1406 852 diis,
1420 807 1656 846 hominibus.

192 864 347 903 Etenim
367 865 493 917 legem
509 866 642 913 violat,
665 867 731 917 jus
751 866 939 912 dissolvit,
958 865 1132 905 homines
1148 867 1287 919 perdit,
1309 868 1404 907 deos
1425 869 1546 908 afficit
1564 884 1659 909 con-

192 927 374 965 tumelia:
395 926 530 965 talium
550 940 642 966 vero
663 926 778 978 plena
798 927 976 978 periculis
991 935 1050 966 est
1062 928 1153 974 vita,
1174 942 1248 968 nec
1271 930 1518 970 securitatem
1538 933 1659 972 ullam

191 986 351 1026 habent.
408 989 460 1026 At
479 989 626 1027 amicos
646 985 821 1027 volebam
835 989 986 1039 juvare,
1008 990 1069 1028 vel
1101 1003 1244 1029 nocere
1264 991 1471 1031 hostibus?
1500 1007 1592 1032 nam
1619 1004 1659 1035 et

190 1047 329 1087 horum
349 1049 488 1100 aliquis
508 1063 629 1088 causa
657 1062 770 1087 secus
799 1056 903 1100 agat.
961 1050 1047 1100 Ego
1067 1063 1158 1089 vero
1179 1058 1316 1091 contra
1345 1054 1535 1093 nocebam
1563 1059 1658 1096 ami-

192 1111 259 1156 cis,
276 1111 463 1161 juvabam
484 1110 633 1149 hostes.
692 1111 749 1149 Ac
769 1109 947 1148 beneficii
962 1110 1117 1160 quidem
1137 1112 1244 1151 nulla
1259 1115 1442 1154 manebat
1459 1129 1520 1156 me
1538 1131 1660 1158 remu-

192 1172 363 1210 neratio:
404 1172 582 1224 supplicii
615 1179 742 1210 autem
779 1171 909 1210 studio
946 1172 1148 1212 calliditati
1180 1188 1295 1214 nemo
1332 1185 1449 1216 navat
1485 1192 1656 1231 operam.

194 1233 403 1285 Reliquum
423 1239 496 1279 est,
517 1233 549 1271 si
569 1233 618 1272 ad
639 1240 799 1278 metum,
818 1233 990 1272 laborem
1006 1241 1074 1273 aut
1092 1235 1307 1286 periculum
1329 1239 1489 1290 aliquod
1506 1242 1675 1293 fugien-¹

192 1295 286 1334 dum
313 1295 398 1334 haec
428 1295 590 1334 institui.
659 1296 710 1333 At
735 1295 822 1333 haec
852 1308 966 1334 nemo
992 1296 1083 1334 mihi
1112 1297 1231 1348 possit
1261 1298 1443 1339 tribuere.
1504 1303 1659 1343 Etenim

191 1364 351 1410 propter
379 1358 466 1397 haec
485 1359 563 1397 duo
587 1357 717 1397 cuncti
743 1364 886 1397 cuncta
905 1357 1065 1404 faciunt,
1084 1359 1147 1397 vel
1168 1367 1211 1398 ut
1230 1359 1380 1400 lucrum
1400 1373 1659 1416 assequantur

190 1419 252 1457 vel
273 1419 459 1458 damnum
480 1427 522 1458 ut
550 1421 708 1458 evitent.
768 1420 868 1464 Quae
887 1426 1016 1458 autem
1037 1428 1178 1471 praeter
1201 1422 1286 1461 haee
1316 1431 1444 1464 astute
1470 1427 1571 1466 fiunt
1590 1429 1658 1451 *a*

189 1479 305 1531 [jam]
324 1480 384 1518 his
401 1482 516 1519 rebus
535 1480 714 1532 gerendis
736 1480 825 1518 mihi
841 1493 903 1518 me
924 1481 1068 1519 malum
1088 1482 1270 1521 daturum
1287 1497 1389 1532 esse,
1410 1500 1486 1525 non
1508 1501 1570 1527 me
1591 1491 1660 1529 fal-

187 1540 318 1580 lebat:
358 1542 571 1592 prodebam
608 1542 712 1580 enim
745 1541 956 1587 Graeciam,
990 1543 1201 1593 prodebam
1232 1545 1435 1597 meipsum,
1464 1558 1659 1600 parentes,

191 1603 349 1649 amicos,
370 1603 558 1654 majorum
573 1602 814 1654 dignitatem,
836 1603 939 1641 avita
960 1616 1084 1650 sacra,
1105 1606 1299 1656 sepulcra,
1319 1609 1497 1658 patriam,
1523 1614 1658 1652 urbem

193 1664 359 1703 Graeciae
378 1664 607 1703 maximam:
637 1677 804 1714 quaeque
827 1677 960 1702 omnes
980 1666 1135 1703 maximi
1159 1667 1318 1715 faciunt,
1340 1682 1387 1708 ea
1406 1671 1569 1712 inimicis
1583 1682 1659 1715 tra-

192 1726 393 1764 didissem.
452 1726 568 1763 Nunc
599 1725 715 1763 etiam
743 1725 1050 1773 animadvertite,
1070 1740 1186 1777 quam
1205 1731 1345 1768 acerba
1368 1733 1459 1770 mihi
1481 1743 1569 1783 post
1588 1736 1659 1776 has

192 1801 252 1835 res
267 1787 382 1825 fuerit
400 1787 528 1824 futura
548 1786 637 1824 vita.
669 1786 759 1828 Quo
774 1798 834 1823 me
854 1787 1136 1825 contulissem?
1167 1788 1211 1826 In
1232 1789 1440 1838 Graeciam,
1462 1802 1505 1833 ut
1524 1810 1660 1847 poenas

192 1849 296 1887 laesis
316 1847 532 1887 solverem?
574 1847 662 1898 quis
682 1859 772 1884 vero
798 1859 820 1884 a
843 1859 904 1884 me
930 1847 1080 1885 illorum
1105 1849 1355 1890 abstinuisset
1387 1858 1569 1895 manum?
1598 1861 1658 1898 An

193 1910 298 1961 apud
309 1910 494 1948 barbaros
507 1920 716 1954 manerem,
732 1907 909 1945 maximis
925 1909 1145 1960 quibusque
1162 1912 1274 1950 rebus
1291 1914 1496 1964 neglectis,
1512 1919 1660 1962 honore

194 1984 347 2010 summo
367 1971 571 2022 spoliatus,
584 1969 743 2007 infamia
755 1969 978 2020 turpissima
991 1972 1240 2019 constrictus,
1257 1977 1447 2026 susceptis
1468 1980 1558 2020 olim
1572 1997 1660 2023 cum

192 2034 332 2073 virtute
351 2033 546 2072 laboribus
567 2032 733 2083 rejectis,
748 2032 864 2083 idque
879 2046 948 2084 per
962 2033 1167 2086 meipsum,
1184 2050 1271 2087 quae
1291 2039 1446 2088 quidem
1467 2050 1526 2081 est
1541 2049 1662 2085 maxi-

193 2108 257 2133 ma
274 2094 454 2133 miseria?
485 2093 591 2138 Quid
611 2093 715 2145 quod
731 2107 779 2132 ne
796 2094 900 2145 apud
922 2096 1108 2135 barbaros
1123 2097 1280 2148 quidem
1298 2100 1394 2139 fides
1409 2103 1499 2142 mihi
1513 2106 1661 2155 fuisset,

190 2157 334 2208 quippe
361 2157 428 2207 qui
452 2169 532 2194 rem
558 2155 861 2194 infidelissimam
883 2170 905 2195 a
926 2171 985 2195 me
1005 2165 1264 2210 perpetratam
1286 2163 1444 2210 scirent,
1460 2179 1548 2204 cum
1566 2171 1660 2208 ami-

193 2231 260 2257 cos
273 2218 449 2258 hostibus
468 2217 739 2269 prodidissem.
783 2218 835 2255 At
855 2219 937 2257 sine
954 2219 1030 2258 fide
1048 2221 1172 2260 vitalis
1189 2221 1293 2260 haud
1307 2231 1368 2262 est
1383 2226 1470 2265 vita.
1509 2228 1659 2269 Etenim

191 2281 260 2334 qui
283 2281 345 2319 vel
369 2280 483 2319 bonis
509 2287 648 2319 exutus
670 2283 729 2320 vel
757 2295 877 2333 regno
903 2283 1075 2333 patriave
1109 2284 1158 2322 sit
1185 2284 1347 2336 ejectus,
1370 2287 1509 2326 alicubi
1540 2294 1661 2341 possit

192 2342 341 2394 excipi:
385 2354 517 2380 verum
547 2343 612 2392 qui
644 2342 762 2380 fidem
796 2344 934 2390 amisit,
962 2345 1066 2383 omni
1097 2358 1166 2396 spe
1199 2360 1352 2385 eversus
1383 2356 1453 2387 est.
1511 2351 1567 2389 Ex
1600 2353 1659 2394 his

192 2404 308 2455 igitur
329 2403 508 2447 efficitur,
527 2416 575 2440 ne
596 2403 763 2443 voluisse
781 2418 842 2443 me
860 2405 1029 2456 quidem,
1049 2408 1198 2445 etiamsi
1221 2409 1450 2458 potuissem,
1467 2410 1659 2454 Graeciam

195 2465 372 2518 prodere.

246 2528 288 2565 4.
317 2526 513 2578 Deinceps
542 2533 671 2565 autem
691 2541 778 2566 cum
802 2537 1029 2568 accusatore
1050 2530 1141 2568 mihi
1161 2533 1357 2583 agendum
1380 2542 1451 2573 est.
1510 2536 1599 2580 Qua
1618 2545 1659 2577 tu

195 2602 235 2627 re
263 2587 386 2627 fretus
406 2587 494 2626 talis
522 2587 638 2626 talem
661 2592 857 2629 accusas?
893 2591 1075 2642 indignus
1101 2592 1328 2645 indignum?
1370 2605 1429 2635 est
1455 2599 1555 2636 enim
1585 2600 1660 2639 hoc

194 2648 355 2700 dignum
379 2648 551 2701 cognitu.
610 2649 749 2689 Utrum
767 2653 869 2691 enim
889 2652 995 2703 quod
1016 2653 1107 2691 mihi
1133 2655 1275 2693 crimen
1297 2656 1474 2708 imponis,
1494 2659 1532 2697 id
1555 2670 1661 2701 certo

195 2719 436 2764 compertum
456 2713 588 2760 habes,
611 2725 658 2751 an
678 2716 901 2766 conjectura
928 2716 1227 2768 complecteris?
1258 2717 1410 2756 Etenim
1433 2720 1463 2758 si
1484 2732 1662 2773 comper-

196 2783 279 2814 tum
296 2773 431 2820 habes,
451 2775 510 2813 vel
531 2775 658 2814 vidisti
679 2776 738 2814 vel
759 2777 864 2814 fuisti
894 2777 1086 2828 particeps
1099 2778 1171 2829 {vel
1205 2779 1398 2818 audivisti.
1456 2782 1495 2820 Si
1517 2782 1661 2830 vidisti,

197 2838 340 2881 locum,
367 2842 519 2887 tempus
541 2836 600 2874 his
627 2837 768 2884 indica,
787 2839 959 2889 quando,
986 2839 1063 2886 ubi,
1086 2841 1284 2891 quomodb
1304 2842 1451 2882 vidisti:
1483 2845 1512 2882 si
1543 2846 1660 2895 parti-

196 2913 290 2952 ceps
312 2899 429 2946 fuisti‚
449 2900 486 2938 in
500 2899 639 2938 eodem
657 2902 797 2940 teneris
818 2901 984 2953 flagitio:
1015 2903 1045 2940 si
1061 2902 1107 2941 de
1122 2903 1305 2954 participe
1326 2905 1518 2951 audivisti,
1534 2906 1565 2944 is
1579 2906 1661 2957 ipse

198 2962 372 3015 prodeat,
394 2969 591 3013 appareat,
612 2964 874 3003 testimonium
897 2963 1013 3002 dicat.
1073 2964 1172 3003 Nam
1192 2965 1245 3003 ita
1264 2966 1349 3016 plus
1363 2966 1526 3019 *habebit
1547 2980 1660 3006 accu-

924 3028 946 3063 3
969 3039 996 3064 U
