1870 3277
239 165 313 204 132
822 161 1116 202 ISOCRATIS

237 266 342 305 enim
372 265 491 304 simili
527 277 719 305 armorum
736 278 880 317 genere
910 266 1102 304 duntaxat
1135 277 1220 303 sese
1250 269 1452 310 ornarunt,
1482 265 1551 303 sed
1572 264 1708 302 eadem

237 341 394 379 quoque
413 327 544 366 studia
563 327 780 374 coluerunt,
797 335 842 366 ut
860 327 1027 366 decebat
1043 340 1174 365 eorum
1193 325 1536 364 necessitudinem.
1580 325 1612 362 E
1632 325 1711 363 fra-

236 390 359 428 tribus
381 390 482 428 enim
503 390 637 440 geniti,
659 390 756 428 alter
776 390 890 434 Jove,
915 390 1101 440 Neptuno
1122 389 1229 434 alter,
1251 388 1437 426 fraternas
1459 387 1573 425 etiam
1601 388 1709 438 cupi·

235 450 377 489 ditates
401 450 636 489 habuerunt.
695 451 796 488 Nam
827 450 865 487 hi
894 451 963 488 soli
985 464 1032 488 ex
1056 452 1159 488 omni
1183 450 1367 488 memoria
1397 463 1463 500 pro
1485 449 1709 487 defensione

237 510 396 550 humani
418 513 569 563 generis
592 512 767 563 pugilum
789 512 910 549 instar
931 509 1082 562 semper
1103 512 1209 550 velut
1228 513 1263 549 in
1289 511 1487 562 procinctu
1508 517 1710 548 steterunt.

298 575 359 612 13.
391 575 455 612 Sic
483 582 613 612 autem
636 574 812 623 contigit,
844 580 887 610 ut
917 573 1014 611 alter
1045 574 1256 611 celebriora
1275 580 1314 611 et
1333 574 1492 624 majora,
1513 573 1609 610 alter
1639 573 1712 609 uti·

237 635 336 674 liora
350 643 387 673 et
405 636 674 686 conjunctiora
688 635 851 679 Graecis,
869 635 1081 672 certamina
1101 636 1263 673 subiret:
1297 648 1383 673 nam
1401 635 1449 672 illi
1472 634 1714 685 Eurystheus

238 695 457 747 imperabat
497 704 539 734 ut
570 698 691 735 boves
725 711 771 735 ex
807 696 978 747 Erythea
1012 697 1198 747 abigeret,
1232 705 1275 735 ut
1312 698 1413 735 mala
1453 697 1714 747 Hesperidum

242 758 411 805 afferret,
438 765 481 796 ut
501 759 715 797 Cerberum
738 758 965 805 adduceret,
989 766 1029 797 et
1051 758 1145 797 alios
1171 759 1252 810 ejus
1275 760 1427 809 generis
1449 759 1601 796 labores
1631 771 1715 796 sus-

240 820 402 871 ciperet,
421 820 562 870 quibus
588 820 693 858 nihil
709 820 791 859 aliis
821 820 1098 866 commodaret,
1120 821 1190 858 sed
1212 821 1292 872 ipse
1312 821 1349 858 in
1370 821 1576 858 discrimen
1598 828 1716 870 atque

242 881 460 934 periculum
497 890 725 927 vocaretur3
767 882 829 921 hic
867 896 959 921 vero
997 895 1117 933 quum
1152 882 1248 933 juris
1287 890 1393 921 esset
1426 896 1471 920 ea
1509 883 1719 920 certamina

245 943 406 995 delegit,
426 945 566 995 quibus
586 945 647 983 vel
668 945 861 983 Graeciam
879 945 939 982 vel
963 945 1122 995 patriam
1145 958 1255 982 suam
1275 945 1473 983 beneficiis
1490 944 1718 981 cumularet.

243 1005 430 1052 Proinde,
446 1014 526 1044 tum
549 1014 704 1045 taurum
725 1014 764 1045 et
782 1021 804 1044 a
820 1007 1007 1058 Neptuno
1027 1007 1236 1044 immissum
1255 1013 1295 1044 et
1307 1007 1474 1044 Atticam
1491 1012 1722 1050 vastantem,

247 1079 336 1104 curn
363 1080 441 1116 quo
471 1068 640 1105 universi
672 1068 855 1119 congredi
889 1081 966 1105 non
992 1068 1202 1113 audebant,
1231 1068 1339 1106 solus
1369 1068 1450 1118 ipse
1471 1067 1619 1105 domuit
1641 1080 1720 1104 ma-

248 1140 406 1178 gnoque
438 1135 544 1166 metu
574 1135 615 1166 et
641 1141 784 1179 magna
804 1142 939 1166 omnes
960 1129 1026 1179 qui
1058 1130 1191 1166 urbem
1218 1129 1441 1167 incolebant
1470 1129 1723 1179 trepidatione

248 1188 449 1227 liberavit:
479 1196 560 1226 tum
591 1189 685 1227 inita
714 1203 804 1227 cum
837 1189 1007 1240 Lapithis
1041 1190 1226 1227 societate
1257 1197 1295 1228 et
1326 1189 1569 1240 expeditione
1590 1197 1726 1227 contra

248 1257 457 1289 centauros
492 1251 727 1289 bimembres
757 1250 952 1289 celeritate
983 1258 1022 1289 et
1052 1251 1194 1289 viribus
1226 1260 1266 1289 et
1296 1252 1461 1289 audacia
1493 1258 1724 1302 praestantes

252 1320 452 1364 suscepta,
478 1313 544 1364 qui
576 1314 690 1351 urbes
718 1313 812 1350 alias
837 1319 1033 1351 vastarant
1062 1313 1146 1350 aliis
1176 1313 1430 1351 imminebant
1457 1313 1540 1350 aliis
1574 1313 1727 1351 minita-

250 1375 410 1420 bantur,
442 1374 501 1412 his
532 1375 665 1426 praelio
698 1374 825 1420 victis,
859 1387 948 1412 mox
975 1382 1014 1412 et
1044 1388 1174 1413 eorum
1207 1375 1361 1413 ferociae
1393 1376 1550 1413 modum
1578 1377 1727 1421 statuit,

254 1449 383 1487 neque
402 1436 526 1474 multo
548 1444 637 1487 post
657 1450 780 1488 genus
802 1449 914 1474 omne
936 1449 1093 1487 prorsus
1115 1437 1269 1475 delevit.
1327 1437 1444 1475 Circa
1466 1437 1601 1475 eadem
1631 1443 1728 1474 tem-

252 1510 349 1549 pora
371 1511 491 1548 quum
521 1506 736 1536 monstrum
764 1498 861 1535 illud
889 1498 927 1536 in
949 1499 1068 1537 Creta
1092 1499 1299 1536 educatum
1325 1505 1440 1549 atque
1467 1511 1515 1536 ex
1534 1498 1728 1550 Pasiphae

256 1560 359 1598 Solis
380 1561 460 1598 filia
479 1567 613 1599 natum
633 1560 858 1606 exstitisset,
886 1561 948 1598 cui
979 1561 1110 1598 tributi
1140 1561 1294 1598 nomine
1322 1568 1456 1600 nostra
1478 1563 1569 1599 urbs
1589 1562 1648 1599 bis
1672 1575 1733 1599 se-

255 1628 397 1673 ptenos
413 1636 554 1674 pueros
569 1636 616 1661 ex
629 1623 785 1661 oraculo
802 1622 992 1668 mittebat,
1002 1635 1120 1672 quum
1135 1623 1281 1661 videret
1296 1636 1363 1661 eos
1379 1623 1468 1661 duci
1489 1630 1571 1662 toto
1587 1624 1732 1675 populo

257 1684 468 1722 comitante
505 1684 553 1722 ad
594 1697 730 1722 necem
767 1684 969 1734 indignam
1001 1691 1226 1734 certumque
1257 1685 1454 1723 interitum
1489 1692 1526 1723 et
1561 1685 1733 1723 viventes

258 1745 389 1784 adhuc
417 1746 539 1797 lugeri
560 1759 630 1797 pro
651 1747 825 1791 mortuis,
843 1752 952 1784 tanta
972 1746 1236 1796 indignatione
1256 1747 1400 1784 exarsit
1426 1754 1469 1784 ut
1497 1747 1625 1798 potius
1646 1760 1733 1785 esse

261 1805 415 1844 duxerit
431 1807 550 1845 emori
571 1820 689 1858 quam
716 1807 844 1846 vivere
873 1815 911 1844 et
931 1807 1119 1858 imperare
1145 1807 1289 1845 civitati
1309 1821 1397 1858 quae
1419 1814 1497 1845 tarn
1519 1808 1734 1846 miserabile

259 1867 446 1906 tributum
476 1867 652 1906 hostibus
685 1868 854 1920 pendere
885 1874 1103 1919 cogeretur.
1161 1869 1386 1906 Conscenso
1414 1870 1529 1920 igitur
1549 1883 1626 1907 una
1646 1883 1733 1908 cum

261 1928 338 1966 illis
358 1929 527 1981 navigio,
544 1936 584 1967 et
598 1943 644 1968 ea
663 1937 801 1968 natura
818 1936 1001 1980 superata
1021 1943 1108 1980 quae
1126 1929 1283 1980 quidem
1306 1943 1327 1967 e
1347 1930 1427 1969 viro
1451 1937 1491 1969 et
1510 1938 1620 1968 tauro
1642 1944 1734 1968 con-

263 1989 360 2028 flata
375 1998 490 2038 esset,
509 1998 696 2042 tantoque
714 1992 850 2029 robore
870 1991 1032 2042 polleret
1051 1999 1199 2042 quanto
1219 2005 1287 2042 par
1306 1999 1366 2029 est
1384 2005 1467 2030 eam
1490 2006 1578 2043 quae
1594 1993 1736 2031 talibus

261 2052 488 2103 corporibus
503 2060 670 2099 constat,
686 2066 763 2092 non
782 2066 923 2103 pueros
944 2053 1069 2091 solum
1085 2053 1310 2104 parentibus
1326 2054 1541 2092 incolumes
1557 2055 1738 2101 restituit,

267 2113 338 2151 sed
357 2115 490 2152 urbem
511 2115 627 2152 etiam
659 2123 736 2152 tarn
769 2115 916 2166 injusto
946 2120 1104 2165 tamque
1138 2116 1280 2153 acerbo
1309 2122 1349 2154 et
1375 2117 1580 2154 inevitabili
1609 2117 1738 2155 edicto

262 2173 454 2214 liberavit.

326 2237 388 2276 14.
420 2236 614 2288 Equidem
636 2249 719 2274 sum
741 2237 857 2274 animi
877 2237 1018 2275 dubius
1038 2237 1132 2288 quid
1153 2237 1305 2275 consilii
1319 2238 1368 2276 de
1385 2239 1542 2290 reliquis
1562 2230 1738 2291 capiam:

267 2304 526 2349 posteaquam
540 2298 643 2335 enim
657 2297 708 2335 ad
722 2298 862 2336 Thesei
878 2298 1049 2336 facinora
1064 2298 1222 2349 perveni
1243 2298 1368 2349 deque
1388 2299 1461 2338 illis
1483 2300 1609 2338 dicere
1630 2301 1742 2352 coepi,

267 2373 402 2398 vereor
431 2366 475 2397 ut
505 2359 641 2397 deceat
673 2359 712 2396 in
738 2359 866 2397 medio
891 2359 1010 2397 veluti
1038 2372 1154 2398 cursu
1180 2360 1353 2398 oratione
1381 2362 1543 2412 abrupta
1572 2362 1742 2401 Scironis

268 2428 309 2461 et
329 2422 542 2474 Cercyonis
573 2421 811 2471 aliorumque
842 2421 924 2472 ejus
951 2423 1104 2472 generis
1129 2422 1406 2461 immanitatem
1433 2424 1742 2474 praetermittere,

269 2485 412 2536 quibus
441 2484 506 2523 ille
531 2483 679 2522 fortiter
705 2484 895 2534 superatis
925 2484 1132 2522 multarum
1158 2492 1198 2523 et
1222 2498 1452 2535 magnarum
1480 2485 1743 2524 calamitatum

271 2546 425 2585 Graecis
445 2544 659 2584 remedium
679 2545 819 2591 attulit,
839 2545 907 2583 sed
927 2558 988 2583 me
1006 2545 1194 2584 excedere
1215 2546 1375 2584 modum
1396 2559 1441 2584 ac
1462 2547 1743 2598 providendum

272 2620 358 2647 esse
389 2607 504 2646 video
536 2620 586 2646 ne
611 2607 678 2658 qui
705 2620 766 2645 me
795 2613 931 2657 putent
958 2606 1007 2644 de
1035 2606 1110 2645 hoc
1139 2607 1315 2645 laborare
1341 2607 1463 2658 magis
1487 2621 1603 2658 quam
1630 2609 1677 2646 de
1698 2622 1745 2647 ea

270 2677 429 2723 propter
457 2682 574 2721 quam
599 2670 683 2707 haec
706 2669 885 2707 instituta
906 2667 982 2706 fuit
1000 2669 1134 2706 oratio.
1192 2669 1290 2712 Quae
1309 2675 1470 2720 utraque
1490 2683 1609 2720 quum
1629 2670 1683 2708 ita
1702 2684 1743 2708 se

271 2733 455 2778 habeant,
474 2732 638 2783 plurima
655 2731 816 2769 transire
836 2731 989 2769 silentio
1011 2731 1128 2768 statui
1152 2737 1311 2781 propter
1337 2743 1510 2769 morosos
1538 2732 1746 2780 auditores,

272 2808 319 2834 ac
342 2801 485 2833 caetera
509 2806 626 2843 quam
646 2800 781 2844 potero
799 2792 1020 2831 brevissime
1039 2804 1271 2844 percurrere,
1291 2799 1335 2829 ut
1354 2793 1490 2842 partim
1512 2793 1584 2831 illis
1604 2795 1743 2846 partim

272 2856 367 2896 mihi
384 2857 468 2908 ipse
488 2855 693 2907 gratificer,
713 2869 840 2907 neque
859 2868 1015 2908 prorsus
1034 2855 1110 2893 illis
1134 2855 1271 2893 cedam
1296 2856 1361 2906 qui
1385 2856 1603 2896 obtrectare
1628 2865 1746 2909 atque

273 2920 405 2959 omnia
423 2932 510 2970 quae
529 2919 712 2957 dicuntur
731 2919 902 2957 cavillari
922 2925 1223 2957 consueverunt.

332 2984 394 3021 15.
425 2980 677 3020 Fortitudinis
702 2981 820 3031 igitur
846 2994 926 3019 suae
958 2980 1154 3033 specimen
1185 2980 1223 3018 in
1251 2979 1309 3017 his
1341 2979 1574 3018 facinoribus
1608 2980 1741 3027 edidit,
