1870 3277
616 202 1097 242 PANATHENAICUS.
1518 202 1587 238 151

182 309 243 346 13.
264 309 393 346 Verba
414 317 543 347 autem
565 310 703 347 faciam
724 309 772 346 de
791 306 988 345 beneficiis
1003 305 1042 342 in
1060 305 1222 343 Graecos
1244 319 1266 343 a
1286 312 1418 343 nostra
1438 303 1594 342 civitate

121 370 285 417 collatis,
305 384 382 409 non
404 371 496 421 quin
518 384 602 409 earn
624 370 712 421 plus
740 368 929 407 laudarim
955 380 1070 418 quam
1091 379 1226 403 omnes
1247 374 1283 404 et
1303 374 1428 416 poetae
1450 374 1489 403 et
1509 379 1595 404 ora-

121 438 243 470 tores:
275 432 345 471 sed
367 434 458 483 quia
479 445 580 470 nunc
606 432 708 470 idem
737 430 847 468 aliter
874 442 991 480 quam
1012 428 1100 466 olim
1121 427 1248 466 facere
1266 427 1433 465 decrevi.
1491 428 1594 465 Tum

120 493 220 531 enim
245 494 284 531 in
315 495 554 533 orationibus
584 493 668 531 aliis
694 492 743 530 de
770 493 884 530 rebus
911 491 1095 529 institutis
1117 489 1350 527 mentionem
1371 489 1455 539 ejus
1477 489 1594 527 facie-

120 556 221 602 bam,
244 570 348 596 nunc
371 564 498 595 autem
519 556 620 594 hanc
641 554 853 593 orationem
880 554 927 592 de
951 567 997 591 ea
1020 553 1104 603 ipsa
1126 551 1287 589 institui.
1347 551 1487 600 Neque
1506 564 1597 590 vero

122 616 258 668 ignoro
283 631 397 668 quam
425 624 609 669 provecta
635 624 749 654 aetate
777 629 893 666 quam
921 614 1068 665 ingenti
1097 613 1145 651 de
1166 627 1206 651 re
1228 613 1357 650 dicere
1379 612 1597 663 aggrediar,

123 679 194 716 sed
217 693 336 730 quum
362 688 400 718 et
428 679 571 730 optime
599 678 718 716 sciam
748 685 787 716 et
816 690 919 728 saepe
950 676 1109 713 dixerim
1138 688 1199 712 res
1230 674 1392 724 exiguas
1423 674 1598 712 oratione

122 740 234 777 facile
263 753 376 790 posse
411 740 650 791 amplificari,
681 738 949 777 difficillimum
982 744 1110 775 autem
1144 749 1232 775 esse
1262 737 1365 774 facta
1393 736 1599 774 excellenti

124 801 388 851 magnitudine
415 809 454 840 et
479 800 740 853 pulcritudine
763 799 962 838 laudando
984 811 1137 849 aequare
1157 811 1165 835 :
1198 797 1448 835 nihilominus
1469 805 1599 835 tamen

124 862 172 900 ab
188 862 357 913 incoepto
374 862 641 901 desistendum
656 875 732 899 non
750 868 821 905 est,
841 860 908 898 sed
925 860 1204 912 perficiendum
1222 859 1327 910 quod
1343 859 1601 910 suscepimus,

125 923 156 960 si
177 923 334 973 quidem
352 924 429 962 vita
449 930 642 975 suppetet,
662 923 874 975 praesertim
899 935 1019 973 quum
1040 921 1163 958 multa
1186 933 1246 958 rne
1268 920 1317 958 ad
1337 921 1439 958 hanc
1460 920 1603 958 oratio-

126 997 215 1022 nem
235 985 478 1024 scribendam
501 985 687 1028 incitent;
722 997 767 1022 ac
787 983 841 1021 illi
862 984 1026 1034 primum
1049 983 1114 1033 qui
1136 990 1309 1020 nostram
1331 983 1466 1019 urbem
1489 989 1601 1032 petu-

126 1046 247 1084 lanter
268 1059 450 1085 accusare
475 1046 616 1093 solent,
633 1046 773 1085 deinde
793 1047 858 1097 qui
876 1047 978 1084 bono
996 1045 1152 1096 quidem
1171 1045 1301 1083 studio
1317 1045 1385 1082 sed
1399 1052 1438 1082 et
1452 1045 1603 1095 imperi-

125 1108 202 1146 tius
224 1122 297 1147 nec
316 1123 385 1160 pro
406 1109 595 1160 dignitate
615 1122 702 1147 eam
723 1108 952 1159 praedicant,
968 1114 1156 1158 praeterea
1176 1107 1241 1157 qui
1265 1106 1476 1156 praedieare
1496 1107 1602 1144 illam

128 1183 209 1221 prae
229 1171 377 1209 caeteris
395 1184 471 1209 non
492 1171 687 1216 dubitant,
704 1184 779 1208 non
801 1170 971 1208 humano
992 1182 1111 1215 more,
1131 1169 1201 1207 sed
1223 1169 1278 1206 sic
1299 1176 1342 1206 ut
1362 1168 1417 1206 eis
1438 1168 1546 1206 multi
1561 1181 1602 1206 se

127 1240 339 1284 opponant,
355 1234 527 1271 omnium
542 1246 630 1270 vero
645 1233 811 1270 maxime
826 1232 912 1270 haec
928 1239 1041 1276 aetas,
1057 1244 1143 1281 quae
1159 1230 1254 1268 alios
1271 1229 1465 1267 dehortari
1482 1230 1604 1268 solet:

128 1308 242 1345 spero
270 1295 386 1340 enim,
414 1295 446 1332 si
475 1294 567 1332 mihi
599 1294 842 1338 successerit,
872 1294 1005 1344 gloriae
1035 1305 1132 1329 meae
1164 1291 1308 1341 aliquid
1341 1304 1605 1339 accessurum,

129 1357 188 1395 sin
218 1357 371 1394 tenuius
396 1356 495 1394 forte
522 1370 639 1406 quam
666 1355 880 1406 oportuerit
908 1355 1055 1400 dixero,
1075 1367 1137 1391 me
1160 1352 1274 1391 facile
1294 1353 1342 1390 ab
1364 1353 1607 1393 auditoribus

131 1419 281 1457 veniam
302 1419 610 1469 impetraturum.

190 1481 250 1517 14.
281 1480 340 1517 Ac
362 1493 450 1530 quae
474 1486 555 1517 tum
583 1478 633 1516 de
660 1490 722 1515 me
747 1477 832 1528 ipso
857 1483 940 1515 tum
967 1476 1015 1514 de
1042 1475 1140 1521 aliis,
1169 1482 1212 1513 ut
1236 1475 1371 1513 musici
1398 1482 1607 1527 antequam

131 1554 271 1579 canere
302 1540 500 1591 incipiant,
534 1539 647 1590 quasi
681 1538 855 1590 praeludii
889 1552 1010 1577 causa
1041 1538 1194 1589 praefari
1228 1537 1346 1584 volui,
1375 1538 1461 1576 haec
1502 1547 1606 1577 sunt.

134 1603 280 1641 Eorum
313 1610 440 1640 autem
469 1602 536 1653 qui
567 1602 700 1639 urbem
730 1600 897 1652 aliquam
925 1606 1107 1638 accurate
1134 1611 1179 1638 ac
1205 1612 1273 1650 pro
1294 1599 1428 1637 merito
1449 1599 1611 1639 laudare

133 1665 327 1704 voluerint
352 1664 521 1702 offi01um
548 1677 633 1702 esse
661 1670 769 1715 puto,
789 1677 866 1701 non
894 1662 1016 1714 ipsius
1043 1668 1194 1700 tantum
1221 1661 1269 1700 de
1295 1674 1373 1712 qua
1397 1661 1524 1700 dicere
1550 1663 1610 1700 in-

132 1727 341 1765 stituerunt
369 1726 495 1764 facere
521 1726 771 1772 mentionem,
794 1725 878 1771 sed,
900 1723 1228 1776 quemadmodum
1254 1736 1467 1775 purpuram
1490 1731 1611 1775 atque

133 1801 267 1827 aurum
296 1796 518 1839 spectamus
546 1794 584 1825 et
611 1788 819 1839 probamus
847 1787 1011 1824 aliorum
1040 1785 1250 1824 collatione
1269 1798 1357 1835 quae
1379 1791 1419 1822 et
1440 1786 1609 1836 speciem

134 1851 298 1889 eandem
327 1863 406 1901 prae
433 1863 473 1887 se
502 1849 632 1887 ferunt
655 1856 693 1887 et
713 1849 890 1900 ejusdem
910 1860 998 1886 esse
1021 1847 1129 1898 pretii
1148 1853 1350 1898 putantur,
1372 1847 1426 1884 sic
1447 1847 1608 1886 urbibus

135 1914 250 1952 etiarn
279 1927 300 1951 e
328 1913 485 1964 reglone
513 1913 766 1951 collocandas
794 1925 893 1959 esse,
922 1924 1000 1949 non
1031 1923 1168 1961 parvas
1197 1911 1347 1961 magnis
1374 1923 1502 1961 neque
1528 1911 1612 1949 aliis

137 1975 362 2027 [perpetuo]
390 1988 522 2025 parere
549 1975 685 2013 solitas
712 1974 756 2011 iis
782 1987 871 2024 quae
894 1980 1084 2025 perpetuo
1104 1973 1292 2024 imperare
1313 1980 1615 2020 consueverunt,

137 2051 208 2076 nec
234 2051 322 2088 quae
350 2037 511 2076 aliorum
539 2050 609 2088 ope
633 2036 809 2087 indigent
828 2037 872 2074 iis
895 2049 981 2086 quae
1003 2048 1116 2086 opem
1137 2035 1233 2073 ferre
1252 2043 1431 2087 possunt,
1453 2035 1524 2073 sed
1544 2049 1611 2074 eas

137 2114 226 2152 quae
246 2107 285 2139 et
303 2100 493 2138 consimili
512 2100 686 2150 potentia
700 2106 739 2137 et
758 2098 892 2136 iisdem
909 2099 947 2136 in
963 2098 1128 2148 negotiis
1144 2105 1306 2135 versatae
1323 2104 1468 2136 suntet
1481 2111 1612 2149 parem

137 2168 371 2214 potestatem
391 2161 635 2199 habuerunt:
666 2161 720 2199 sic
738 2160 837 2198 enim
855 2160 904 2198 de
919 2159 974 2197 eis
989 2159 1186 2197 verissime
1203 2166 1406 2197 statuetur.
1465 2160 1505 2197 Si
1526 2160 1614 2211 quis

139 2237 231 2274 ergo
253 2236 323 2261 nos
345 2223 417 2262 hoc
437 2223 554 2275 modo
575 2229 726 2274 spectet
745 2229 781 2260 et
803 2222 980 2260 conferat
1004 2234 1083 2258 non
1113 2234 1201 2259 cum
1228 2221 1402 2271 qualibet
1428 2221 1495 2259 sed
1525 2235 1613 2260 cum

140 2287 332 2338 Spartana
360 2285 528 2330 civitate,
555 2299 671 2336 quam
701 2284 872 2336 plerique
896 2283 1096 2321 moderate
1120 2295 1212 2320 sane
1242 2282 1418 2329 laudant,
1439 2283 1616 2321 nonnulli

140 2355 266 2387 autem
295 2354 481 2397 tanquam
509 2347 587 2385 illic
616 2346 776 2385 semidei
797 2346 974 2383 habitent
992 2345 1046 2382 sic
1065 2344 1115 2383 de
1133 2357 1180 2383 ea
1201 2344 1471 2390 meminerunt,
1494 2357 1561 2383 eos
1579 2351 1618 2383 et

141 2409 314 2461 potentia
333 2416 372 2447 et
391 2409 506 2446 rebus
528 2408 647 2458 gestis
670 2414 708 2445 et
725 2407 921 2446 beneficiis
941 2406 980 2444 in
1001 2407 1164 2444 Graecos
1185 2405 1339 2444 collatis
1361 2406 1536 2456 longiore
1558 2406 1616 2444 in·

141 2471 300 2510 tervallo
321 2483 343 2509 a
361 2469 473 2508 nobis
494 2469 647 2508 relictos
669 2483 756 2508 esse
777 2469 975 2508 constabit
993 2482 1110 2520 quam
1132 2469 1180 2506 ab
1201 2467 1255 2506 eis
1276 2476 1452 2506 caeteros,

201 2534 262 2571 15.
294 2533 351 2570 Ac
367 2538 517 2570 veteres
534 2531 692 2582 quidem
712 2530 980 2570 dimicationes
997 2543 1068 2582 pro
1085 2529 1236 2568 Graecis
1255 2536 1461 2580 susceptas
1481 2537 1619 2580 postea

145 2587 398 2640 narrabimus,
426 2607 529 2632 nunc
556 2600 687 2632 autem
717 2594 765 2632 de
792 2592 866 2631 illis
895 2592 1047 2631 habebo
1077 2604 1293 2630 sermonem
1323 2591 1413 2628 inde
1440 2604 1619 2639 exorsus,

144 2669 261 2707 quum
284 2657 476 2695 Achaicas
501 2657 618 2695 urbes
643 2663 884 2707 occuparunt
904 2662 943 2694 et
960 2654 1157 2706 regionem
1178 2665 1265 2691 cum
1284 2652 1435 2704 Argivis
1452 2659 1492 2692 et
1511 2653 1621 2692 Mes·

147 2719 262 2757 seniis
277 2718 403 2769 partiti
417 2725 532 2757 sunt:
561 2718 650 2756 hinc
667 2718 768 2756 enim
785 2723 878 2756 sunt
894 2717 1004 2755 nobis
1021 2715 1176 2753 dicendi
1192 2715 1384 2766 capienda
1399 2715 1622 2766 primordia.

148 2778 312 2818 Nostros
331 2780 448 2831 igitur
467 2780 632 2832 majores
654 2780 856 2831 apparebit
875 2786 916 2817 et
932 2778 1181 2817 concordiam
1198 2776 1429 2815 Graecorum
1445 2783 1486 2815 et
1500 2777 1624 2815 inimi·

148 2840 257 2878 citias
281 2841 546 2887 barbarorum,
564 2843 646 2893 jam
668 2841 758 2880 inde
780 2854 804 2879 a
822 2841 998 2893 Trojanis
1024 2839 1264 2891 temporibus
1290 2846 1508 2892 susceptas,
1529 2852 1623 2878 con-

150 2915 301 2941 servare
321 2911 361 2942 et
380 2904 416 2941 in
438 2904 571 2943 iisdem
593 2905 730 2942 studiis
750 2915 1012 2955 perseverare.

209 2965 269 3002 16.
302 2965 364 3003 Ac
397 2965 562 3016 primum
595 2965 791 3016 Cyclades
828 2964 988 3009 insulas,
1022 2963 1070 3001 de
1102 2962 1241 3014 quibus
1277 2963 1409 3001 Minoe
1445 2961 1625 3000 Cretensi
