1870 3277
591 175 1072 217 PANATHENAICUS.
1489 174 1563 213 159

103 299 190 339 quae
209 285 370 335 eloquor
388 289 601 333 temperare
622 280 714 320 mihi
738 292 815 317 non
842 290 953 329 posse
977 284 1134 329 propter
1152 277 1301 328 copiam
1329 289 1460 316 eorum
1480 289 1568 327 quae

102 345 269 386 dicenda
297 344 389 383 mihi
415 345 591 383 affluunt.
650 342 865 391 Postquam
891 339 1006 390 igitur
1031 339 1216 377 audacter
1245 339 1350 390 loqui
1381 345 1567 390 coeptum,

102 419 225 458 osque
247 406 417 444 solutum
444 412 517 451 est,
537 410 575 442 et
605 403 681 440 tale
706 401 1002 439 fundamentum
1028 399 1215 438 orationis
1241 413 1337 437 meae
1357 400 1507 450 jactum
1527 405 1572 437 ut

103 481 149 507 ea
167 467 318 506 silentio
337 465 523 518 praeteriri
543 477 669 515 neque
690 463 860 501 debeant
879 474 1004 513 neque
1022 460 1187 513 possint,
1206 474 1275 512 per
1300 474 1388 512 quae
1408 461 1571 500 demon-

104 530 216 570 strari
245 535 373 580 potest
399 533 569 566 nostram
597 526 731 564 urbem
758 524 807 564 de
828 524 979 562 Graecis
997 524 1133 562 melius
1154 536 1239 562 esse
1260 524 1435 561 meritam
1455 537 1572 574 quam

104 590 435 635 Lacedaemonios,
451 602 530 627 non
549 587 749 626 reticenda
769 592 861 624 sunt
881 587 994 624 etiam
1017 593 1159 625 caetera
1177 586 1279 624 mala
1295 598 1382 636 quae
1399 585 1573 622 nondum

103 653 260 704 quidem
278 651 438 690 recitata
453 649 523 688 sed
538 651 636 687 inter
650 648 813 687 Graecos
830 648 933 686 facta
946 654 1051 694 sunt,
1063 654 1103 686 et
1119 647 1404 686 ostendendum
1417 653 1574 685 nostros

105 727 153 753 ea
183 726 269 752 sero
300 712 497 758 didicisse,
527 710 852 749 Lacedaemonios
884 721 973 748 vero
1005 708 1188 760 quaedam
1218 708 1362 760 primos
1395 708 1576 760 quaedam

105 775 210 814 solos
233 773 450 812 admisisse.

162 837 228 874 37.
257 834 419 872 Plurimi
438 846 531 872 sane
550 839 755 884 utramque
783 833 921 871 urbem
951 838 1156 878 accusant,
1177 832 1282 883 quod
1308 844 1429 882 quum
1459 830 1580 869 videri

106 895 227 935 velint
247 909 315 947 pro
337 895 488 934 Graecis
507 901 645 934 contra
662 896 847 934 barbaros
868 894 1089 941 dimicasse,
1105 893 1324 933 civitatibus
1347 900 1390 932 ut
1408 892 1468 931 sui
1481 892 1581 945 juris

109 963 243 996 essent
260 964 299 996 et
319 964 361 995 ut
382 957 544 1009 singulis
573 957 778 1008 expediret
807 970 879 995 sua
907 962 1187 1008 componerent
1215 968 1292 993 non
1322 955 1580 1007 permiserint,

108 1019 191 1066 sed,
205 1025 390 1069 tanquam
411 1018 515 1056 bello
536 1024 672 1070 captas
689 1018 856 1070 partitae,
875 1019 930 1057 sic
946 1031 1081 1057 omnes
1098 1017 1281 1056 servitute
1298 1017 1582 1069 oppresserint;

110 1080 215 1131 quod
236 1080 395 1131 perinde
416 1080 465 1118 sit
487 1093 532 1118 ac
555 1081 586 1118 si
609 1080 674 1131 qui
695 1080 861 1119 famulos
883 1081 932 1119 ab
953 1080 1033 1118 aliis
1058 1080 1251 1118 abductos
1271 1086 1390 1130 atque
1410 1079 1448 1116 in
1468 1078 1583 1116 liber-

111 1149 227 1181 tatem
252 1148 420 1180 assertos
442 1142 514 1180 sibi
531 1143 673 1180 servire
693 1150 849 1193 cogant.

168 1204 232 1240 38.
264 1203 319 1240 Ut
339 1209 467 1240 autem
489 1203 573 1241 haec
589 1210 626 1242 et
642 1204 760 1256 longe
779 1204 893 1255 plura
911 1203 972 1242 his
993 1209 1110 1254 atque
1131 1201 1329 1240 acerbiora
1351 1201 1587 1247 dicerentur,

113 1277 191 1302 non
211 1264 249 1301 in
270 1277 391 1302 causa
412 1277 484 1302 nos
510 1265 668 1312 fuimus,
688 1265 757 1303 sed
784 1265 838 1302 illi
866 1265 933 1315 qui
953 1271 993 1302 et
1011 1277 1117 1302 nunc
1137 1264 1265 1301 verbis
1290 1262 1432 1300 nostris
1454 1275 1495 1300 se
1517 1275 1587 1313 op—

112 1332 263 1378 ponunt
281 1332 321 1363 et
335 1325 521 1377 superiori
537 1333 713 1377 tempore
733 1325 877 1364 nostris
899 1324 1117 1362 actionibus
1138 1323 1317 1361 omnibus
1339 1330 1429 1361 sunt
1449 1323 1587 1361 adver-

115 1387 202 1426 sati.
259 1387 425 1425 Nostros
450 1388 553 1426 enim
574 1387 739 1438 majores
767 1385 926 1423 infinitis
954 1384 1196 1435 superiorum
1217 1391 1433 1435 temporum
1455 1385 1588 1435 spatiis

115 1462 232 1488 nemo
261 1449 544 1488 demonstrabit
572 1449 631 1486 vel
658 1459 777 1485 unam
807 1447 941 1484 urbem
970 1446 1050 1484 sive
1079 1447 1269 1495 majorem
1296 1446 1374 1484 sive
1403 1446 1591 1484 minorem

116 1512 377 1564 oppressisse,
397 1510 721 1549 Lacedaemonios
737 1522 829 1547 vero
848 1515 995 1547 norunt
1015 1521 1165 1554 omnes,
1182 1521 1230 1545 ex
1247 1521 1325 1558 quo
1343 1508 1381 1545 in
1398 1508 1593 1560 Pelopon-

117 1587 256 1613 nesum
277 1580 479 1620 venerunt,
499 1572 594 1610 nihil
620 1572 727 1610 aliud
753 1583 868 1622 agere
898 1578 966 1609 aut
994 1570 1120 1608 moliri
1148 1570 1223 1608 nisi
1252 1576 1296 1608 ut
1321 1570 1382 1608 vel
1411 1571 1592 1609 omnibus

119 1636 322 1687 imperent,
344 1634 450 1685 quod
471 1634 509 1671 in
529 1632 661 1685 primis
682 1638 832 1684 optant,
852 1632 915 1670 vel
937 1632 968 1670 si
989 1631 1026 1670 id
1047 1631 1129 1669 fieri
1155 1637 1340 1683 nequeat,
1360 1631 1498 1670 saltem
1520 1631 1595 1670 Pe-

119 1696 441 1750 loponnensibus.
499 1696 695 1733 Praeterea
727 1694 833 1746 quod
868 1694 919 1732 ad
949 1694 1160 1734 seditiones
1186 1700 1227 1732 et
1248 1694 1379 1732 caedes
1404 1701 1443 1732 et
1468 1701 1595 1733 muta-

123 1759 249 1798 tiones
270 1756 642 1809 rerumpublicarum
663 1755 814 1803 attinet,
831 1768 930 1806 quas
947 1755 1105 1807 quidam
1125 1755 1280 1806 utrique
1300 1761 1477 1794 nostrum
1496 1756 1598 1808 obje-

123 1827 247 1866 ctant,
280 1832 415 1858 omnes
447 1819 502 1857 illi
535 1820 650 1857 urbes
684 1817 820 1869 paucis
853 1817 1026 1869 exceptis
1061 1816 1202 1856 talibus
1235 1817 1524 1856 calamitatibus
1557 1824 1598 1855 et

124 1882 267 1921 morbis
283 1881 563 1932 impleverunt;
593 1886 736 1917 nostrae
752 1892 843 1917 vero
860 1879 944 1917 urbi
961 1886 1051 1917 ante
1066 1878 1219 1917 cladem
1236 1879 1598 1931 Hellespontiacam

125 1944 294 1995 objicere
311 1956 427 1981 nemo
447 1942 566 1980 audet
584 1941 710 1978 ullum
730 1940 810 1979 tale
832 1940 980 1979 facinus
1001 1941 1040 1978 in
1061 1940 1186 1979 socios
1202 1941 1469 1979 commissum.
1519 1941 1599 1980 Sed

125 2018 245 2056 quum
263 2003 549 2043 Lacedaemonii
563 2002 696 2053 adepti
713 2002 878 2040 Graeeiae
895 2002 1137 2041 dominatum
1155 2015 1307 2041 summa
1322 2015 1448 2041 rerum
1468 2003 1599 2041 denuo

127 2066 355 2105 exciderent
379 2072 429 2112 et,
451 2072 494 2104 ut
511 2065 572 2103 his
591 2065 832 2116 temporibus
852 2064 933 2103 fieri
953 2064 1066 2112 solet,
1086 2064 1245 2116 reliquae
1265 2066 1381 2103 urbes
1401 2064 1599 2104 seditiosae

127 2134 274 2175 essent,
294 2127 373 2166 duo
392 2134 460 2165 aut
479 2133 556 2164 tres
577 2132 797 2164 nostrorum
817 2125 964 2164 ducum
985 2147 1036 2154 —
1056 2139 1127 2164 nec
1148 2126 1249 2164 enim
1267 2125 1464 2163 veritatem
1485 2125 1599 2164 dissi-

127 2189 284 2228 mulabo
304 2212 357 2218 —
376 2188 416 2226 in
437 2201 569 2227 earum
588 2187 780 2238 quasdam
805 2188 932 2239 injurii
957 2188 1126 2233 fuerunt,
1149 2195 1348 2239 sperantes
1375 2200 1430 2233 se,
1453 2201 1599 2226 morem

129 2250 516 2289 Lacedaemoniorum
540 2250 724 2294 imitatos,
754 2249 907 2288 facilius
937 2262 1003 2288 eas
1026 2250 1063 2287 in
1090 2250 1219 2288 officio
1246 2250 1446 2288 continere
1471 2262 1599 2300 posse.

131 2312 260 2356 Quare
280 2312 368 2364 jure
394 2324 528 2350 omnes
554 2311 642 2349 illos
670 2311 799 2362 potius
828 2310 1099 2349 accusabimus
1120 2317 1163 2348 ut
1184 2311 1318 2349 talium
1344 2308 1503 2362 operum
1532 2323 1600 2347 au·

130 2380 256 2413 ctores
283 2379 322 2410 et
348 2373 545 2416 doctores,
567 2373 808 2410 nostratibus
835 2378 977 2418 autem,
1000 2378 1043 2409 ut
1069 2371 1271 2423 discipulis
1292 2385 1389 2423 quos
1409 2371 1601 2423 pollicita-

130 2435 256 2474 tiones
276 2434 520 2485 deceperunt
538 2439 578 2470 et
594 2445 683 2484 spes
702 2432 885 2470 frustrata
903 2437 977 2476 est,
998 2432 1134 2477 merito
1154 2432 1267 2470 venia
1289 2433 1455 2471 dabitur.

188 2498 253 2535 39.
284 2495 532 2534 Postremum
560 2501 687 2532 autem
718 2493 830 2541 illud,
857 2493 964 2545 quod
993 2493 1065 2533 soli
1090 2500 1131 2532 et
1157 2506 1226 2546 per
1253 2507 1293 2532 se
1321 2500 1497 2544 egerunt,
1517 2494 1602 2544 quis

134 2556 315 2609 ignorat?
344 2559 465 2607 quum
485 2568 710 2594 communes
731 2555 940 2594 inimicitiae
962 2555 1074 2594 nobis
1095 2569 1183 2594 cum
1203 2555 1372 2593 barbaris
1393 2568 1603 2606 eorumque

135 2619 292 2670 regibus
323 2617 580 2664 intercedant,
601 2630 672 2656 nos
703 2617 834 2655 multis
860 2617 1002 2669 petitos
1022 2617 1135 2655 bellis
1156 2623 1195 2654 et
1214 2616 1404 2654 interdum
1426 2617 1606 2667 gravibus

137 2681 380 2719 conflictatos
408 2680 535 2726 malis,
565 2692 684 2730 quum
718 2679 834 2718 etiam
866 2691 958 2730 ager
987 2684 1119 2716 noster
1149 2676 1310 2716 subinde
1330 2684 1544 2717 vastaretur
1570 2686 1609 2717 et

139 2742 390 2788 scinderetur,
407 2753 606 2792 nunquam
623 2740 673 2779 ad
691 2753 824 2780 eorum
842 2740 1048 2778 amicitiam
1071 2746 1110 2777 et
1131 2739 1356 2778 societatem
1376 2740 1605 2792 respexisse,

142 2803 212 2841 sed
231 2809 388 2854 propter
417 2802 576 2841 insidias
597 2802 748 2842 Graecis
767 2816 836 2855 per
855 2815 922 2841 eos
942 2808 1108 2840 structas
1129 2802 1370 2840 constantius
1391 2815 1455 2841 eos
1476 2803 1608 2841 odisse

142 2877 259 2915 quam
280 2864 365 2902 illos
385 2865 451 2915 qui
475 2877 547 2904 nos
568 2865 606 2903 in
626 2865 836 2916 praesentia
854 2864 1112 2902 infestabant:
1145 2863 1459 2903 Lacedaemonios
1480 2872 1609 2903 autem

144 2937 216 2964 nec
237 2931 397 2976 accepto
418 2925 498 2964 ullo
518 2926 620 2966 malo
640 2940 713 2966 nec
733 2933 960 2977 accepturos
978 2937 1105 2976 neque
1125 2932 1342 2965 metuentes
1364 2934 1439 2965 tam
1462 2927 1613 2966 insatia-
