1870 3277
236 155 310 192 234
817 150 981 189 ISOCR
997 152 1113 190 ATls

234 254 318 292 illos
345 253 409 304 qui
430 264 477 290 ea
497 251 716 290 didicerunt
738 258 854 302 atque
875 262 1131 291 exercuerunt
1159 254 1299 304 quibus
1326 262 1364 293 et
1384 268 1493 294 suam
1514 256 1701 307 privatam

233 316 391 353 domum
413 321 452 352 et
473 327 592 365 remp.
613 314 711 352 bene
731 314 1061 361 administrarent,
1082 328 1245 366 quarum
1267 329 1393 354 rerum
1413 318 1559 356 scilicet
1581 318 1704 368 gratia

230 386 269 416 et
289 377 543 416 laborandum
565 384 603 415 et
624 376 973 428 philosophandum
996 385 1034 416 et
1052 378 1181 417 omnia
1197 378 1390 430 agendum
1409 387 1481 418 est.
1512 381 1545 417 A
1561 381 1702 431 quibus

231 453 300 479 vos
321 440 444 478 multo
463 438 602 477 abhinc
618 445 789 490 tempore
805 438 1074 478 adolescentes
1096 440 1282 486 avertitis,
1304 440 1397 478 dum
1419 441 1701 480 institutionem

232 503 331 541 hanc
352 501 678 540 calumniantibus
709 514 821 539 aures
852 501 1043 552 praebetis.
1100 502 1269 553 Jamque
1298 502 1482 540 effecistis
1504 510 1545 540 ut
1567 503 1700 540 horum

232 564 504 617 modestissimi
534 563 570 600 in
591 563 941 614 compotationibus
961 570 1001 601 et
1019 564 1300 602 conventiculis
1321 571 1359 602 et
1380 563 1530 602 desidia
1552 572 1590 602 et
1610 564 1702 601 lusi-

230 629 302 666 bus
323 633 476 666 aetatem
499 624 658 671 ducant,
675 625 767 676 quia
788 625 1012 676 neglexistis
1032 626 1180 664 scilicet
1200 639 1336 664 curare
1359 639 1437 676 qua
1459 627 1606 664 ratione
1627 639 1704 664 me-

231 691 345 727 liores
366 688 598 731 evaderent;
623 687 707 738 jam
725 687 746 723 ii
771 686 836 737 qui
858 687 988 738 pejore
1011 694 1148 725 natura
1169 695 1274 732 sunt,
1289 688 1326 724 in
1348 688 1392 725 iis
1415 687 1702 725 incontinentiis

230 758 333 790 totos
351 751 434 788 dies
454 755 590 800 agunt,
604 748 641 785 in
662 748 800 799 quibus
818 755 933 786 antea
953 762 999 786 ne
1017 761 1151 787 servus
1168 748 1325 799 quidem
1347 749 1478 800 paullo
1494 748 1703 786 modestior

230 812 373 852 versari
394 824 513 850 ausus
533 817 659 851 esset:
690 823 735 848 ac
755 823 888 848 eorum
910 810 972 848 alii
992 811 1041 848 ad
1066 811 1370 849 Enneacrunum
1393 811 1521 848 vinum
1541 811 1700 861 refrige-

230 882 329 921 rant,
346 874 409 912 alii
429 874 467 911 in
489 872 674 922 cauponis
692 879 844 923 potant,
859 872 920 910 alii
940 873 976 909 in
999 872 1133 910 lustris
1153 872 1238 910 alea
1258 872 1412 919 ludunt,
1433 872 1541 910 multi
1564 872 1601 909 in
1620 872 1704 909 tibi-

229 938 401 975 cinarum
424 935 524 973 ludis
545 942 697 985 tempus
717 941 858 972 terunt.
919 935 1054 983 Atque
1075 934 1161 972 illos
1187 934 1344 984 quidem
1371 935 1435 985 qui
1458 936 1624 986 juvenes
1653 934 1701 971 ad

229 999 313 1036 haec
332 998 548 1049 impellunt,
568 1008 680 1034 nemo
697 1008 829 1034 eorum
851 995 915 1045 qui
937 1008 1067 1033 curam
1088 995 1204 1046 hujus
1218 997 1344 1034 aetatis
1364 1009 1404 1034 se
1421 1010 1552 1047 gerere
1567 996 1703 1034 dicunt

229 1060 278 1098 ad
299 1073 368 1098 vos
391 1058 554 1097 detulit:
587 1057 699 1095 nobis
727 1064 857 1095 autem
889 1064 929 1094 et
959 1057 1104 1095 malum
1136 1057 1312 1103 infertur,
1334 1058 1473 1108 quibus
1502 1071 1570 1109 par
1600 1065 1704 1096 esset

229 1123 392 1174 gratiam
412 1121 558 1166 haberi,
581 1121 612 1157 si
635 1119 742 1157 nullo
763 1119 837 1157 alio
856 1118 1024 1165 nomine,
1039 1125 1143 1156 certe
1163 1118 1253 1170 quia
1269 1119 1464 1157 auditores
1486 1127 1639 1160 nostros
1654 1121 1701 1158 ab

228 1182 551 1236 hujusmodivitae
571 1194 714 1233 genere
737 1181 991 1219 deterremus.
1035 1180 1094 1218 Ita
1109 1193 1223 1232 porro
1237 1181 1411 1232 iniquum
1428 1189 1488 1219 est
1507 1181 1544 1218 in
1567 1194 1702 1220 omnes

227 1246 557 1299 sycophantarum
578 1256 714 1295 geum,
729 1249 772 1280 ut
787 1255 852 1281 eos
873 1242 1028 1294 quidem
1046 1242 1111 1293 qui
1133 1243 1266 1293 viginti
1284 1251 1401 1293 atque
1418 1244 1532 1280 etiam
1545 1243 1703 1293 triginta

228 1308 341 1347 minis
358 1306 579 1346 meretrices
600 1305 809 1351 redimunt,
823 1317 911 1355 quae
926 1303 1108 1355 reliquam
1129 1317 1289 1355 quoque
1309 1304 1466 1342 domum
1487 1305 1601 1342 simul
1619 1318 1704 1356 pro-

229 1372 422 1423 fligaturae
443 1377 546 1416 sunt,
564 1369 661 1407 adeo
682 1381 757 1406 non
779 1368 988 1419 objurgent
1005 1374 1048 1405 ut
1068 1374 1105 1406 et
1121 1367 1366 1418 gratulentur
1385 1380 1518 1405 eorum
1539 1367 1701 1406 inconti-

228 1434 392 1477 nentiis3
424 1426 491 1471 eos
513 1444 615 1477 vero,
629 1431 695 1481 qui
715 1429 1116 1481 quantulumcumque
1134 1429 1309 1480 pecuniae
1330 1429 1368 1466 in
1388 1429 1580 1480 propriam
1599 1430 1706 1468 insti-

227 1497 416 1535 tutionem
436 1493 683 1545 impendunt,
697 1491 888 1542 corrumpi
906 1491 1051 1529 dicant.
1106 1490 1251 1529 Verum
1273 1491 1431 1541 quinam
1451 1491 1618 1541 iniquius
1631 1490 1704 1530 hac

228 1557 474 1597 accusatione
496 1562 691 1607 petantur,
707 1567 824 1604 quam
844 1553 883 1590 hi
903 1553 970 1603 qui
990 1553 1028 1590 in
1048 1552 1115 1591 tali
1132 1552 1256 1590 aetatis
1276 1553 1370 1590 flore
1391 1559 1617 1604 spreverunt
1636 1566 1703 1591 eas

228 1621 464 1672 voluptates,
481 1631 580 1670 quas
596 1617 806 1668 aequalium
821 1616 975 1667 plurimi
994 1614 1206 1667 appetunt?
1237 1628 1355 1666 quum
1372 1621 1503 1653 autem
1518 1615 1554 1653 in
1571 1628 1702 1654 eorum

226 1690 418 1735 potestate
438 1688 542 1720 esset
560 1680 737 1718 desidere
758 1676 840 1716 sine
861 1678 948 1716 ullis
965 1677 1163 1729 impensis,
1179 1677 1356 1715 laborare
1378 1677 1597 1715 maluerunt
1613 1690 1702 1716 cum

226 1744 451 1796 dispendio:
466 1743 628 1795 jamque
642 1741 704 1779 vix
717 1753 738 1778 e
751 1740 880 1791 pueris
897 1739 1041 1791 egressi
1057 1752 1103 1777 ea
1120 1738 1297 1777 sciebant
1315 1752 1402 1789 quae
1419 1739 1529 1777 multi
1546 1753 1566 1778 e
1580 1741 1705 1779 senio-

225 1807 330 1845 ribus
350 1806 556 1857 ignorant;
587 1809 766 1854 oportere
789 1801 966 1839 nimirum
984 1814 1071 1839 eum
1093 1800 1158 1852 qui
1179 1802 1278 1838 bene
1298 1813 1344 1838 ac
1364 1800 1549 1839 decenter
1568 1802 1702 1840 mode-

226 1869 303 1908 rari
319 1874 476 1906 aetatem
498 1879 544 1905 ac
563 1865 651 1903 vitae
671 1864 849 1915 pulcrum
866 1863 1016 1901 initium
1038 1864 1167 1902 facere
1189 1863 1293 1909 velit,
1309 1863 1381 1902 sibi
1398 1864 1564 1914 primum
1584 1878 1703 1915 quam

227 1931 309 1970 aliis
331 1942 463 1969 curam
484 1926 721 1979 impendere,
737 1939 863 1976 neque
884 1932 1117 1976 praemature
1136 1938 1311 1976 quaerere
1327 1932 1370 1963 ut
1388 1925 1472 1964 aliis
1487 1927 1619 1977 praesit
1640 1941 1708 1966 an-

226 1999 384 2043 tequam
405 2004 486 2029 suae
513 1989 633 2041 ipsius
652 1988 794 2026 mentis
815 1995 1002 2026 rectorem
1033 1987 1083 2025 sit
1107 2000 1264 2039 passus,
1285 2000 1412 2038 neque
1433 1994 1511 2025 tam
1533 1989 1704 2039 gaudere

227 2061 267 2093 et
285 2052 481 2092 exsultare
501 2051 659 2101 reliquis
679 2049 789 2088 bonis
806 2062 924 2100 quam
945 2049 989 2087 iis
1009 2061 1097 2100 quae
1117 2048 1157 2086 in
1179 2049 1309 2087 animo
1335 2062 1403 2100 per
1420 2049 1701 2091 institutionem

228 2116 453 2167 gignuntur.
509 2113 598 2151 Jam
619 2111 686 2163 qui
713 2111 786 2149 hac
813 2117 906 2149 sunt
923 2117 1064 2157 mente,
1085 2110 1178 2161 quid
1199 2111 1238 2148 ni
1258 2110 1466 2149 laudentur
1493 2125 1538 2150 ac
1568 2114 1702 2164 optimi

228 2185 267 2217 et
287 2175 611 2216 continentissimi
632 2174 733 2213 inter
752 2180 975 2216 coaetaneos
995 2173 1225 2220 habeantur,
1244 2173 1388 2211 nedum
1409 2173 1704 2225 vituperentur?

230 2240 353 2279 Miror
372 2245 515 2285 autem,
529 2238 559 2275 si
573 2237 638 2288 qui
659 2249 725 2274 eos
746 2236 811 2287 qui
832 2243 971 2274 natura
987 2241 1079 2273 sunt
1094 2235 1322 2285 eloquentes
1338 2236 1473 2274 beatos
1490 2237 1708 2287 praedicant,

229 2309 415 2352 tanquam
448 2300 595 2337 bonum
624 2297 717 2348 quid
748 2298 1004 2348 pulcrumque
1041 2297 1214 2343 sortitos,
1242 2296 1329 2336 illos
1358 2304 1487 2335 autem
1510 2299 1575 2348 qui
1603 2301 1701 2339 tales

230 2363 310 2401 fieri
331 2361 468 2400 volunt
494 2357 680 2399 conviciis
707 2359 908 2397 lacessunt
931 2358 1044 2409 quasi
1063 2358 1208 2409 iniquae
1229 2365 1268 2397 et
1288 2359 1433 2397 vitiosae
1455 2359 1704 2401 institutionis

231 2425 442 2464 studiosos.
500 2423 589 2461 Jam
609 2434 700 2460 vero
731 2433 911 2472 quaenam
943 2433 1004 2458 res
1033 2428 1173 2459 natura
1203 2434 1275 2459 sua
1303 2422 1417 2468 bona,
1438 2421 1470 2459 si
1501 2423 1630 2461 studio
1658 2436 1701 2464 ea

231 2492 491 2539 comparetur,
507 2483 628 2535 turpis
648 2490 715 2522 aut
734 2483 838 2522 mala
857 2482 951 2521 fiat?
983 2483 1088 2520 Nihil
1110 2483 1299 2534 ejusmodi
1321 2484 1569 2535 reperiemus,
1586 2486 1703 2526 immo

229 2550 315 2588 aliis
339 2549 378 2586 in
398 2547 512 2586 rebus
542 2559 608 2584 eos
629 2545 694 2597 qui
716 2544 908 2583 industria
927 2557 997 2582 sua
1017 2545 1161 2583 bonum
1183 2545 1341 2595 aliquod
1364 2546 1551 2596 consequi
1571 2554 1705 2598 potue-

230 2620 333 2660 runt,
348 2611 589 2659 luculentius
606 2609 813 2648 laudamus
829 2621 945 2660 quam
966 2621 1033 2648 eos
1051 2608 1115 2659 qui
1136 2609 1174 2647 id
1192 2622 1215 2648 a
1231 2609 1439 2660 majoribus
1459 2620 1703 2662 receperunt.

233 2675 318 2714 Nec
339 2674 494 2726 injuria:
524 2671 682 2724 expedit
707 2671 808 2710 enim
839 2683 928 2709 cum
958 2671 997 2708 in
1027 2670 1178 2709 caeteris
1206 2671 1336 2717 rebus,
1356 2678 1437 2708 tum
1465 2672 1634 2711 maxime
1664 2674 1702 2712 in

232 2736 468 2788 eloquentia,
489 2747 566 2773 non
587 2735 780 2772 fortunam
803 2733 871 2772 sed
890 2745 1023 2771 curam
1043 2732 1242 2771 celebrari.
1302 2732 1378 2776 Qui
1399 2733 1501 2771 enim
1522 2747 1544 2772 a
1564 2742 1703 2775 natura

232 2807 272 2839 et
302 2799 458 2837 fortuna
489 2803 582 2835 sunt
610 2796 851 2847 eloquentes,
871 2808 949 2834 non
981 2794 1168 2847 optimum
1198 2794 1269 2833 sibi
1299 2802 1538 2847 proponunt,
1560 2798 1628 2835 sed
1659 2806 1704 2837 ut

234 2868 324 2901 sunt
343 2859 569 2910 comparati,
589 2858 643 2897 ita
670 2858 724 2896 uti
753 2858 928 2897 oratione
960 2857 1105 2896 solent:
1134 2856 1199 2908 qui
1228 2862 1356 2895 autem
1387 2850 1635 2909 philosophia
1663 2867 1703 2898 et

234 2924 363 2964 studio
381 2923 456 2962 vim
475 2922 579 2960 lianc
599 2920 799 2961 consecuti
820 2927 925 2968 sunt,
948 2919 1039 2959 nihil
1061 2931 1137 2958 non
1159 2918 1344 2959 meditate
1365 2919 1550 2967 dicentes,
1571 2921 1700 2960 minus
