1870 3277
603 204 674 241 DE
706 203 1165 243 PERMUTATIONE.
1546 208 1619 244 211

155 313 327 357 spectus,
356 318 488 344 verum
515 306 610 345 alios
636 306 727 345 mihi
754 307 873 345 fuisse
903 305 1046 344 multos
1075 313 1115 343 et
1141 305 1386 344 turbulentos
1412 306 1624 359 discipulos

154 380 252 418 quos
282 366 404 405 celem
425 381 508 406 vos.
567 368 637 419 [At
668 381 742 418 ego
773 379 988 406 sermonem
1016 367 1053 404 in
1087 372 1265 417 promptu
1291 366 1430 414 habeo,
1460 368 1526 418 qui
1551 368 1623 407 has

152 440 286 467 omnes
305 429 515 468 calumnias
536 437 724 481 coarguat
741 436 857 481 atque
875 429 1064 467 dissolvat
1077 429 1103 478 :]
1127 430 1214 467 volo
1227 430 1342 476 enim,
1359 431 1390 468 si
1407 431 1471 481 qui
1492 446 1513 470 e
1528 433 1622 471 meis

154 490 403 531 familiaribus
422 493 513 531 boni
531 492 600 530 viri
621 498 827 530 evaserunt
839 504 932 542 erga
950 491 1086 529 urbem
1104 492 1249 530 amicos
1265 498 1302 529 et
1322 505 1432 529 suam
1449 493 1621 540 domum,

155 553 299 591 avobis
319 553 407 591 illos
428 552 592 599 laudari,
608 549 701 590 mibi
721 559 850 590 autem
872 552 1018 590 nullam
1039 552 1181 602 probis
1196 552 1359 603 gratiam
1375 552 1529 597 haberi3
1562 556 1621 593 sin

153 614 246 652 mali
275 626 400 666 eoque
426 613 598 665 ingenio,
619 620 664 651 ut
695 613 842 652 deferre
868 614 906 651 in
931 613 1120 665 judicium
1149 619 1188 651 et
1213 626 1397 652 accusare
1426 620 1465 652 et
1496 614 1622 653 aliena

153 683 335 727 appetere
363 676 529 720 soleant,
552 688 623 713 vos
643 675 693 713 de
714 688 776 712 me
801 688 935 726 poenas
956 687 1125 713 sumere.
1182 675 1303 713 Porro
1330 688 1507 725 quaenam
1533 689 1622 727 pro-

152 737 302 775 vocatio
321 738 400 775 fieri
421 743 549 788 potest
571 737 644 775 hac
675 736 865 774 invidiosa
884 736 1010 774 minus
1038 743 1105 774 aut
1123 736 1283 787 aequior,
1302 749 1381 786 qua
1401 749 1474 787 ego
1501 738 1622 776 bonos

151 804 191 836 et
203 799 386 837 honestos
403 798 494 836 mihi
514 812 592 836 non
607 798 774 842 vindico,
792 798 822 835 si
838 797 902 848 qui
925 805 1052 835 autem
1075 796 1165 834 mali
1186 797 1356 843 fuerunt,
1372 810 1441 848 pro
1461 797 1521 836 his
1540 811 1621 849 poe-

151 871 240 896 nam
269 859 395 898 subire
414 866 571 910 paratus
601 858 715 898 sum?
764 858 814 897 Et
834 872 962 897 sermo
988 858 1164 909 profecto
1184 857 1248 896 hic
1275 871 1352 896 non
1372 859 1515 897 frustra
1533 873 1622 910 pro-

150 920 252 958 latus
274 928 347 967 est,
368 920 435 959 sed
459 921 642 972 permitto
670 928 709 959 et
734 920 950 959 accusatori
975 928 1014 958 et
1044 919 1164 958 cuivis
1186 919 1249 957 alii
1270 920 1427 967 volenti,
1452 920 1482 959 si
1504 934 1620 971 quem

151 981 269 1020 habet
286 982 509 1033 hujusmodi
529 983 751 1025 nominare;
784 996 860 1020 non
880 982 984 1032 quod
1006 995 1084 1020 non
1111 982 1276 1019 libenter
1298 982 1414 1033 aliqui
1434 982 1620 1022 adversus

151 1056 213 1081 me
233 1044 429 1082 mentituri
458 1044 546 1090 sint,
568 1044 651 1091 sed,
671 1044 776 1095 quod
794 1044 833 1081 hi
854 1044 983 1081 statim
1010 1043 1119 1081 nobis
1146 1044 1346 1094 patefient,
1376 1050 1414 1082 et
1432 1057 1550 1095 poena
1571 1045 1618 1083 ad

151 1104 237 1143 illos
255 1119 333 1144 non
351 1106 400 1143 ad
421 1119 482 1144 me
501 1106 722 1157 pertinebit.
779 1106 827 1143 Et
843 1105 950 1156 quod
970 1105 1126 1156 quidem
1144 1105 1281 1143 attinet
1295 1106 1344 1143 ad
1364 1105 1509 1143 illatam
1529 1106 1622 1144 mihi

152 1168 442 1206 accusationem
464 1167 648 1218 quodque
670 1166 884 1218 discipulos
911 1180 988 1205 non
1016 1179 1274 1217 corrumpem,
1295 1179 1372 1204 non
1392 1167 1505 1206 video
1523 1165 1622 1219 quo—

151 1228 267 1266 modo
283 1229 499 1267 evidentius
518 1243 580 1267 me
600 1242 767 1280 purgare
787 1229 1014 1280 potuissem.

205 1290 301 1327 26*
330 1293 369 1328 4.
403 1291 542 1341 Injecit
561 1298 749 1341 praeterea
762 1291 995 1329 mentionem
1010 1298 1050 1328 et
1069 1291 1247 1329 amicitiae
1268 1305 1363 1330 meae
1381 1305 1469 1330 cum
1487 1292 1619 1330 Timo-

151 1351 257 1402 theo,
286 1359 326 1390 et
362 1359 568 1403 utrumque
601 1359 776 1390 nostrum
808 1352 1035 1390 calumniari
1067 1360 1231 1390 conatus
1265 1361 1348 1396 est;
1380 1366 1504 1404 neque
1534 1367 1622 1391 eum

150 1413 288 1464 puduit
307 1413 356 1451 de
377 1413 456 1451 viro
478 1421 628 1451 mortuo
647 1420 686 1451 et
704 1413 769 1463 qui
790 1413 913 1450 multa
933 1414 1036 1450 bona
1055 1412 1197 1451 civitati
1217 1421 1392 1451 creasset
1412 1414 1623 1453 maledicos

150 1482 189 1513 et
216 1475 424 1513 admodum
446 1482 642 1526 protervos
665 1487 861 1512 sermones
888 1473 1052 1512 effutire.
1110 1473 1194 1524 Ego
1216 1487 1305 1512 vero
1327 1475 1624 1521 existimassem,

151 1536 302 1575 etiamsi
323 1544 454 1588 aperte
475 1537 725 1574 convincerer
745 1549 830 1574 esse
852 1548 955 1581 reuS‚
974 1542 1102 1572 tamen
1123 1543 1279 1586 propter
1299 1536 1624 1575 consuetudinem

151 1610 239 1635 cum
257 1597 323 1635 illo
347 1611 409 1636 me
430 1597 571 1636 servari
593 1604 791 1648 oportere:
823 1596 890 1634 sed
908 1596 999 1647 quia
1018 1596 1271 1647 Lysimachus
1289 1597 1347 1635 vel
1366 1597 1409 1634 iis
1425 1611 1627 1649 argumen-

154 1659 203 1697 tis
223 1672 283 1698 me
304 1659 437 1698 nititur
462 1659 604 1697 laedere
624 1659 762 1709 quibus
784 1657 917 1696 merito
931 1658 1130 1709 juvandus
1152 1671 1293 1705 essem,
1314 1659 1362 1696 de
1383 1660 1443 1697 his
1471 1673 1627 1711 quoque

152 1719 338 1758 disserere
353 1733 452 1772 opus
473 1727 546 1758 est.
608 1719 756 1757 Idcirco
773 1726 901 1757 autern
924 1719 1039 1770 hujus
1061 1720 1297 1758 mentionem
1319 1734 1394 1758 non
1416 1722 1493 1759 feci
1512 1722 1626 1760 simul

152 1794 239 1819 cum
260 1781 409 1819 caeteris
430 1782 525 1820 meis
547 1781 787 1826 necessariis,
806 1781 896 1832 quia
916 1794 1048 1818 eorum
1069 1794 1130 1819 res
1153 1788 1274 1832 gestae
1295 1783 1408 1821 valde
1429 1783 1624 1822 differunt.

154 1845 217 1881 Ac
237 1842 285 1881 de
305 1843 377 1880 illis
398 1843 554 1894 quidem
576 1843 668 1880 nibil
691 1843 862 1894 ineptum
881 1843 1072 1881 blaterare
1095 1843 1336 1882 adversarius
1356 1858 1474 1883 ausus
1495 1853 1569 1892 est,
1588 1854 1628 1884 at

152 1905 188 1942 in
210 1905 491 1957 vituperatione
511 1905 703 1943 Timothei
724 1904 949 1956 diligentius
971 1912 1032 1942 est
1050 1912 1227 1943 versatus
1249 1919 1366 1956 quam
1387 1907 1424 1944 in
1445 1906 1489 1945 iis
1510 1908 1624 1945 rebus

153 1967 201 2004 de
218 1967 357 2018 quibus
373 1968 504 2005 intulit
517 1967 820 2006 accusationem.
877 1959 975 2003 Tum
992 1966 1046 2003 illi
1059 1967 1193 2017 paucis
1209 1974 1300 2005 sunt
1313 1968 1485 2018 praefecti
1497 1970 1627 2016 rebus,

153 2040 284 2066 eorum
305 2042 396 2067 vero
419 2042 507 2080 quae
535 2028 743 2079 unicuique
774 2034 865 2065 sunt
885 2028 1092 2065 commissa
1121 2028 1174 2066 ita
1199 2042 1332 2067 curam
1362 2038 1566 2080 gesserunt
1585 2040 1628 2070 ut

155 2102 269 2139 quem
290 2089 420 2140 paullo
440 2096 528 2127 ante
549 2089 631 2127 dixi
651 2088 831 2125 honorem
857 2088 1058 2126 consecuti
1079 2087 1183 2132 sint;
1214 2089 1276 2127 bic
1294 2096 1422 2128 autem
1444 2091 1575 2130 multis
1589 2101 1629 2130 et

153 2151 305 2200 magnis
333 2151 595 2201 diuturnoque
628 2156 799 2200 tempore
832 2149 1004 2200 praefuit.
1075 2149 1127 2188 Ut
1158 2164 1315 2201 prorsus
1346 2165 1424 2190 non
1456 2153 1629 2193 decuerit

153 2211 483 2250 indiscriminatim
504 2212 552 2249 de
572 2211 647 2249 hoc
669 2210 832 2261 aliisque
858 2210 989 2249 amicis
1010 2213 1125 2250 verba
1143 2213 1284 2260 facere,
1305 2213 1374 2252 sed
1395 2227 1491 2265 opus
1511 2215 1629 2255 fuerit

154 2273 207 2311 ita
233 2273 451 2312 discernere
473 2280 589 2324 atque
614 2272 792 2310 ordinare
819 2272 868 2310 de
887 2273 932 2310 iis
961 2285 1191 2312 sermonem.
1249 2275 1416 2326 Oportet
1436 2283 1564 2314 autem
1590 2285 1628 2315 et

154 2333 366 2372 orationem
387 2334 434 2372 de
455 2334 520 2372 illo
540 2347 618 2371 non
642 2333 763 2371 videri
790 2332 956 2372 alienam
977 2347 999 2372 a
1018 2336 1199 2386 praesenti
1225 2337 1397 2387 negotio,
1418 2351 1543 2388 neque
1564 2352 1626 2377 me

154 2395 348 2433 dicentem
376 2402 485 2432 extra
513 2407 696 2433 causam:
727 2401 766 2433 et
793 2395 960 2446 privatos
990 2396 1147 2447 quidem
1179 2397 1242 2436 ubi
1272 2398 1319 2435 de
1351 2398 1430 2435 suis
1464 2400 1627 2450 quisque

154 2456 274 2508 gestis
293 2456 484 2502 dixerunt,
500 2469 569 2507 par
581 2462 641 2494 est
660 2463 727 2494 aut
745 2456 793 2494 de
809 2464 1000 2508 suggestu
1019 2457 1256 2496 descendere
1272 2465 1339 2496 aut
1354 2459 1472 2497 videri
1486 2460 1629 2499 frustra

155 2528 347 2572 satagere,
369 2533 499 2558 verum
533 2533 599 2558 eos
627 2520 692 2571 qui
720 2520 926 2559 consiliarii
957 2528 995 2559 et
1018 2522 1192 2572 magistri
1222 2535 1307 2559 esse
1334 2528 1521 2572 putantur
1549 2535 1626 2561 non

158 2595 272 2620 secus
301 2595 370 2633 pro
391 2581 641 2620 familiaribus
668 2581 746 2619 suis
767 2595 884 2632 quam
912 2595 980 2632 pro
1011 2596 1051 2620 se
1079 2583 1170 2633 ipsis
1199 2583 1420 2633 apologiam
1441 2583 1628 2624 instruere

156 2657 315 2682 necesse
344 2651 416 2691 est,
442 2644 657 2695 praesertim
680 2643 710 2682 si
730 2645 818 2694 quis
840 2645 888 2682 ob
913 2657 996 2682 earn
1021 2657 1178 2682 causam
1210 2657 1297 2682 reus
1330 2652 1488 2695 agatur;
1520 2648 1626 2697 quod

157 2707 248 2745 mihi
275 2707 424 2745 scilicet
453 2706 607 2746 accidit.
666 2707 795 2757 Atque
816 2706 912 2744 alius
939 2706 1095 2756 quidem
1126 2712 1334 2743 contentus
1355 2714 1459 2744 esset
1483 2707 1626 2755 dicere,

157 2781 308 2818 aequum
324 2781 400 2806 non
424 2781 510 2806 esse
533 2781 573 2806 se
593 2768 741 2806 censeri
762 2766 984 2818 participem
1007 2767 1036 2803 si
1055 2778 1131 2816 qua
1152 2766 1189 2803 in
1211 2780 1249 2804 re
1269 2767 1499 2806 Timotheus
1521 2769 1626 2807 haud

159 2830 260 2868 felici
295 2843 477 2868 successu
505 2843 597 2868 usus
630 2837 761 2872 esset;
795 2841 883 2866 cum
912 2827 1060 2865 scilicet
1085 2840 1133 2864 ne
1160 2827 1349 2865 donorum
1377 2829 1533 2880 quidem
1561 2838 1629 2868 aut

156 2893 348 2930 honorum
380 2899 525 2942 partem
554 2892 634 2943 ipse
667 2890 882 2943 perceperit
911 2889 974 2939 qui
996 2888 1200 2928 Timotheo
1227 2891 1368 2929 decreti
1390 2900 1490 2936 sunt,
1513 2892 1628 2930 immo

157 2966 281 3005 neque
315 2954 362 2991 ab
398 2952 477 2992 ullo
510 2952 660 2991 rhetore
692 2953 740 2990 sit
770 2950 952 2989 laudatus
981 2958 1164 3001 tanquam
1198 2952 1227 2990 si
1260 2951 1359 2991 illius
1387 2953 1626 2992 consiliarius
