1870 3277
484 165 558 202 DE
588 163 883 204 CLEONYMI
915 162 1289 203 HEREDITATE.
1541 165 1618 203 313

140 263 234 314 ipsis
263 265 491 312 confirmare
519 266 727 314 studuisse,
745 267 831 306 haec
856 264 1013 317 inquam
1036 267 1166 304 omnia
1184 280 1272 304 cum
1293 266 1427 305 dicunt
1445 274 1484 305 et
1502 279 1616 318 argu-

143 327 280 365 mentis
306 328 572 378 comprobant,
594 337 634 367 et
660 329 782 367 nihilo
808 335 939 367 tamen
958 327 1081 379 magis
1101 328 1316 366 ostendunt
1337 341 1379 367 se
1400 329 1616 382 Cleonymo

141 388 202 426 vel
231 401 373 439 genere
402 391 620 441 propriores
648 404 765 442 quam
785 404 857 430 nos
876 390 938 430 vel
956 390 1227 429 benevolentia
1246 390 1524 437 familiariores,
1544 405 1615 431 vos

140 457 318 501 reputate
338 450 594 503 Cleonymum
617 454 665 491 ab
685 453 779 504 ipsis
800 452 988 496 accusari,
1006 465 1084 491 non
1106 452 1159 490 rei
1181 452 1404 501 aequitatem
1424 466 1492 492 vos
1518 454 1612 493 edo-

141 512 232 550 ceri.
291 513 344 551 Ut
369 513 401 551 si
431 527 562 552 eorum
588 514 753 556 orationi
777 513 1000 559 crederetis,
1021 526 1099 551 non
1117 512 1173 551 eis
1194 512 1397 563 Cleonymi
1418 513 1613 554 heredita-

139 579 218 611 tem
246 573 416 622 decerni‚
440 576 511 614 sed
542 575 749 627 Cleonymi
774 575 973 613 vesaniam
1003 574 1177 613 damnari
1205 587 1228 612 a
1253 573 1361 612 vobis
1391 582 1611 626 oporteret:

139 648 253 674 secus
281 636 313 674 si
339 643 482 675 nostrae
506 637 670 675 orationi
697 636 813 675 fidem
837 636 1074 688 adjungatis,
1097 636 1272 688 sequitur
1292 635 1462 674 utillum
1482 636 1613 675 existi-

137 698 248 736 metis
274 705 378 737 recte
407 698 645 738 deliberasse
677 712 766 738 curn
800 698 1002 750 antiquare
1033 698 1188 737 tabulas
1218 697 1353 745 voluit,
1383 711 1453 737 nos
1479 705 1612 737 autem

137 773 216 798 non
243 761 520 800 calumniosam
551 774 708 800 causam
734 774 863 812 agere,
884 761 955 799 sed
976 761 1063 812 jure
1085 760 1171 799 haec
1193 761 1296 798 bona
1309 759 1459 812 judicio
1477 774 1613 812 perse-

137 821 215 872 qui.
273 821 335 859 Ad
361 828 576 861 extremum
598 823 863 869 memineritis,
883 835 906 862 ο
927 822 1015 869 viri,
1037 822 1116 860 fieri
1136 834 1214 860 non
1233 834 1351 873 posse
1369 828 1413 860 ut
1431 822 1616 874 suffragia

135 895 205 933 pro
231 883 459 923 adversariis
487 886 629 924 nostris
657 885 804 931 feratis,
827 885 859 923 si
878 884 939 923 vel
967 885 1140 936 ipsorum
1164 884 1328 922 orationi
1351 889 1522 923 mentem
1542 884 1612 923 ad·

135 945 307 985 vertatis.
366 946 495 984 Multo
522 948 623 986 enim
651 947 935 998 iniquissimum
959 953 1075 992 esset,
1096 946 1127 984 si
1152 959 1270 998 quum
1297 945 1505 988 adversarii
1530 958 1609 986 non

136 1004 355 1044 detrectent
378 1007 633 1046 hereditatem
659 1010 858 1048 nobiscum
886 1007 1187 1054 communicare,
1208 1020 1276 1046 vos
1296 1006 1371 1046 illis
1391 1007 1610 1047 universam

137 1067 438 1118 adjudicaretis:
468 1076 508 1109 et
531 1070 669 1109 iisdem
694 1070 808 1122 plura
835 1070 1053 1109 tribueretis
1073 1083 1189 1121 quam
1210 1069 1283 1121 ipsi
1305 1069 1376 1108 sibi
1395 1068 1608 1115 vindicant,

135 1141 206 1166 nos
226 1136 357 1167 autem
376 1143 425 1169 ne
445 1144 491 1170 ea
510 1131 667 1182 quidem
687 1139 797 1183 parte
818 1131 957 1183 dignos
982 1131 1196 1170 censeretis
1216 1143 1333 1182 quam
1354 1129 1456 1170 ultro
1476 1129 1610 1170 adver·

141 1191 229 1229 sarii
247 1193 478 1231 concedunt.

309 1516 407 1565 DE
452 1516 857 1568 MENECLIS
902 1516 1429 1567 HEREDITATE.

805 1651 933 1658 ——

624 1724 1103 1764 ARGUMENTUM.

160 1813 237 1844 Cum
250 1813 406 1844 Menecles
418 1812 512 1843 filium
525 1813 704 1854 adoptasset
712 1813 876 1853 ettriginta
889 1812 973 1843 aunis
987 1811 1176 1852 adaptationi
1186 1810 1422 1851 supervixisset,
1432 1811 1604 1843 hereditate

133 1865 172 1894 ad
189 1866 284 1895 forum
301 1875 318 1894 a
333 1865 480 1895 fratribus
497 1865 608 1902 delata,
625 1864 806 1895 Philonides
819 1864 941 1904 quidam
955 1868 1087 1894 testatus
1104 1868 1150 1893 est
1164 1863 1365 1893 hereditatem
1382 1863 1603 1894 controversiae

132 1928 192 1947 nou
207 1928 275 1947 esse
292 1917 468 1954 obnoxiam,
485 1928 522 1946 eo
540 1917 623 1956 quod
642 1917 805 1947 Menecles
821 1915 915 1946 filiurn
931 1915 1109 1955 reliquerat.
1155 1915 1234 1945 Eum
1253 1914 1322 1945 falsi
1342 1914 1418 1945 dicti
1434 1914 1602 1946 testimonii

131 1968 345 1999 insimularunt
360 1969 481 2004 fratres,
497 1973 527 1998 et
544 1969 693 1998 adversus
711 1979 764 1998 eos
787 1978 842 2007 pro
861 1977 894 1997 se
909 1977 986 2006 puer
1008 1966 1220 1997 defensionem
1242 1966 1387 1997 instituit.
1432 1967 1512 1997 Haec
1529 1976 1602 1998 vero

135 2030 169 2049 ac
182 2031 249 2059 quae
264 2021 302 2049 de
317 2019 481 2059 Cleonymi
493 2019 661 2049 hereditate
678 2019 764 2049 dicta
778 2025 837 2055 est,
847 2018 1002 2048 orationes
1015 2017 1200 2048 adversariae
1215 2022 1285 2048 sunt
1300 2028 1307 2047 ι
1325 2017 1369 2047 ibi
1383 2017 1463 2048 enim
1477 2019 1515 2048 de
1528 2028 1601 2048 con·

133 2071 335 2110 sanguinitate
351 2071 445 2106 dixit,
460 2071 510 2100 hic
525 2081 597 2100 vero
618 2071 657 2100 de
674 2075 866 2100 testamento.
912 2071 1018 2099 Status
1034 2068 1197 2109 antilepsis
1212 2069 1379 2099 secundum
1392 2071 1601 2109 conjecturam

130 2127 196 2152 est:
220 2123 295 2153 dicit
307 2122 385 2153 euim
399 2122 444 2152 illi
456 2123 526 2161 jure
544 2122 664 2152 licitum
681 2133 750 2152 esse
767 2122 916 2161 adoptare
934 2121 995 2151 sibi
1011 2121 1118 2152 filium.
1151 2121 1273 2152 Deinde
1287 2121 1597 2162 conjecturale,quod

133 2184 192 2204 non
207 2184 257 2204 me
272 2173 395 2204 mulieri
411 2183 525 2204 morem
541 2184 651 2213 gerens
667 2173 838 2214 adoptavit.

192 2245 227 2281 1.
256 2244 569 2290 ΑυΤυΜΑΒΑΜ,
591 2242 673 2289 viri,
696 2242 727 2281 si
751 2242 838 2293 quis
859 2254 1013 2294 prorsus
1033 2241 1132 2280 alius
1152 2241 1271 2281 cuivis
1290 2240 1430 2280 fuisset
1449 2241 1604 2294 legibus

135 2305 360 2357 adoptatus,
381 2318 442 2344 me
463 2318 618 2357 quoque
638 2305 868 2357 adoptatum
889 2317 990 2351 esse,
1011 2317 1058 2343 ac
1077 2303 1270 2343 neminem
1293 2303 1502 2356 aliquando
1522 2303 1603 2342 fore

135 2368 202 2420 qui
223 2368 351 2407 dicere
379 2368 554 2415 auderet,
575 2381 636 2406 me
660 2367 881 2406 Meneclem
901 2367 1132 2405 delirantem
1151 2372 1220 2406 aut
1236 2366 1384 2405 mulieri
1403 2372 1603 2417 parentem

135 2430 368 2483 adoptasse:
401 2431 586 2482 quoniam
602 2443 692 2468 vero
710 2436 869 2482 patruus
882 2429 1046 2468 sinistris
1066 2442 1163 2467 usus
1185 2428 1370 2474 consiliis,
1387 2428 1442 2466 uti
1458 2427 1600 2473 sentio,

132 2493 290 2531 fratrem
323 2505 451 2539 suum,
472 2493 539 2544 qui
573 2492 654 2530 fato
682 2491 840 2531 functus
869 2498 942 2538 est,
963 2490 1187 2530 omnimodo
1213 2496 1376 2528 conatur
1402 2488 1602 2540 improlem

133 2554 274 2601 facere,
289 2555 502 2594 reverentia
516 2561 596 2592 tum
612 2553 772 2592 deorum
783 2553 994 2605 patriorum
1006 2559 1086 2591 tum
1100 2558 1270 2591 vestrum
1284 2551 1454 2589 omnium
1468 2558 1600 2597 exuta,

135 2617 347 2656 necessitas
369 2617 460 2655 mihi
480 2617 639 2655 obvenit
663 2630 807 2668 magna
825 2623 1054 2668 patremque
1076 2614 1143 2667 qui
1164 2627 1225 2652 me
1246 2613 1447 2664 adoptavit
1467 2620 1504 2652 et
1521 2626 1602 2653 me-

137 2686 217 2717 met
246 2679 372 2730 ipsum
391 2679 627 2718 vindicandi.
684 2679 767 2718 Vos
786 2678 902 2731 igitur
932 2690 1070 2716 moneo
1097 2676 1285 2728 principio
1310 2675 1601 2727 adoptationem

135 2741 207 2780 rite
227 2748 342 2792 atque
361 2742 573 2781 seeundum
603 2742 711 2793 leges
738 2742 880 2781 factam
902 2753 1001 2787 esse,
1020 2752 1093 2778 nec
1115 2738 1305 2778 Meneclis
1332 2738 1600 2785 hereditatem,

136 2816 225 2843 cum
238 2816 312 2854 ego
326 2803 425 2842 filius
438 2808 521 2853 eJus
540 2804 625 2851 sim,
646 2804 918 2843 controversiae
939 2802 1148 2842 obnoxiam
1167 2814 1266 2848 esse,
1280 2807 1496 2852 testemque
1514 2814 1601 2840 vere

135 2871 388 2917 protestatum
404 2878 503 2903 esse.
560 2866 619 2905 Ita
633 2879 700 2905 vos
715 2878 850 2905 omnes
867 2866 1119 2915 obtestorque
1130 2870 1170 2902 et
1183 2862 1374 2916 supplico,
1386 2863 1599 2902 orationem

137 2940 260 2966 meam
281 2926 448 2977 benigne
470 2927 696 2966 admittatis.

842 2990 864 3023 2
888 3001 904 3025 s
