1870 3277
246 171 322 206 496
846 168 1085 206 HERODIS

240 271 347 308 vobis
368 271 564 308 confidunt
586 284 690 320 spem
724 272 851 321 cupiat
870 271 985 308 eludi.
1045 270 1188 308 Eadem
1210 271 1324 320 igitur
1349 283 1466 322 opera
1492 285 1531 309 se
1552 278 1592 309 et
1616 285 1685 309 nos

241 332 432 370 existimat
462 340 501 369 et
531 345 597 369 eos
624 345 784 382 quorum
814 345 878 382 per
905 345 975 370 nos
1005 332 1160 382 imperio
1189 332 1398 383 privabitur
1422 333 1684 371 subacturum.

242 396 368 445 Atque
388 395 471 432 haee
490 396 649 446 primum
671 396 778 433 nobis
797 399 1016 443 conjectura
1036 395 1175 433 licebat
1193 395 1358 446 assequi,
1378 409 1480 433 nunc
1500 403 1624 434 autern
1645 410 1683 435 re

242 456 366 493 doctis
386 456 540 494 firmiter
561 469 809 506 cognoscere.
868 457 955 499 Qua
974 457 1071 493 enim
1095 468 1134 494 re
1153 457 1394 506 potissimum
1415 463 1453 494 et
1473 457 1560 494 urbs
1580 457 1684 508 capi-

241 526 314 561 tur,
336 525 375 554 et
393 517 510 567 regio,
527 517 607 554 haec
627 530 710 554 eum
732 530 805 554 non
828 508 951 562 latuit,
967 529 1052 554 cum
1075 516 1302 554 seditionem
1321 524 1490 554 nostram
1511 517 1684 555 animad-

241 584 419 621 verteret;
464 592 586 628 neque
620 591 706 615 cum
739 579 869 628 paucis
907 577 976 615 hos
1012 590 1144 616 omnes
1180 578 1338 628 aggredi
1373 584 1577 616 cunctatus
1611 585 1683 616 est.

241 640 434 689 Siquidem
460 647 571 677 norat
601 652 654 683 se,
681 639 712 675 si
738 639 919 688 plurimos
946 639 1232 689 aggrederetur,
1260 639 1351 676 nihil
1380 639 1483 690 quod
1511 639 1686 678 studeret

238 700 462 738 effecturum
485 724 534 728 —
553 699 867 750 quandoquidem
898 699 1098 738 debellatis
1133 700 1400 738 infirmioribus
1435 700 1601 750 potiores
1635 699 1684 738 ad

242 762 491 798 resistendum
519 762 724 798 instructos
751 772 827 797 non
854 767 956 798 esset
981 761 1282 805 subacturus—‚
1311 761 1368 798 sin
1391 760 1571 811 plurimos
1596 773 1683 798 cum

239 823 369 874 paucis
390 831 587 867 everteret,
607 822 774 859 omnium
797 822 907 858 facile
927 822 1149 871 potiturum.
1194 822 1320 871 Atque
1338 821 1392 859 ita
1410 821 1557 859 videtur
1576 821 1683 858 illum

241 891 281 921 ut
302 884 486 921 seditione
514 883 692 920 laboretis
721 889 865 932 optare.
923 881 1038 924 Quod
1067 881 1098 918 si
1126 888 1185 918 est
1212 881 1265 918 illi
1290 882 1548 927 commodum,
1569 894 1683 931 quam

238 945 288 982 sit
307 945 413 981 vobis
433 944 506 980 hoc
533 943 632 979 illius
660 941 904 979 commodum
933 941 1103 986 noxium,
1131 953 1218 977 cum
1242 940 1317 978 alio
1343 941 1509 979 maximo
1535 941 1574 978 id
1593 954 1684 979 con-

238 1005 440 1043 tendentes
462 1004 598 1041 videte.
658 1003 756 1040 Nam
786 1015 873 1040 cum
905 1009 981 1040 tam
1011 1015 1097 1040 esse
1124 1002 1331 1040 maximum
1361 1002 1504 1039 malum
1526 1002 1684 1049 bellum,

237 1080 352 1118 quam
375 1073 431 1104 est
450 1065 657 1103 maximum
681 1065 822 1101 bonurn
842 1076 929 1114 pax,
949 1063 1148 1106 credatur3
1179 1062 1315 1102 eodem
1336 1069 1463 1100 tamen
1483 1062 1685 1100 intervallo

237 1129 379 1167 bellum
401 1127 552 1172 seditio,
574 1139 650 1176 quo
668 1138 801 1176 pacem
820 1124 929 1171 illud,
947 1131 1112 1175 superat.
1163 1124 1215 1161 Ut
1231 1124 1330 1161 enim
1349 1124 1387 1160 in
1406 1130 1565 1161 externo
1578 1123 1683 1161 bello

236 1191 396 1242 patriam
422 1188 625 1233 servando,
653 1187 709 1224 sic
736 1187 771 1223 in
799 1186 897 1224 civili
919 1186 1176 1237 nosmetipsos
1199 1185 1396 1236 perdendo
1417 1185 1612 1232 morimur,
1631 1185 1685 1223 ita

237 1258 281 1289 ut
301 1264 347 1288 ne
368 1250 570 1288 homicidae
589 1249 743 1300 quidem
769 1247 923 1285 laudem
952 1254 1154 1285 mereatur.
1214 1247 1313 1284 Cum
1342 1247 1425 1284 aliis
1453 1259 1564 1297 porro
1587 1260 1685 1297 prae-

237 1314 374 1352 liantes
395 1325 462 1363 pro
481 1311 614 1349 amicis
635 1310 776 1349 bellum
806 1310 992 1360 gerimus;
1023 1317 1062 1347 et
1085 1322 1171 1346 cum
1200 1306 1332 1347 alienis
1355 1308 1516 1346 devictis
1544 1308 1685 1346 amicos

236 1386 501 1425 comparemus
525 1372 632 1416 alios,
661 1371 798 1408 nostris
819 1383 907 1408 vero
928 1371 1132 1422 superatis,
1160 1371 1274 1408 etiam
1295 1371 1440 1421 priores
1460 1369 1682 1407 amittimus.

238 1438 325 1475 Jam
354 1436 519 1486 regionis
549 1434 710 1471 vastatio
741 1440 853 1483 atque
882 1446 998 1483 opum
1031 1433 1221 1484 pernicies
1253 1439 1292 1470 et
1318 1433 1481 1470 inimicis
1510 1433 1686 1483 voluptas

234 1498 439 1547 amicisque
461 1495 659 1533 calamitas
680 1500 824 1543 quanta
842 1493 931 1530 hinc
950 1501 1147 1543 sequatur,
1166 1494 1297 1544 paucis
1317 1492 1538 1544 singulatim
1559 1494 1683 1544 expli-

233 1559 311 1597 cari
330 1571 407 1597 non
427 1563 567 1608 potest.
605 1555 742 1604 Neque
762 1554 872 1591 facile
892 1562 951 1591 est
970 1555 1028 1592 his
1050 1554 1173 1598 malis,
1188 1562 1391 1605 postquam
1412 1554 1529 1591 semel
1548 1561 1683 1592 exorta

235 1627 338 1665 sunt,
365 1617 535 1656 liberari:
571 1617 633 1653 vix
661 1616 762 1653 enim
793 1616 1079 1653 conciliatorem
1108 1615 1291 1653 invenias.
1350 1615 1449 1653 Nam
1477 1615 1543 1665 qui
1568 1628 1683 1667 prope

233 1682 409 1719 habitant
429 1679 637 1716 vicinorum
657 1677 884 1715 seditionem
906 1689 980 1714 non
999 1676 1161 1714 moleste
1180 1676 1320 1722 ferunt,
1341 1676 1619 1723 imbecilliores,
1634 1690 1682 1715 ne

233 1748 403 1795 pareant,
425 1753 549 1791 pares,
572 1746 614 1776 ut
632 1739 799 1789 potiores
818 1738 925 1781 fiant,
945 1737 1175 1788 superiores,
1195 1744 1237 1774 ut
1258 1738 1443 1787 imperent
1460 1736 1628 1775 facilius.

289 1807 326 1842 3.
358 1804 488 1852 Atque
518 1801 652 1837 horum
682 1813 758 1837 non
779 1799 890 1836 video
915 1811 984 1836 cur
1010 1798 1125 1849 longe
1149 1799 1356 1849 petendum
1385 1798 1434 1836 sit
1451 1799 1683 1849 exemplum,

231 1879 320 1904 cum
341 1864 412 1915 ipsi
442 1863 525 1900 aliis
554 1861 732 1911 exemplo
760 1860 893 1897 simus.
950 1859 1104 1897 Etenim
1133 1872 1220 1896 cum
1247 1860 1443 1910 regionem
1470 1859 1680 1897 habeamus

234 1929 330 1965 inter
349 1926 511 1963 Graecos
533 1923 732 1961 maximam
751 1929 789 1958 et
809 1922 937 1959 omnia
956 1928 1037 1959 tum
1065 1920 1200 1958 incolis
1219 1928 1299 1958 tum
1321 1921 1479 1959 advenis
1499 1921 1680 1972 suppedi-

232 1999 312 2028 tare
340 1986 643 2038 praepollentem,
678 1996 873 2034 nunquam
903 1983 947 2020 iis
973 1983 1038 2033 qui
1068 1996 1089 2020 a
1117 1982 1229 2019 nobis
1259 1982 1499 2019 deducantur
1526 1982 1679 2020 ditiores

231 2052 422 2089 videmur:
453 2047 637 2098 siquidem
660 2046 712 2083 illi
741 2046 809 2083 sibi
832 2045 934 2095 quod
962 2044 1115 2082 accedit
1140 2051 1343 2094 reponunt,
1368 2057 1441 2081 nos
1469 2045 1507 2081 in
1533 2044 1677 2082 alienos

232 2112 469 2154 insumimus,
500 2122 543 2146 ac
573 2116 652 2146 turn
677 2107 832 2158 publica
850 2106 1046 2144 reddimus
1065 2106 1215 2156 privata
1232 2112 1313 2142 tum
1340 2105 1489 2155 privata
1515 2105 1680 2155 publica.

231 2174 327 2216 Quis
347 2184 435 2209 vero
455 2184 528 2208 non
550 2170 746 2220 indignum
766 2169 885 2206 ducat
903 2181 968 2206 eos
990 2167 1039 2205 ali
1058 2167 1226 2218 publice,
1247 2166 1312 2216 qui
1333 2167 1464 2203 urbem
1483 2165 1677 2217 publicam

232 2249 309 2273 non
340 2231 506 2271 faciant?
549 2231 724 2280 Cumque
759 2230 952 2280 regionem
983 2229 1195 2266 habeamus
1229 2228 1278 2265 ad
1310 2228 1404 2266 alios
1434 2227 1678 2279 repellendos

231 2295 484 2347 aptissimam,
508 2299 546 2330 et
573 2291 698 2330 socios
725 2297 841 2341 atque
866 2303 986 2341 equos
1010 2303 1060 2327 ex
1086 2303 1126 2327 se
1155 2288 1403 2340 praebentem,
1430 2303 1508 2328 non
1528 2296 1679 2327 tantum
1724 2339 1727 2343 ἢ

230 2358 386 2409 injurios
406 2368 482 2391 non
508 2365 760 2398 removemus,
782 2365 911 2389 verum
939 2352 1135 2402 adjutores
1163 2351 1337 2389 mercede
1362 2351 1614 2389 conducimus
1641 2359 1679 2389 et

232 2419 403 2469 hospites
433 2416 616 2457 vitamus;
659 2420 774 2464 atque
810 2413 876 2457 ita,
904 2420 986 2449 tum
1015 2412 1180 2463 regionis
1208 2413 1465 2450 contemnitur
1492 2413 1676 2464 potentia,

233 2488 312 2518 tum
333 2477 405 2529 ipsi
426 2476 652 2514 deridemur.
696 2475 843 2512 Horum
866 2480 996 2511 autem
1016 2474 1185 2511 omnium
1207 2481 1322 2524 atque
1342 2474 1502 2512 aliorum
1523 2475 1676 2525 insuper

233 2540 419 2578 malorum
440 2542 635 2574 auctorem
657 2548 786 2574 coram
804 2534 966 2579 vidistis,
985 2547 1071 2571 cum
1096 2534 1171 2572 tale
1195 2534 1253 2572 sui
1283 2535 1479 2586 specimen
1499 2535 1676 2573 omnibus

235 2602 382 2645 ederet,
402 2598 516 2649 quale
535 2610 647 2635 nemo
665 2596 908 2647 quantumvis
928 2595 1048 2633 durus
1077 2603 1115 2632 et
1137 2596 1365 2633 inhumanus
1385 2596 1532 2646 absque
1554 2595 1676 2648 lacry-

236 2664 306 2700 mis
326 2667 458 2712 posset
476 2671 679 2710 exponere.
723 2658 838 2702 Quod
857 2657 956 2695 enim
973 2656 1021 2694 de
1039 2656 1272 2707 gravissimis
1293 2657 1402 2694 malis
1418 2656 1563 2694 defuit?
1588 2657 1676 2695 Non

233 2731 275 2763 et
294 2722 401 2775 pueri
425 2728 466 2759 et
492 2720 667 2758 mulieres
692 2726 731 2758 et
755 2732 864 2757 senes
890 2725 1080 2770 parentes,
1105 2718 1158 2755 illi
1177 2725 1317 2769 patres,
1348 2718 1432 2755 aliae
1452 2718 1567 2765 viros,
1592 2719 1675 2757 aliae

234 2787 388 2829 liberos,
407 2783 466 2821 vel
485 2782 523 2820 in
545 2782 622 2820 suis
643 2781 817 2819 manibus
838 2780 898 2817 vel
918 2781 1015 2818 inter
1033 2780 1162 2818 hostes
1183 2780 1277 2817 mori
1296 2779 1497 2818 viderunt?
1538 2780 1676 2819 Nonne

236 2844 489 2896 conspexistis
510 2844 648 2881 aedium
667 2843 936 2881 subversiones
956 2848 1069 2893 atque
1095 2853 1209 2893 opum
1238 2841 1370 2892 rapta?
1406 2848 1457 2888 et,
1475 2841 1578 2892 quod
1597 2849 1677 2880 erat

235 2909 405 2948 omniurn
424 2905 700 2957 gravissimum,
727 2918 773 2942 eo
795 2917 898 2955 saepe
919 2904 983 2956 qui
1006 2916 1197 2942 sacrorum
1216 2904 1425 2942 eorundem
1443 2910 1560 2954 atque
1577 2903 1676 2954 ejus-
