<?xml version="1.0" encoding="UTF-8"?>
<!DOCTYPE html PUBLIC "-//W3C//DTD XHTML 1.0 Transitional//EN"
    "http://www.w3.org/TR/xhtml1/DTD/xhtml1-transitional.dtd">
<html xmlns="http://www.w3.org/1999/xhtml" xml:lang="en" lang="en">
 <head>
  <title>
</title>
<meta http-equiv="Content-Type" content="text/html;charset=utf-8" />
  <meta name='ocr-system' content='tesseract 3.04.00' />
  <meta name='ocr-capabilities' content='ocr_page ocr_carea ocr_par ocr_line ocrx_word'/>
</head>
<body>
  <div class='ocr_page' id='page_1' title='image "./oratoresatticie14dobs_0093.png"; bbox 0 0 1870 3277; ppageno 0'>
   <div class='ocr_carea' id='block_1_1' title="bbox 661 185 1579 223">
    <p class='ocr_par' dir='ltr' id='par_1_1' title="bbox 661 185 1579 223">
     <span class='ocr_line' id='line_1_1' title="bbox 661 185 1579 223; baseline 0.001 -1"><span class='ocrx_word' id='word_1_1' title='bbox 661 185 1045 223; x_wconf 75' lang='lat' dir='ltr'>ARCHIDAMUS.</span> <span class='ocrx_word' id='word_1_2' title='bbox 1535 188 1579 223; x_wconf 66' lang='lat' dir='ltr'>si</span> 
     </span>
    </p>
   </div>
   <div class='ocr_carea' id='block_1_2' title="bbox 105 279 1589 2925">
    <p class='ocr_par' dir='ltr' id='par_1_2' title="bbox 109 279 1586 892">
     <span class='ocr_line' id='line_1_2' title="bbox 119 279 1582 338; baseline 0.005 -17"><span class='ocrx_word' id='word_1_3' title='bbox 119 284 229 322; x_wconf 84' lang='lat' dir='ltr'>nobis</span> <span class='ocrx_word' id='word_1_4' title='bbox 250 285 419 324; x_wconf 84' lang='lat' dir='ltr'>referant</span> <span class='ocrx_word' id='word_1_5' title='bbox 438 286 537 323; x_wconf 89' lang='lat' dir='ltr'>bene</span> <span class='ocrx_word' id='word_1_6' title='bbox 553 285 600 324; x_wconf 90' lang='lat' dir='ltr'>de</span> <span class='ocrx_word' id='word_1_7' title='bbox 619 298 659 323; x_wconf 86' lang='lat' dir='ltr'>se</span> <span class='ocrx_word' id='word_1_8' title='bbox 676 286 834 331; x_wconf 77' lang='lat' dir='ltr'>meritis,</span> <span class='ocrx_word' id='word_1_9' title='bbox 853 286 915 324; x_wconf 86' lang='lat' dir='ltr'>alii</span> <span class='ocrx_word' id='word_1_10' title='bbox 935 299 1002 338; x_wconf 88' lang='lat' dir='ltr'>spe</span> <span class='ocrx_word' id='word_1_11' title='bbox 1019 285 1111 324; x_wconf 88' lang='lat' dir='ltr'>utile</span> <span class='ocrx_word' id='word_1_12' title='bbox 1129 286 1200 323; x_wconf 91' lang='lat' dir='ltr'>sibi</span> <span class='ocrx_word' id='word_1_13' title='bbox 1218 279 1386 324; x_wconf 63' lang='lat' dir='ltr'>futu‘rum</span> <span class='ocrx_word' id='word_1_14' title='bbox 1406 288 1436 325; x_wconf 88' lang='lat' dir='ltr'>si</span> <span class='ocrx_word' id='word_1_15' title='bbox 1453 299 1529 337; x_wconf 79' lang='lat' dir='ltr'>q&#39;ua</span> <span class='ocrx_word' id='word_1_16' title='bbox 1545 290 1582 328; x_wconf 90' lang='lat' dir='ltr'>in</span> 
     </span>
     <span class='ocr_line' id='line_1_3' title="bbox 117 347 1584 398; baseline 0.004 -14"><span class='ocrx_word' id='word_1_17' title='bbox 117 358 188 384; x_wconf 92' lang='lat' dir='ltr'>nos</span> <span class='ocrx_word' id='word_1_18' title='bbox 208 347 395 385; x_wconf 87' lang='lat' dir='ltr'>beneficia</span> <span class='ocrx_word' id='word_1_19' title='bbox 412 347 641 386; x_wconf 81' lang='lat' dir='ltr'>collocarint</span> <span class='ocrx_word' id='word_1_20' title='bbox 654 369 720 394; x_wconf 89' lang='lat'>—‚</span> <span class='ocrx_word' id='word_1_21' title='bbox 741 348 894 386; x_wconf 82' lang='lat' dir='ltr'>caeteris</span> <span class='ocrx_word' id='word_1_22' title='bbox 916 355 1042 386; x_wconf 89' lang='lat' dir='ltr'>autem</span> <span class='ocrx_word' id='word_1_23' title='bbox 1062 347 1127 398; x_wconf 87' lang='lat' dir='ltr'>qui</span> <span class='ocrx_word' id='word_1_24' title='bbox 1146 360 1319 398; x_wconf 81' lang='lat' dir='ltr'>pugnare</span> <span class='ocrx_word' id='word_1_25' title='bbox 1339 355 1378 386; x_wconf 88' lang='lat' dir='ltr'>et</span> <span class='ocrx_word' id='word_1_26' title='bbox 1398 350 1527 389; x_wconf 86' lang='lat' dir='ltr'>volent</span> <span class='ocrx_word' id='word_1_27' title='bbox 1545 360 1584 391; x_wconf 87' lang='lat' dir='ltr'>et</span> 
     </span>
     <span class='ocr_line' id='line_1_4' title="bbox 117 409 1582 462; baseline 0.005 -17"><span class='ocrx_word' id='word_1_28' title='bbox 117 415 301 458; x_wconf 82' lang='lat' dir='ltr'>poterunt</span> <span class='ocrx_word' id='word_1_29' title='bbox 318 409 534 448; x_wconf 86' lang='lat' dir='ltr'>deserenda</span> <span class='ocrx_word' id='word_1_30' title='bbox 553 410 623 448; x_wconf 88' lang='lat' dir='ltr'>erit</span> <span class='ocrx_word' id='word_1_31' title='bbox 644 416 684 448; x_wconf 87' lang='lat' dir='ltr'>et</span> <span class='ocrx_word' id='word_1_32' title='bbox 703 411 793 448; x_wconf 91' lang='lat' dir='ltr'>urbs</span> <span class='ocrx_word' id='word_1_33' title='bbox 812 416 851 448; x_wconf 89' lang='lat' dir='ltr'>et</span> <span class='ocrx_word' id='word_1_34' title='bbox 869 411 954 448; x_wconf 88' lang='lat' dir='ltr'>aliae</span> <span class='ocrx_word' id='word_1_35' title='bbox 975 410 1259 462; x_wconf 89' lang='lat' dir='ltr'>possessiones,</span> <span class='ocrx_word' id='word_1_36' title='bbox 1277 411 1321 448; x_wconf 90' lang='lat' dir='ltr'>iis</span> <span class='ocrx_word' id='word_1_37' title='bbox 1342 418 1490 451; x_wconf 88' lang='lat' dir='ltr'>tantum</span> <span class='ocrx_word' id='word_1_38' title='bbox 1517 429 1582 453; x_wconf 87' lang='lat' dir='ltr'>ex-</span> 
     </span>
     <span class='ocr_line' id='line_1_5' title="bbox 115 470 1583 523; baseline 0.006 -17"><span class='ocrx_word' id='word_1_39' title='bbox 115 470 235 520; x_wconf 89' lang='lat' dir='ltr'>ceptis</span> <span class='ocrx_word' id='word_1_40' title='bbox 254 483 341 521; x_wconf 84' lang='lat' dir='ltr'>quae</span> <span class='ocrx_word' id='word_1_41' title='bbox 363 471 434 522; x_wconf 90' lang='lat' dir='ltr'>ipsi</span> <span class='ocrx_word' id='word_1_42' title='bbox 461 471 664 510; x_wconf 91' lang='lat' dir='ltr'>nobiscum</span> <span class='ocrx_word' id='word_1_43' title='bbox 692 472 842 509; x_wconf 85' lang='lat' dir='ltr'>auferre</span> <span class='ocrx_word' id='word_1_44' title='bbox 873 473 1108 523; x_wconf 82' lang='lat' dir='ltr'>poterimus3</span> <span class='ocrx_word' id='word_1_45' title='bbox 1140 472 1412 523; x_wconf 88' lang='lat' dir='ltr'>occupandum</span> <span class='ocrx_word' id='word_1_46' title='bbox 1442 476 1583 515; x_wconf 88' lang='lat' dir='ltr'>deinde</span> 
     </span>
     <span class='ocr_line' id='line_1_6' title="bbox 113 531 1582 585; baseline 0.005 -18"><span class='ocrx_word' id='word_1_47' title='bbox 113 531 317 570; x_wconf 89' lang='lat' dir='ltr'>castellum</span> <span class='ocrx_word' id='word_1_48' title='bbox 351 533 506 583; x_wconf 82' lang='lat' dir='ltr'>aliquod</span> <span class='ocrx_word' id='word_1_49' title='bbox 536 546 650 583; x_wconf 88' lang='lat' dir='ltr'>quam</span> <span class='ocrx_word' id='word_1_50' title='bbox 680 533 937 571; x_wconf 84' lang='lat' dir='ltr'>firmissimum</span> <span class='ocrx_word' id='word_1_51' title='bbox 962 534 1032 571; x_wconf 89' lang='lat' dir='ltr'>erit</span> <span class='ocrx_word' id='word_1_52' title='bbox 1057 540 1097 571; x_wconf 88' lang='lat' dir='ltr'>et</span> <span class='ocrx_word' id='word_1_53' title='bbox 1125 533 1174 572; x_wconf 89' lang='lat' dir='ltr'>ad</span> <span class='ocrx_word' id='word_1_54' title='bbox 1203 534 1411 585; x_wconf 84' lang='lat' dir='ltr'>gerendum</span> <span class='ocrx_word' id='word_1_55' title='bbox 1438 537 1582 576; x_wconf 90' lang='lat' dir='ltr'>bellum</span> 
     </span>
     <span class='ocr_line' id='line_1_7' title="bbox 114 592 1582 646; baseline 0.003 -16"><span class='ocrx_word' id='word_1_56' title='bbox 114 592 280 632; x_wconf 82' lang='lat' dir='ltr'>maxime</span> <span class='ocrx_word' id='word_1_57' title='bbox 299 601 572 646; x_wconf 89' lang='lat' dir='ltr'>opportunum,</span> <span class='ocrx_word' id='word_1_58' title='bbox 592 600 636 632; x_wconf 90' lang='lat' dir='ltr'>ut</span> <span class='ocrx_word' id='word_1_59' title='bbox 655 601 756 632; x_wconf 88' lang='lat' dir='ltr'>terra</span> <span class='ocrx_word' id='word_1_60' title='bbox 777 594 951 645; x_wconf 89' lang='lat' dir='ltr'>marique</span> <span class='ocrx_word' id='word_1_61' title='bbox 970 595 1100 632; x_wconf 89' lang='lat' dir='ltr'>hostes</span> <span class='ocrx_word' id='word_1_62' title='bbox 1128 595 1338 645; x_wconf 80' lang='lat' dir='ltr'>spoliemus</span> <span class='ocrx_word' id='word_1_63' title='bbox 1362 603 1401 634; x_wconf 87' lang='lat' dir='ltr'>et</span> <span class='ocrx_word' id='word_1_64' title='bbox 1426 597 1582 636; x_wconf 86' lang='lat' dir='ltr'>infeste-</span> 
     </span>
     <span class='ocr_line' id='line_1_8' title="bbox 114 655 1584 707; baseline 0.005 -17"><span class='ocrx_word' id='word_1_65' title='bbox 114 665 200 691; x_wconf 89' lang='lat' dir='ltr'>mus</span> <span class='ocrx_word' id='word_1_66' title='bbox 220 656 403 707; x_wconf 79' lang='lat' dir='ltr'>tantisper</span> <span class='ocrx_word' id='word_1_67' title='bbox 423 656 513 693; x_wconf 91' lang='lat' dir='ltr'>dum</span> <span class='ocrx_word' id='word_1_68' title='bbox 531 669 597 694; x_wconf 89' lang='lat' dir='ltr'>eos</span> <span class='ocrx_word' id='word_1_69' title='bbox 618 655 803 707; x_wconf 86' lang='lat' dir='ltr'>poeniteat</span> <span class='ocrx_word' id='word_1_70' title='bbox 818 663 952 694; x_wconf 86' lang='lat' dir='ltr'>nostra</span> <span class='ocrx_word' id='word_1_71' title='bbox 968 656 1038 694; x_wconf 90' lang='lat' dir='ltr'>sibi</span> <span class='ocrx_word' id='word_1_72' title='bbox 1054 656 1298 694; x_wconf 81' lang='lat' dir='ltr'><strong>vendicasse.</strong></span> <span class='ocrx_word' id='word_1_73' title='bbox 1353 658 1451 699; x_wconf 79' lang='lat' dir='ltr'>Quae</span> <span class='ocrx_word' id='word_1_74' title='bbox 1469 659 1500 696; x_wconf 92' lang='lat' dir='ltr'>si</span> <span class='ocrx_word' id='word_1_75' title='bbox 1516 661 1584 697; x_wconf 85' lang='lat' dir='ltr'>ab-</span> 
     </span>
     <span class='ocr_line' id='line_1_9' title="bbox 109 715 1584 773; baseline 0.005 -20"><span class='ocrx_word' id='word_1_76' title='bbox 109 715 218 764; x_wconf 87' lang='lat' dir='ltr'>jecta</span> <span class='ocrx_word' id='word_1_77' title='bbox 243 718 347 755; x_wconf 90' lang='lat' dir='ltr'>omni</span> <span class='ocrx_word' id='word_1_78' title='bbox 375 718 621 757; x_wconf 78' lang='lat' dir='ltr'>cunctatione</span> <span class='ocrx_word' id='word_1_79' title='bbox 649 718 732 756; x_wconf 89' lang='lat' dir='ltr'>ausi</span> <span class='ocrx_word' id='word_1_80' title='bbox 757 718 958 764; x_wconf 85' lang='lat' dir='ltr'>fuerimus,</span> <span class='ocrx_word' id='word_1_81' title='bbox 977 731 1043 756; x_wconf 89' lang='lat' dir='ltr'>eos</span> <span class='ocrx_word' id='word_1_82' title='bbox 1068 719 1133 769; x_wconf 92' lang='lat' dir='ltr'>qui</span> <span class='ocrx_word' id='word_1_83' title='bbox 1154 731 1257 756; x_wconf 90' lang='lat' dir='ltr'>nunc</span> <span class='ocrx_word' id='word_1_84' title='bbox 1278 720 1444 770; x_wconf 83' lang='lat' dir='ltr'>superbe</span> <span class='ocrx_word' id='word_1_85' title='bbox 1465 721 1584 773; x_wconf 88' lang='lat' dir='ltr'>impe—</span> 
     </span>
     <span class='ocr_line' id='line_1_10' title="bbox 114 777 1586 832; baseline 0.005 -18"><span class='ocrx_word' id='word_1_86' title='bbox 114 784 201 814; x_wconf 87' lang='lat' dir='ltr'>rant</span> <span class='ocrx_word' id='word_1_87' title='bbox 229 777 328 816; x_wconf 89' lang='lat' dir='ltr'>ultro</span> <span class='ocrx_word' id='word_1_88' title='bbox 354 779 465 816; x_wconf 91' lang='lat' dir='ltr'>nobis</span> <span class='ocrx_word' id='word_1_89' title='bbox 491 779 751 830; x_wconf 77' lang='lat' dir='ltr'>supplicantes</span> <span class='ocrx_word' id='word_1_90' title='bbox 772 779 950 817; x_wconf 90' lang='lat' dir='ltr'>videbitis</span> <span class='ocrx_word' id='word_1_91' title='bbox 977 787 1019 817; x_wconf 89' lang='lat' dir='ltr'>ut</span> <span class='ocrx_word' id='word_1_92' title='bbox 1045 779 1269 818; x_wconf 80' lang='lat' dir='ltr'>Messenam</span> <span class='ocrx_word' id='word_1_93' title='bbox 1296 781 1524 832; x_wconf 83' lang='lat' dir='ltr'>recipiamus</span> <span class='ocrx_word' id='word_1_94' title='bbox 1547 791 1586 822; x_wconf 88' lang='lat' dir='ltr'>et</span> 
     </span>
     <span class='ocr_line' id='line_1_11' title="bbox 113 839 754 892; baseline 0.002 -15"><span class='ocrx_word' id='word_1_95' title='bbox 113 839 220 889; x_wconf 83' lang='lat' dir='ltr'>pacis</span> <span class='ocrx_word' id='word_1_96' title='bbox 240 840 482 879; x_wconf 88' lang='lat' dir='ltr'>conditiones</span> <span class='ocrx_word' id='word_1_97' title='bbox 504 841 754 892; x_wconf 78' lang='lat' dir='ltr'>accipiamus.</span> 
     </span>
    </p>

    <p class='ocr_par' dir='ltr' id='par_1_3' title="bbox 105 901 1589 2481">
     <span class='ocr_line' id='line_1_12' title="bbox 171 901 1586 953; baseline 0.003 -14"><span class='ocrx_word' id='word_1_98' title='bbox 171 902 235 939; x_wconf 77' lang='lat'>32.</span> <span class='ocrx_word' id='word_1_99' title='bbox 267 901 364 945; x_wconf 81' lang='lat' dir='ltr'>Quae</span> <span class='ocrx_word' id='word_1_100' title='bbox 384 902 484 940; x_wconf 89' lang='lat' dir='ltr'>enim</span> <span class='ocrx_word' id='word_1_101' title='bbox 507 901 769 953; x_wconf 87' lang='lat' dir='ltr'>Peloponnesi</span> <span class='ocrx_word' id='word_1_102' title='bbox 793 901 928 940; x_wconf 90' lang='lat' dir='ltr'>civitas</span> <span class='ocrx_word' id='word_1_103' title='bbox 954 902 1031 939; x_wconf 88' lang='lat' dir='ltr'>tale</span> <span class='ocrx_word' id='word_1_104' title='bbox 1059 901 1266 940; x_wconf 81' lang='lat' dir='ltr'>sustinebit</span> <span class='ocrx_word' id='word_1_105' title='bbox 1292 902 1452 949; x_wconf 90' lang='lat' dir='ltr'>bellum,</span> <span class='ocrx_word' id='word_1_106' title='bbox 1470 904 1586 953; x_wconf 90' lang='lat' dir='ltr'>quale</span> 
     </span>
     <span class='ocr_line' id='line_1_13' title="bbox 113 962 1585 1008; baseline 0.003 -8"><span class='ocrx_word' id='word_1_107' title='bbox 113 962 146 1000; x_wconf 90' lang='lat' dir='ltr'>si</span> <span class='ocrx_word' id='word_1_108' title='bbox 165 976 234 1001; x_wconf 92' lang='lat' dir='ltr'>vos</span> <span class='ocrx_word' id='word_1_109' title='bbox 252 964 448 1002; x_wconf 90' lang='lat' dir='ltr'>volueritis</span> <span class='ocrx_word' id='word_1_110' title='bbox 468 965 639 1002; x_wconf 88' lang='lat' dir='ltr'>futurum</span> <span class='ocrx_word' id='word_1_111' title='bbox 660 977 741 1002; x_wconf 88' lang='lat' dir='ltr'>esse</span> <span class='ocrx_word' id='word_1_112' title='bbox 763 970 1068 1002; x_wconf 86' lang='lat' dir='ltr'>consentaneum</span> <span class='ocrx_word' id='word_1_113' title='bbox 1089 963 1176 1002; x_wconf 80' lang='lat' dir='ltr'>est?</span> <span class='ocrx_word' id='word_1_114' title='bbox 1233 963 1310 1008; x_wconf 81' lang='lat' dir='ltr'>Qui</span> <span class='ocrx_word' id='word_1_115' title='bbox 1340 977 1419 1002; x_wconf 92' lang='lat' dir='ltr'>non</span> <span class='ocrx_word' id='word_1_116' title='bbox 1445 966 1585 1005; x_wconf 88' lang='lat' dir='ltr'>exhor·-</span> 
     </span>
     <span class='ocr_line' id='line_1_14' title="bbox 113 1024 1586 1077; baseline 0.003 -16"><span class='ocrx_word' id='word_1_117' title='bbox 113 1031 265 1063; x_wconf 84' lang='lat' dir='ltr'>rescent</span> <span class='ocrx_word' id='word_1_118' title='bbox 284 1032 323 1064; x_wconf 86' lang='lat' dir='ltr'>et</span> <span class='ocrx_word' id='word_1_119' title='bbox 342 1032 606 1077; x_wconf 85' lang='lat' dir='ltr'>expavescent</span> <span class='ocrx_word' id='word_1_120' title='bbox 626 1025 723 1063; x_wconf 91' lang='lat' dir='ltr'>tales</span> <span class='ocrx_word' id='word_1_121' title='bbox 743 1025 874 1076; x_wconf 88' lang='lat' dir='ltr'>copias</span> <span class='ocrx_word' id='word_1_122' title='bbox 896 1024 1143 1071; x_wconf 79' lang='lat' dir='ltr'>constitutas,</span> <span class='ocrx_word' id='word_1_123' title='bbox 1163 1038 1250 1075; x_wconf 79' lang='lat' dir='ltr'>quae</span> <span class='ocrx_word' id='word_1_124' title='bbox 1271 1025 1427 1075; x_wconf 88' lang='lat' dir='ltr'>quidem</span> <span class='ocrx_word' id='word_1_125' title='bbox 1447 1032 1487 1064; x_wconf 87' lang='lat' dir='ltr'>et</span> <span class='ocrx_word' id='word_1_126' title='bbox 1510 1027 1586 1066; x_wconf 88' lang='lat' dir='ltr'>hoc</span> 
     </span>
     <span class='ocr_line' id='line_1_15' title="bbox 112 1086 1586 1139; baseline 0.003 -17"><span class='ocrx_word' id='word_1_127' title='bbox 112 1086 229 1124; x_wconf 90' lang='lat' dir='ltr'>modo</span> <span class='ocrx_word' id='word_1_128' title='bbox 256 1100 296 1125; x_wconf 89' lang='lat' dir='ltr'>se</span> <span class='ocrx_word' id='word_1_129' title='bbox 323 1087 595 1139; x_wconf 82' lang='lat' dir='ltr'>compararint,</span> <span class='ocrx_word' id='word_1_130' title='bbox 615 1093 654 1124; x_wconf 91' lang='lat' dir='ltr'>et</span> <span class='ocrx_word' id='word_1_131' title='bbox 679 1087 813 1125; x_wconf 89' lang='lat' dir='ltr'>harum</span> <span class='ocrx_word' id='word_1_132' title='bbox 841 1099 965 1124; x_wconf 89' lang='lat' dir='ltr'>rerum</span> <span class='ocrx_word' id='word_1_133' title='bbox 996 1086 1220 1124; x_wconf 84' lang='lat' dir='ltr'>auctoribus</span> <span class='ocrx_word' id='word_1_134' title='bbox 1243 1099 1321 1124; x_wconf 89' lang='lat' dir='ltr'>non</span> <span class='ocrx_word' id='word_1_135' title='bbox 1345 1086 1485 1138; x_wconf 90' lang='lat' dir='ltr'>injuria</span> <span class='ocrx_word' id='word_1_136' title='bbox 1513 1089 1586 1127; x_wconf 91' lang='lat' dir='ltr'>ira-</span> 
     </span>
     <span class='ocr_line' id='line_1_16' title="bbox 114 1147 1589 1199; baseline 0.003 -15"><span class='ocrx_word' id='word_1_137' title='bbox 114 1154 286 1194; x_wconf 85' lang='lat' dir='ltr'>scantur,</span> <span class='ocrx_word' id='word_1_138' title='bbox 306 1155 344 1186; x_wconf 88' lang='lat' dir='ltr'>et</span> <span class='ocrx_word' id='word_1_139' title='bbox 362 1149 458 1187; x_wconf 88' lang='lat' dir='ltr'>mori</span> <span class='ocrx_word' id='word_1_140' title='bbox 479 1155 605 1186; x_wconf 86' lang='lat' dir='ltr'>tutum</span> <span class='ocrx_word' id='word_1_141' title='bbox 626 1148 794 1199; x_wconf 75' lang='lat' dir='ltr'>putent?</span> <span class='ocrx_word' id='word_1_142' title='bbox 824 1154 876 1194; x_wconf 88' lang='lat' dir='ltr'>et,</span> <span class='ocrx_word' id='word_1_143' title='bbox 896 1147 1001 1198; x_wconf 87' lang='lat' dir='ltr'>quod</span> <span class='ocrx_word' id='word_1_144' title='bbox 1023 1147 1071 1185; x_wconf 89' lang='lat' dir='ltr'>ad</span> <span class='ocrx_word' id='word_1_145' title='bbox 1093 1147 1253 1186; x_wconf 88' lang='lat' dir='ltr'>aliarum</span> <span class='ocrx_word' id='word_1_146' title='bbox 1277 1161 1403 1186; x_wconf 88' lang='lat' dir='ltr'>rerum</span> <span class='ocrx_word' id='word_1_147' title='bbox 1424 1150 1589 1188; x_wconf 86' lang='lat' dir='ltr'>vacatio-</span> 
     </span>
     <span class='ocr_line' id='line_1_17' title="bbox 113 1209 1586 1261; baseline 0.003 -16"><span class='ocrx_word' id='word_1_148' title='bbox 113 1221 200 1246; x_wconf 90' lang='lat' dir='ltr'>nem</span> <span class='ocrx_word' id='word_1_149' title='bbox 214 1210 350 1248; x_wconf 81' lang='lat' dir='ltr'>attinet</span> <span class='ocrx_word' id='word_1_150' title='bbox 364 1210 561 1261; x_wconf 81' lang='lat' dir='ltr'>soliusque</span> <span class='ocrx_word' id='word_1_151' title='bbox 577 1209 729 1248; x_wconf 79' lang='lat' dir='ltr'>bellicae</span> <span class='ocrx_word' id='word_1_152' title='bbox 746 1210 797 1248; x_wconf 91' lang='lat' dir='ltr'>rei</span> <span class='ocrx_word' id='word_1_153' title='bbox 815 1209 1124 1259; x_wconf 82' lang='lat' dir='ltr'>occupationem,</span> <span class='ocrx_word' id='word_1_154' title='bbox 1137 1209 1384 1248; x_wconf 88' lang='lat' dir='ltr'>conductitiis</span> <span class='ocrx_word' id='word_1_155' title='bbox 1401 1210 1586 1250; x_wconf 85' lang='lat' dir='ltr'>militibus</span> 
     </span>
     <span class='ocr_line' id='line_1_18' title="bbox 113 1270 1587 1322; baseline 0.002 -15"><span class='ocrx_word' id='word_1_156' title='bbox 113 1270 258 1308; x_wconf 87' lang='lat' dir='ltr'>similes</span> <span class='ocrx_word' id='word_1_157' title='bbox 285 1271 389 1308; x_wconf 73' lang='lat' dir='ltr'>sint?</span> <span class='ocrx_word' id='word_1_158' title='bbox 417 1278 616 1318; x_wconf 86' lang='lat' dir='ltr'>caeterum,</span> <span class='ocrx_word' id='word_1_159' title='bbox 643 1271 673 1309; x_wconf 91' lang='lat' dir='ltr'>si</span> <span class='ocrx_word' id='word_1_160' title='bbox 701 1271 886 1308; x_wconf 88' lang='lat' dir='ltr'>fortitudo</span> <span class='ocrx_word' id='word_1_161' title='bbox 917 1277 955 1307; x_wconf 87' lang='lat' dir='ltr'>et</span> <span class='ocrx_word' id='word_1_162' title='bbox 983 1270 1160 1308; x_wconf 86' lang='lat' dir='ltr'>instituta</span> <span class='ocrx_word' id='word_1_163' title='bbox 1187 1277 1317 1309; x_wconf 87' lang='lat' dir='ltr'>vetera</span> <span class='ocrx_word' id='word_1_164' title='bbox 1348 1279 1587 1322; x_wconf 86' lang='lat' dir='ltr'>spectentur,</span> 
     </span>
     <span class='ocr_line' id='line_1_19' title="bbox 112 1331 1588 1384; baseline 0.003 -16"><span class='ocrx_word' id='word_1_165' title='bbox 112 1331 208 1369; x_wconf 85' lang='lat' dir='ltr'>tales</span> <span class='ocrx_word' id='word_1_166' title='bbox 224 1332 358 1382; x_wconf 91' lang='lat' dir='ltr'>quales</span> <span class='ocrx_word' id='word_1_167' title='bbox 375 1345 423 1370; x_wconf 87' lang='lat' dir='ltr'>ex</span> <span class='ocrx_word' id='word_1_168' title='bbox 440 1333 618 1370; x_wconf 89' lang='lat' dir='ltr'>universo</span> <span class='ocrx_word' id='word_1_169' title='bbox 634 1331 805 1369; x_wconf 86' lang='lat' dir='ltr'>humano</span> <span class='ocrx_word' id='word_1_170' title='bbox 822 1344 962 1382; x_wconf 83' lang='lat' dir='ltr'>genere</span> <span class='ocrx_word' id='word_1_171' title='bbox 980 1331 1110 1382; x_wconf 82' lang='lat' dir='ltr'>colligi</span> <span class='ocrx_word' id='word_1_172' title='bbox 1127 1331 1351 1382; x_wconf 76' lang='lat' dir='ltr'>nequeant?</span> <span class='ocrx_word' id='word_1_173' title='bbox 1381 1339 1588 1384; x_wconf 84' lang='lat' dir='ltr'>praeterea-</span> 
     </span>
     <span class='ocr_line' id='line_1_20' title="bbox 111 1392 1587 1446; baseline 0.004 -17"><span class='ocrx_word' id='word_1_174' title='bbox 111 1406 186 1443; x_wconf 88' lang='lat' dir='ltr'>que</span> <span class='ocrx_word' id='word_1_175' title='bbox 206 1393 353 1431; x_wconf 87' lang='lat' dir='ltr'>nullum</span> <span class='ocrx_word' id='word_1_176' title='bbox 373 1401 521 1431; x_wconf 87' lang='lat' dir='ltr'>certum</span> <span class='ocrx_word' id='word_1_177' title='bbox 543 1394 630 1431; x_wconf 80' lang='lat' dir='ltr'>vitae</span> <span class='ocrx_word' id='word_1_178' title='bbox 651 1392 871 1431; x_wconf 88' lang='lat' dir='ltr'>institutum</span> <span class='ocrx_word' id='word_1_179' title='bbox 892 1398 1060 1436; x_wconf 85' lang='lat' dir='ltr'>teneant,</span> <span class='ocrx_word' id='word_1_180' title='bbox 1083 1393 1153 1431; x_wconf 90' lang='lat' dir='ltr'>sed</span> <span class='ocrx_word' id='word_1_181' title='bbox 1175 1400 1214 1432; x_wconf 92' lang='lat' dir='ltr'>et</span> <span class='ocrx_word' id='word_1_182' title='bbox 1233 1394 1305 1432; x_wconf 89' lang='lat' dir='ltr'>sub</span> <span class='ocrx_word' id='word_1_183' title='bbox 1325 1394 1390 1432; x_wconf 86' lang='lat' dir='ltr'>dio</span> <span class='ocrx_word' id='word_1_184' title='bbox 1411 1407 1527 1446; x_wconf 87' lang='lat' dir='ltr'>agere</span> <span class='ocrx_word' id='word_1_185' title='bbox 1548 1405 1587 1435; x_wconf 89' lang='lat' dir='ltr'>et</span> 
     </span>
     <span class='ocr_line' id='line_1_21' title="bbox 112 1454 1587 1506; baseline 0.004 -16"><span class='ocrx_word' id='word_1_186' title='bbox 112 1455 253 1504; x_wconf 86' lang='lat' dir='ltr'>passim</span> <span class='ocrx_word' id='word_1_187' title='bbox 282 1456 456 1493; x_wconf 89' lang='lat' dir='ltr'>oberrare</span> <span class='ocrx_word' id='word_1_188' title='bbox 482 1461 521 1492; x_wconf 91' lang='lat' dir='ltr'>et</span> <span class='ocrx_word' id='word_1_189' title='bbox 546 1467 652 1493; x_wconf 88' lang='lat' dir='ltr'>arma</span> <span class='ocrx_word' id='word_1_190' title='bbox 681 1454 927 1493; x_wconf 88' lang='lat' dir='ltr'>circumferre</span> <span class='ocrx_word' id='word_1_191' title='bbox 958 1454 1122 1505; x_wconf 85' lang='lat' dir='ltr'>possint,</span> <span class='ocrx_word' id='word_1_192' title='bbox 1146 1455 1338 1506; x_wconf 80' lang='lat' dir='ltr'>facileque</span> <span class='ocrx_word' id='word_1_193' title='bbox 1364 1455 1477 1494; x_wconf 88' lang='lat' dir='ltr'>vicini</span> <span class='ocrx_word' id='word_1_194' title='bbox 1506 1458 1587 1496; x_wconf 87' lang='lat' dir='ltr'>fieri</span> 
     </span>
     <span class='ocr_line' id='line_1_22' title="bbox 111 1515 1587 1568; baseline 0.003 -16"><span class='ocrx_word' id='word_1_195' title='bbox 111 1515 250 1566; x_wconf 91' lang='lat' dir='ltr'>quibus</span> <span class='ocrx_word' id='word_1_196' title='bbox 269 1515 473 1561; x_wconf 83' lang='lat' dir='ltr'>voluerint,</span> <span class='ocrx_word' id='word_1_197' title='bbox 495 1523 532 1554; x_wconf 88' lang='lat' dir='ltr'>et</span> <span class='ocrx_word' id='word_1_198' title='bbox 553 1515 680 1553; x_wconf 90' lang='lat' dir='ltr'>omnia</span> <span class='ocrx_word' id='word_1_199' title='bbox 703 1516 792 1553; x_wconf 87' lang='lat' dir='ltr'>loca</span> <span class='ocrx_word' id='word_1_200' title='bbox 816 1515 918 1553; x_wconf 90' lang='lat' dir='ltr'>bello</span> <span class='ocrx_word' id='word_1_201' title='bbox 942 1523 1161 1566; x_wconf 89' lang='lat' dir='ltr'>opportuna</span> <span class='ocrx_word' id='word_1_202' title='bbox 1188 1517 1351 1567; x_wconf 84' lang='lat' dir='ltr'>patriam</span> <span class='ocrx_word' id='word_1_203' title='bbox 1378 1517 1587 1568; x_wconf 76' lang='lat' dir='ltr'>judicent?</span> 
     </span>
     <span class='ocr_line' id='line_1_23' title="bbox 112 1576 1584 1631; baseline 0.004 -19"><span class='ocrx_word' id='word_1_204' title='bbox 112 1576 300 1627; x_wconf 83' lang='lat' dir='ltr'>Equidem</span> <span class='ocrx_word' id='word_1_205' title='bbox 321 1584 426 1628; x_wconf 89' lang='lat' dir='ltr'>puto,</span> <span class='ocrx_word' id='word_1_206' title='bbox 450 1577 481 1614; x_wconf 92' lang='lat' dir='ltr'>si</span> <span class='ocrx_word' id='word_1_207' title='bbox 504 1589 700 1615; x_wconf 87' lang='lat' dir='ltr'>sermones</span> <span class='ocrx_word' id='word_1_208' title='bbox 720 1577 759 1613; x_wconf 88' lang='lat' dir='ltr'>hi</span> <span class='ocrx_word' id='word_1_209' title='bbox 785 1583 933 1614; x_wconf 81' lang='lat' dir='ltr'>tantum</span> <span class='ocrx_word' id='word_1_210' title='bbox 962 1577 999 1614; x_wconf 90' lang='lat' dir='ltr'>in</span> <span class='ocrx_word' id='word_1_211' title='bbox 1021 1577 1174 1615; x_wconf 81' lang='lat' dir='ltr'>Graecia</span> <span class='ocrx_word' id='word_1_212' title='bbox 1200 1578 1379 1616; x_wconf 88' lang='lat' dir='ltr'>dicantur</span> <span class='ocrx_word' id='word_1_213' title='bbox 1407 1586 1448 1617; x_wconf 90' lang='lat' dir='ltr'>et</span> <span class='ocrx_word' id='word_1_214' title='bbox 1476 1593 1584 1631; x_wconf 88' lang='lat' dir='ltr'>spar-</span> 
     </span>
     <span class='ocr_line' id='line_1_24' title="bbox 110 1637 1584 1692; baseline 0.003 -17"><span class='ocrx_word' id='word_1_215' title='bbox 110 1646 266 1688; x_wconf 84' lang='lat' dir='ltr'>gantur,</span> <span class='ocrx_word' id='word_1_216' title='bbox 285 1638 417 1677; x_wconf 86' lang='lat' dir='ltr'>hostes</span> <span class='ocrx_word' id='word_1_217' title='bbox 438 1645 593 1676; x_wconf 87' lang='lat' dir='ltr'>nostros</span> <span class='ocrx_word' id='word_1_218' title='bbox 620 1638 657 1674; x_wconf 90' lang='lat' dir='ltr'>in</span> <span class='ocrx_word' id='word_1_219' title='bbox 684 1637 851 1675; x_wconf 86' lang='lat' dir='ltr'>maxima</span> <span class='ocrx_word' id='word_1_220' title='bbox 876 1639 1168 1689; x_wconf 89' lang='lat' dir='ltr'>perturbatione</span> <span class='ocrx_word' id='word_1_221' title='bbox 1197 1638 1361 1684; x_wconf 89' lang='lat' dir='ltr'>futuros,</span> <span class='ocrx_word' id='word_1_222' title='bbox 1384 1640 1584 1692; x_wconf 84' lang='lat' dir='ltr'>multoque</span> 
     </span>
     <span class='ocr_line' id='line_1_25' title="bbox 110 1698 1585 1751; baseline 0.003 -15"><span class='ocrx_word' id='word_1_223' title='bbox 110 1699 145 1737; x_wconf 88' lang='lat' dir='ltr'>iu</span> <span class='ocrx_word' id='word_1_224' title='bbox 164 1699 316 1751; x_wconf 89' lang='lat' dir='ltr'>majore,</span> <span class='ocrx_word' id='word_1_225' title='bbox 330 1699 360 1738; x_wconf 94' lang='lat' dir='ltr'>si</span> <span class='ocrx_word' id='word_1_226' title='bbox 376 1712 421 1737; x_wconf 89' lang='lat' dir='ltr'>ea</span> <span class='ocrx_word' id='word_1_227' title='bbox 435 1713 523 1750; x_wconf 83' lang='lat' dir='ltr'>quae</span> <span class='ocrx_word' id='word_1_228' title='bbox 537 1699 694 1737; x_wconf 90' lang='lat' dir='ltr'>decreta</span> <span class='ocrx_word' id='word_1_229' title='bbox 711 1698 855 1737; x_wconf 88' lang='lat' dir='ltr'>fuerint</span> <span class='ocrx_word' id='word_1_230' title='bbox 869 1712 909 1736; x_wconf 84' lang='lat' dir='ltr'>re</span> <span class='ocrx_word' id='word_1_231' title='bbox 928 1700 1011 1750; x_wconf 86' lang='lat' dir='ltr'>ipsa</span> <span class='ocrx_word' id='word_1_232' title='bbox 1032 1707 1215 1751; x_wconf 78' lang='lat' dir='ltr'>praestare</span> <span class='ocrx_word' id='word_1_233' title='bbox 1236 1713 1434 1751; x_wconf 82' lang='lat' dir='ltr'>cogemur.</span> <span class='ocrx_word' id='word_1_234' title='bbox 1482 1703 1585 1741; x_wconf 86' lang='lat' dir='ltr'>Nam</span> 
     </span>
     <span class='ocr_line' id='line_1_26' title="bbox 109 1760 1584 1812; baseline 0.003 -14"><span class='ocrx_word' id='word_1_235' title='bbox 109 1772 186 1810; x_wconf 87' lang='lat' dir='ltr'>quo</span> <span class='ocrx_word' id='word_1_236' title='bbox 215 1760 343 1799; x_wconf 90' lang='lat' dir='ltr'>animo</span> <span class='ocrx_word' id='word_1_237' title='bbox 372 1760 489 1799; x_wconf 88' lang='lat' dir='ltr'>futuri</span> <span class='ocrx_word' id='word_1_238' title='bbox 518 1767 621 1806; x_wconf 90' lang='lat' dir='ltr'>sunt,</span> <span class='ocrx_word' id='word_1_239' title='bbox 644 1761 674 1798; x_wconf 89' lang='lat' dir='ltr'>si</span> <span class='ocrx_word' id='word_1_240' title='bbox 700 1773 723 1798; x_wconf 87' lang='lat' dir='ltr'>a</span> <span class='ocrx_word' id='word_1_241' title='bbox 751 1761 867 1798; x_wconf 87' lang='lat' dir='ltr'>nobis</span> <span class='ocrx_word' id='word_1_242' title='bbox 888 1760 1062 1799; x_wconf 87' lang='lat' dir='ltr'>cladibus</span> <span class='ocrx_word' id='word_1_243' title='bbox 1090 1761 1191 1799; x_wconf 88' lang='lat' dir='ltr'>affici</span> <span class='ocrx_word' id='word_1_244' title='bbox 1220 1769 1415 1812; x_wconf 91' lang='lat' dir='ltr'>poterunt,</span> <span class='ocrx_word' id='word_1_245' title='bbox 1443 1776 1584 1803; x_wconf 89' lang='lat' dir='ltr'>nocere</span> 
     </span>
     <span class='ocr_line' id='line_1_27' title="bbox 109 1821 1583 1873; baseline 0.004 -15"><span class='ocrx_word' id='word_1_246' title='bbox 109 1821 218 1860; x_wconf 89' lang='lat' dir='ltr'>nobis</span> <span class='ocrx_word' id='word_1_247' title='bbox 232 1822 399 1860; x_wconf 88' lang='lat' dir='ltr'>vicissim</span> <span class='ocrx_word' id='word_1_248' title='bbox 418 1835 492 1859; x_wconf 91' lang='lat' dir='ltr'>non</span> <span class='ocrx_word' id='word_1_249' title='bbox 511 1821 722 1873; x_wconf 79' lang='lat' dir='ltr'>poterunt?</span> <span class='ocrx_word' id='word_1_250' title='bbox 779 1821 819 1858; x_wconf 89' lang='lat' dir='ltr'>Si</span> <span class='ocrx_word' id='word_1_251' title='bbox 836 1834 926 1860; x_wconf 89' lang='lat' dir='ltr'>suas</span> <span class='ocrx_word' id='word_1_252' title='bbox 943 1821 1098 1872; x_wconf 90' lang='lat' dir='ltr'>quidem</span> <span class='ocrx_word' id='word_1_253' title='bbox 1114 1823 1230 1861; x_wconf 87' lang='lat' dir='ltr'>urbes</span> <span class='ocrx_word' id='word_1_254' title='bbox 1245 1824 1426 1869; x_wconf 87' lang='lat' dir='ltr'>obsideri,</span> <span class='ocrx_word' id='word_1_255' title='bbox 1440 1833 1583 1864; x_wconf 82' lang='lat' dir='ltr'>nostrae</span> 
     </span>
     <span class='ocr_line' id='line_1_28' title="bbox 108 1883 1584 1937; baseline 0.003 -17"><span class='ocrx_word' id='word_1_256' title='bbox 108 1896 199 1922; x_wconf 87' lang='lat' dir='ltr'>vero</span> <span class='ocrx_word' id='word_1_257' title='bbox 217 1897 301 1922; x_wconf 89' lang='lat' dir='ltr'>eam</span> <span class='ocrx_word' id='word_1_258' title='bbox 322 1897 406 1922; x_wconf 88' lang='lat' dir='ltr'>esse</span> <span class='ocrx_word' id='word_1_259' title='bbox 427 1884 613 1922; x_wconf 88' lang='lat' dir='ltr'>rationem</span> <span class='ocrx_word' id='word_1_260' title='bbox 634 1883 821 1921; x_wconf 87' lang='lat' dir='ltr'>videbunt</span> <span class='ocrx_word' id='word_1_261' title='bbox 841 1891 883 1921; x_wconf 89' lang='lat' dir='ltr'>ut</span> <span class='ocrx_word' id='word_1_262' title='bbox 903 1883 950 1922; x_wconf 89' lang='lat' dir='ltr'>ab</span> <span class='ocrx_word' id='word_1_263' title='bbox 970 1883 1073 1921; x_wconf 89' lang='lat' dir='ltr'>omni</span> <span class='ocrx_word' id='word_1_264' title='bbox 1094 1885 1393 1936; x_wconf 77' lang='lat' dir='ltr'>oppugnationis</span> <span class='ocrx_word' id='word_1_265' title='bbox 1413 1887 1584 1937; x_wconf 91' lang='lat' dir='ltr'>periculo</span> 
     </span>
     <span class='ocr_line' id='line_1_29' title="bbox 108 1944 1583 1986; baseline 0.003 -4"><span class='ocrx_word' id='word_1_266' title='bbox 108 1944 157 1983; x_wconf 89' lang='lat' dir='ltr'>sit</span> <span class='ocrx_word' id='word_1_267' title='bbox 183 1945 393 1984; x_wconf 80' lang='lat' dir='ltr'>immunis?</span> <span class='ocrx_word' id='word_1_268' title='bbox 449 1945 645 1984; x_wconf 81' lang='lat' dir='ltr'>Praeterea</span> <span class='ocrx_word' id='word_1_269' title='bbox 671 1944 779 1983; x_wconf 91' lang='lat' dir='ltr'>nobis</span> <span class='ocrx_word' id='word_1_270' title='bbox 803 1957 891 1982; x_wconf 91' lang='lat' dir='ltr'>cum</span> <span class='ocrx_word' id='word_1_271' title='bbox 912 1958 958 1983; x_wconf 90' lang='lat' dir='ltr'>ex</span> <span class='ocrx_word' id='word_1_272' title='bbox 980 1945 1122 1982; x_wconf 88' lang='lat' dir='ltr'>nostris</span> <span class='ocrx_word' id='word_1_273' title='bbox 1143 1946 1258 1984; x_wconf 91' lang='lat' dir='ltr'>rebus</span> <span class='ocrx_word' id='word_1_274' title='bbox 1277 1953 1358 1983; x_wconf 88' lang='lat' dir='ltr'>tum</span> <span class='ocrx_word' id='word_1_275' title='bbox 1373 1959 1424 1984; x_wconf 88' lang='lat' dir='ltr'>ex</span> <span class='ocrx_word' id='word_1_276' title='bbox 1447 1960 1583 1986; x_wconf 89' lang='lat' dir='ltr'>manu-</span> 
     </span>
     <span class='ocr_line' id='line_1_30' title="bbox 109 2005 1583 2060; baseline 0.003 -17"><span class='ocrx_word' id='word_1_277' title='bbox 109 2006 181 2044; x_wconf 90' lang='lat' dir='ltr'>biis</span> <span class='ocrx_word' id='word_1_278' title='bbox 200 2007 343 2045; x_wconf 89' lang='lat' dir='ltr'>victum</span> <span class='ocrx_word' id='word_1_279' title='bbox 364 2007 445 2045; x_wconf 84' lang='lat' dir='ltr'>fore</span> <span class='ocrx_word' id='word_1_280' title='bbox 465 2006 617 2045; x_wconf 85' lang='lat' dir='ltr'>facilem</span> <span class='ocrx_word' id='word_1_281' title='bbox 639 2014 678 2043; x_wconf 90' lang='lat' dir='ltr'>et</span> <span class='ocrx_word' id='word_1_282' title='bbox 696 2005 936 2056; x_wconf 86' lang='lat' dir='ltr'>expeditum,</span> <span class='ocrx_word' id='word_1_283' title='bbox 951 2006 1022 2043; x_wconf 90' lang='lat' dir='ltr'>sibi</span> <span class='ocrx_word' id='word_1_284' title='bbox 1038 2019 1128 2044; x_wconf 89' lang='lat' dir='ltr'>vero</span> <span class='ocrx_word' id='word_1_285' title='bbox 1149 2006 1338 2044; x_wconf 89' lang='lat' dir='ltr'>difficilem</span> <span class='ocrx_word' id='word_1_286' title='bbox 1360 2015 1397 2044; x_wconf 88' lang='lat' dir='ltr'>et</span> <span class='ocrx_word' id='word_1_287' title='bbox 1418 2008 1583 2060; x_wconf 91' lang='lat' dir='ltr'>impedi-</span> 
     </span>
     <span class='ocr_line' id='line_1_31' title="bbox 109 2066 1580 2118; baseline 0.002 -12"><span class='ocrx_word' id='word_1_288' title='bbox 109 2076 206 2114; x_wconf 81' lang='lat' dir='ltr'>tum,</span> <span class='ocrx_word' id='word_1_289' title='bbox 218 2068 322 2118; x_wconf 89' lang='lat' dir='ltr'>quod</span> <span class='ocrx_word' id='word_1_290' title='bbox 339 2068 414 2106; x_wconf 87' lang='lat' dir='ltr'>alia</span> <span class='ocrx_word' id='word_1_291' title='bbox 429 2081 488 2106; x_wconf 92' lang='lat' dir='ltr'>res</span> <span class='ocrx_word' id='word_1_292' title='bbox 504 2074 578 2113; x_wconf 91' lang='lat' dir='ltr'>est,</span> <span class='ocrx_word' id='word_1_293' title='bbox 594 2067 710 2105; x_wconf 88' lang='lat' dir='ltr'>talem</span> <span class='ocrx_word' id='word_1_294' title='bbox 728 2066 940 2104; x_wconf 86' lang='lat' dir='ltr'>exercitum</span> <span class='ocrx_word' id='word_1_295' title='bbox 956 2067 1073 2113; x_wconf 82' lang='lat' dir='ltr'>alere,</span> <span class='ocrx_word' id='word_1_296' title='bbox 1086 2074 1202 2118; x_wconf 89' lang='lat' dir='ltr'>atque</span> <span class='ocrx_word' id='word_1_297' title='bbox 1219 2068 1432 2118; x_wconf 87' lang='lat' dir='ltr'>oppidanas</span> <span class='ocrx_word' id='word_1_298' title='bbox 1449 2072 1580 2109; x_wconf 85' lang='lat' dir='ltr'>turbas</span> 
     </span>
     <span class='ocr_line' id='line_1_32' title="bbox 108 2128 1581 2180; baseline 0.003 -14"><span class='ocrx_word' id='word_1_299' title='bbox 108 2129 350 2167; x_wconf 72' lang='lat' dir='ltr'>sustentare?</span> <span class='ocrx_word' id='word_1_300' title='bbox 406 2129 496 2167; x_wconf 84' lang='lat' dir='ltr'>Jam</span> <span class='ocrx_word' id='word_1_301' title='bbox 524 2128 617 2180; x_wconf 85' lang='lat' dir='ltr'>quid</span> <span class='ocrx_word' id='word_1_302' title='bbox 650 2128 824 2166; x_wconf 80' lang='lat' dir='ltr'>acerbius</span> <span class='ocrx_word' id='word_1_303' title='bbox 854 2128 925 2165; x_wconf 86' lang='lat' dir='ltr'>illis</span> <span class='ocrx_word' id='word_1_304' title='bbox 953 2128 1126 2166; x_wconf 85' lang='lat' dir='ltr'>accidere</span> <span class='ocrx_word' id='word_1_305' title='bbox 1147 2129 1300 2180; x_wconf 82' lang='lat' dir='ltr'>poterit,</span> <span class='ocrx_word' id='word_1_306' title='bbox 1321 2143 1436 2180; x_wconf 86' lang='lat' dir='ltr'>quarn</span> <span class='ocrx_word' id='word_1_307' title='bbox 1459 2131 1491 2169; x_wconf 91' lang='lat' dir='ltr'>si</span> <span class='ocrx_word' id='word_1_308' title='bbox 1511 2145 1581 2170; x_wconf 92' lang='lat' dir='ltr'>no-</span> 
     </span>
     <span class='ocr_line' id='line_1_33' title="bbox 108 2189 1581 2243; baseline 0.002 -15"><span class='ocrx_word' id='word_1_309' title='bbox 108 2197 208 2229; x_wconf 90' lang='lat' dir='ltr'>stros</span> <span class='ocrx_word' id='word_1_310' title='bbox 229 2190 460 2228; x_wconf 91' lang='lat' dir='ltr'>domesticos</span> <span class='ocrx_word' id='word_1_311' title='bbox 481 2189 672 2228; x_wconf 88' lang='lat' dir='ltr'>audierint</span> <span class='ocrx_word' id='word_1_312' title='bbox 691 2189 828 2240; x_wconf 89' lang='lat' dir='ltr'>amplis</span> <span class='ocrx_word' id='word_1_313' title='bbox 848 2190 984 2241; x_wconf 91' lang='lat' dir='ltr'>opibus</span> <span class='ocrx_word' id='word_1_314' title='bbox 1008 2189 1158 2236; x_wconf 89' lang='lat' dir='ltr'>florere,</span> <span class='ocrx_word' id='word_1_315' title='bbox 1179 2204 1271 2229; x_wconf 88' lang='lat' dir='ltr'>suos</span> <span class='ocrx_word' id='word_1_316' title='bbox 1298 2198 1426 2229; x_wconf 86' lang='lat' dir='ltr'>autem</span> <span class='ocrx_word' id='word_1_317' title='bbox 1454 2194 1581 2243; x_wconf 88' lang='lat' dir='ltr'>quoti-</span> 
     </span>
     <span class='ocr_line' id='line_1_34' title="bbox 108 2251 1580 2305; baseline 0.003 -16"><span class='ocrx_word' id='word_1_318' title='bbox 108 2252 170 2290; x_wconf 89' lang='lat' dir='ltr'>die</span> <span class='ocrx_word' id='word_1_319' title='bbox 191 2251 356 2291; x_wconf 90' lang='lat' dir='ltr'>viderint</span> <span class='ocrx_word' id='word_1_320' title='bbox 384 2252 483 2290; x_wconf 88' lang='lat' dir='ltr'>fame</span> <span class='ocrx_word' id='word_1_321' title='bbox 513 2251 700 2297; x_wconf 86' lang='lat' dir='ltr'>laborare,</span> <span class='ocrx_word' id='word_1_322' title='bbox 721 2263 765 2289; x_wconf 87' lang='lat' dir='ltr'>ac</span> <span class='ocrx_word' id='word_1_323' title='bbox 787 2264 833 2290; x_wconf 87' lang='lat' dir='ltr'>ne</span> <span class='ocrx_word' id='word_1_324' title='bbox 856 2264 968 2302; x_wconf 92' lang='lat' dir='ltr'>opem</span> <span class='ocrx_word' id='word_1_325' title='bbox 989 2251 1149 2302; x_wconf 84' lang='lat' dir='ltr'>quidem</span> <span class='ocrx_word' id='word_1_326' title='bbox 1170 2253 1225 2290; x_wconf 92' lang='lat' dir='ltr'>eis</span> <span class='ocrx_word' id='word_1_327' title='bbox 1247 2253 1346 2292; x_wconf 90' lang='lat' dir='ltr'>ferre</span> <span class='ocrx_word' id='word_1_328' title='bbox 1367 2255 1580 2305; x_wconf 76' lang='lat' dir='ltr'>poterunt?</span> 
     </span>
     <span class='ocr_line' id='line_1_35' title="bbox 106 2312 1578 2365; baseline 0.001 -14"><span class='ocrx_word' id='word_1_329' title='bbox 106 2326 195 2351; x_wconf 91' lang='lat' dir='ltr'>nam</span> <span class='ocrx_word' id='word_1_330' title='bbox 216 2313 295 2352; x_wconf 89' lang='lat' dir='ltr'>sive</span> <span class='ocrx_word' id='word_1_331' title='bbox 316 2325 430 2364; x_wconf 82' lang='lat' dir='ltr'>agros</span> <span class='ocrx_word' id='word_1_332' title='bbox 449 2312 575 2351; x_wconf 88' lang='lat' dir='ltr'>colere</span> <span class='ocrx_word' id='word_1_333' title='bbox 596 2312 845 2358; x_wconf 85' lang='lat' dir='ltr'>instituerint,</span> <span class='ocrx_word' id='word_1_334' title='bbox 866 2313 980 2351; x_wconf 87' lang='lat' dir='ltr'>etiam</span> <span class='ocrx_word' id='word_1_335' title='bbox 1001 2313 1184 2352; x_wconf 87' lang='lat' dir='ltr'>sementis</span> <span class='ocrx_word' id='word_1_336' title='bbox 1205 2314 1400 2365; x_wconf 88' lang='lat' dir='ltr'>jacturam</span> <span class='ocrx_word' id='word_1_337' title='bbox 1419 2315 1578 2363; x_wconf 86' lang='lat' dir='ltr'>facient,</span> 
     </span>
     <span class='ocr_line' id='line_1_36' title="bbox 105 2378 1580 2431; baseline 0 -13"><span class='ocrx_word' id='word_1_338' title='bbox 105 2381 185 2419; x_wconf 90' lang='lat' dir='ltr'>sive</span> <span class='ocrx_word' id='word_1_339' title='bbox 205 2386 344 2418; x_wconf 89' lang='lat' dir='ltr'>terram</span> <span class='ocrx_word' id='word_1_340' title='bbox 358 2380 491 2431; x_wconf 87' lang='lat' dir='ltr'>jacere</span> <span class='ocrx_word' id='word_1_341' title='bbox 512 2378 695 2417; x_wconf 85' lang='lat' dir='ltr'>incultam</span> <span class='ocrx_word' id='word_1_342' title='bbox 714 2378 925 2430; x_wconf 86' lang='lat' dir='ltr'>patientur,</span> <span class='ocrx_word' id='word_1_343' title='bbox 944 2378 1071 2417; x_wconf 85' lang='lat' dir='ltr'>statim</span> <span class='ocrx_word' id='word_1_344' title='bbox 1092 2379 1196 2417; x_wconf 89' lang='lat' dir='ltr'>unde</span> <span class='ocrx_word' id='word_1_345' title='bbox 1214 2379 1347 2418; x_wconf 86' lang='lat' dir='ltr'>vivant</span> <span class='ocrx_word' id='word_1_346' title='bbox 1368 2393 1445 2418; x_wconf 92' lang='lat' dir='ltr'>non</span> <span class='ocrx_word' id='word_1_347' title='bbox 1464 2380 1580 2419; x_wconf 89' lang='lat' dir='ltr'>habe-</span> 
     </span>
     <span class='ocr_line' id='line_1_37' title="bbox 106 2443 216 2481; baseline -0.009 0"><span class='ocrx_word' id='word_1_348' title='bbox 106 2443 216 2481; x_wconf 88' lang='lat' dir='ltr'>bunt.</span> 
     </span>
    </p>

    <p class='ocr_par' dir='ltr' id='par_1_4' title="bbox 106 2502 1578 2925">
     <span class='ocr_line' id='line_1_38' title="bbox 163 2502 1577 2555; baseline 0.001 -14"><span class='ocrx_word' id='word_1_349' title='bbox 163 2505 226 2541; x_wconf 89' lang='grc'>33.</span> <span class='ocrx_word' id='word_1_350' title='bbox 258 2504 314 2541; x_wconf 90' lang='lat' dir='ltr'>At</span> <span class='ocrx_word' id='word_1_351' title='bbox 333 2503 432 2541; x_wconf 89' lang='lat' dir='ltr'>enim</span> <span class='ocrx_word' id='word_1_352' title='bbox 454 2502 614 2540; x_wconf 86' lang='lat' dir='ltr'>fortasse</span> <span class='ocrx_word' id='word_1_353' title='bbox 636 2503 782 2541; x_wconf 85' lang='lat' dir='ltr'>coactis</span> <span class='ocrx_word' id='word_1_354' title='bbox 802 2504 837 2541; x_wconf 86' lang='lat' dir='ltr'>iu</span> <span class='ocrx_word' id='word_1_355' title='bbox 861 2516 976 2540; x_wconf 90' lang='lat' dir='ltr'>unum</span> <span class='ocrx_word' id='word_1_356' title='bbox 998 2503 1119 2554; x_wconf 87' lang='lat' dir='ltr'>copiis</span> <span class='ocrx_word' id='word_1_357' title='bbox 1140 2509 1179 2541; x_wconf 91' lang='lat' dir='ltr'>et</span> <span class='ocrx_word' id='word_1_358' title='bbox 1199 2504 1394 2541; x_wconf 89' lang='lat' dir='ltr'>communi</span> <span class='ocrx_word' id='word_1_359' title='bbox 1417 2505 1577 2555; x_wconf 81' lang='lat' dir='ltr'>expedi-</span> 
     </span>
     <span class='ocr_line' id='line_1_39' title="bbox 109 2564 1578 2615; baseline 0.001 -12"><span class='ocrx_word' id='word_1_360' title='bbox 109 2566 211 2603; x_wconf 87' lang='lat' dir='ltr'>tione</span> <span class='ocrx_word' id='word_1_361' title='bbox 242 2572 422 2615; x_wconf 83' lang='lat' dir='ltr'>suscepta</span> <span class='ocrx_word' id='word_1_362' title='bbox 454 2570 751 2615; x_wconf 83' lang='lat' dir='ltr'>persequentur,</span> <span class='ocrx_word' id='word_1_363' title='bbox 773 2571 813 2602; x_wconf 86' lang='lat' dir='ltr'>et</span> <span class='ocrx_word' id='word_1_364' title='bbox 838 2577 908 2602; x_wconf 87' lang='lat' dir='ltr'>nos</span> <span class='ocrx_word' id='word_1_365' title='bbox 934 2577 1074 2602; x_wconf 85' lang='lat' dir='ltr'>nocere</span> <span class='ocrx_word' id='word_1_366' title='bbox 1101 2565 1171 2602; x_wconf 87' lang='lat' dir='ltr'>sibi</span> <span class='ocrx_word' id='word_1_367' title='bbox 1198 2564 1470 2615; x_wconf 82' lang='lat' dir='ltr'>prohibebunt.</span> <span class='ocrx_word' id='word_1_368' title='bbox 1527 2566 1578 2605; x_wconf 91' lang='lat' dir='ltr'>Et</span> 
     </span>
     <span class='ocr_line' id='line_1_40' title="bbox 107 2625 1574 2677; baseline 0.002 -15"><span class='ocrx_word' id='word_1_369' title='bbox 107 2626 198 2677; x_wconf 91' lang='lat' dir='ltr'>quid</span> <span class='ocrx_word' id='word_1_370' title='bbox 225 2625 430 2677; x_wconf 88' lang='lat' dir='ltr'>optabilius</span> <span class='ocrx_word' id='word_1_371' title='bbox 457 2625 566 2661; x_wconf 90' lang='lat' dir='ltr'>nobis</span> <span class='ocrx_word' id='word_1_372' title='bbox 594 2637 679 2662; x_wconf 87' lang='lat' dir='ltr'>csse</span> <span class='ocrx_word' id='word_1_373' title='bbox 709 2631 827 2675; x_wconf 88' lang='lat' dir='ltr'>queat</span> <span class='ocrx_word' id='word_1_374' title='bbox 851 2638 965 2676; x_wconf 88' lang='lat' dir='ltr'>quam</span> <span class='ocrx_word' id='word_1_375' title='bbox 995 2632 1038 2662; x_wconf 93' lang='lat' dir='ltr'>ut</span> <span class='ocrx_word' id='word_1_376' title='bbox 1068 2625 1267 2674; x_wconf 82' lang='lat' dir='ltr'>congressi</span> <span class='ocrx_word' id='word_1_377' title='bbox 1295 2626 1509 2664; x_wconf 89' lang='lat' dir='ltr'>comminus</span> <span class='ocrx_word' id='word_1_378' title='bbox 1536 2627 1574 2665; x_wconf 87' lang='lat' dir='ltr'>in</span> 
     </span>
     <span class='ocr_line' id='line_1_41' title="bbox 107 2688 1572 2740; baseline 0.001 -12"><span class='ocrx_word' id='word_1_379' title='bbox 107 2690 226 2728; x_wconf 84' lang='lat' dir='ltr'>aciem</span> <span class='ocrx_word' id='word_1_380' title='bbox 248 2689 505 2733; x_wconf 83' lang='lat' dir='ltr'>descendant,</span> <span class='ocrx_word' id='word_1_381' title='bbox 527 2696 563 2726; x_wconf 90' lang='lat' dir='ltr'>et</span> <span class='ocrx_word' id='word_1_382' title='bbox 584 2688 719 2726; x_wconf 90' lang='lat' dir='ltr'>iisdem</span> <span class='ocrx_word' id='word_1_383' title='bbox 741 2689 1032 2727; x_wconf 86' lang='lat' dir='ltr'>difficultatibus</span> <span class='ocrx_word' id='word_1_384' title='bbox 1052 2689 1302 2728; x_wconf 63' lang='lat' dir='ltr'>circun‘iventi</span> <span class='ocrx_word' id='word_1_385' title='bbox 1323 2690 1465 2740; x_wconf 89' lang='lat' dir='ltr'>quibus</span> <span class='ocrx_word' id='word_1_386' title='bbox 1491 2705 1572 2737; x_wconf 87' lang='lat' dir='ltr'>nos,</span> 
     </span>
     <span class='ocr_line' id='line_1_42' title="bbox 107 2749 1572 2801; baseline 0.001 -12"><span class='ocrx_word' id='word_1_387' title='bbox 107 2759 234 2789; x_wconf 87' lang='lat' dir='ltr'>castra</span> <span class='ocrx_word' id='word_1_388' title='bbox 252 2751 380 2789; x_wconf 87' lang='lat' dir='ltr'>locent</span> <span class='ocrx_word' id='word_1_389' title='bbox 397 2750 574 2788; x_wconf 86' lang='lat' dir='ltr'>homines</span> <span class='ocrx_word' id='word_1_390' title='bbox 594 2750 646 2787; x_wconf 91' lang='lat' dir='ltr'>illi</span> <span class='ocrx_word' id='word_1_391' title='bbox 667 2750 914 2801; x_wconf 88' lang='lat' dir='ltr'>incompositi</span> <span class='ocrx_word' id='word_1_392' title='bbox 930 2758 968 2788; x_wconf 89' lang='lat' dir='ltr'>et</span> <span class='ocrx_word' id='word_1_393' title='bbox 985 2763 1031 2787; x_wconf 87' lang='lat' dir='ltr'>ex</span> <span class='ocrx_word' id='word_1_394' title='bbox 1047 2749 1265 2788; x_wconf 87' lang='lat' dir='ltr'>colluvione</span> <span class='ocrx_word' id='word_1_395' title='bbox 1287 2751 1454 2801; x_wconf 84' lang='lat' dir='ltr'>quadam</span> <span class='ocrx_word' id='word_1_396' title='bbox 1477 2765 1572 2790; x_wconf 90' lang='lat' dir='ltr'>con-</span> 
     </span>
     <span class='ocr_line' id='line_1_43' title="bbox 106 2811 1571 2863; baseline 0.001 -13"><span class='ocrx_word' id='word_1_397' title='bbox 106 2813 186 2851; x_wconf 87' lang='lat' dir='ltr'>flati</span> <span class='ocrx_word' id='word_1_398' title='bbox 214 2820 255 2850; x_wconf 88' lang='lat' dir='ltr'>et</span> <span class='ocrx_word' id='word_1_399' title='bbox 281 2813 410 2850; x_wconf 87' lang='lat' dir='ltr'>multis</span> <span class='ocrx_word' id='word_1_400' title='bbox 437 2818 593 2850; x_wconf 79' lang='lat' dir='ltr'>utentes</span> <span class='ocrx_word' id='word_1_401' title='bbox 621 2812 943 2863; x_wconf 72' lang='lat' dir='ltr'>imperatoribus?</span> <span class='ocrx_word' id='word_1_402' title='bbox 1001 2811 1122 2848; x_wconf 89' lang='lat' dir='ltr'>Nullo</span> <span class='ocrx_word' id='word_1_403' title='bbox 1148 2811 1413 2851; x_wconf 80' lang='lat' dir='ltr'>mediusfidius</span> <span class='ocrx_word' id='word_1_404' title='bbox 1441 2814 1571 2852; x_wconf 83' lang='lat' dir='ltr'>labore</span> 
     </span>
     <span class='ocr_line' id='line_1_44' title="bbox 106 2873 1569 2925; baseline -0.001 -13"><span class='ocrx_word' id='word_1_405' title='bbox 106 2875 217 2912; x_wconf 90' lang='lat' dir='ltr'>nobis</span> <span class='ocrx_word' id='word_1_406' title='bbox 245 2880 328 2912; x_wconf 86' lang='lat' dir='ltr'>tota</span> <span class='ocrx_word' id='word_1_407' title='bbox 352 2886 414 2912; x_wconf 84' lang='lat' dir='ltr'>res</span> <span class='ocrx_word' id='word_1_408' title='bbox 438 2874 641 2919; x_wconf 79' lang='lat' dir='ltr'>constabit,</span> <span class='ocrx_word' id='word_1_409' title='bbox 663 2873 730 2911; x_wconf 82' lang='lat' dir='ltr'>sed</span> <span class='ocrx_word' id='word_1_410' title='bbox 756 2873 1038 2924; x_wconf 87' lang='lat' dir='ltr'>quamprimum</span> <span class='ocrx_word' id='word_1_411' title='bbox 1060 2885 1127 2910; x_wconf 85' lang='lat' dir='ltr'>eos</span> <span class='ocrx_word' id='word_1_412' title='bbox 1149 2885 1332 2924; x_wconf 86' lang='lat' dir='ltr'>cogemus</span> <span class='ocrx_word' id='word_1_413' title='bbox 1353 2887 1428 2912; x_wconf 87' lang='lat' dir='ltr'>non</span> <span class='ocrx_word' id='word_1_414' title='bbox 1450 2888 1569 2925; x_wconf 86' lang='lat' dir='ltr'>quum</span> 
     </span>
    </p>
   </div>
   <div class='ocr_carea' id='block_1_3' title="bbox 106 2933 1123 3032">
    <p class='ocr_par' dir='ltr' id='par_1_5' title="bbox 106 2933 1123 3032">
     <span class='ocr_line' id='line_1_45' title="bbox 106 2933 1123 2986; baseline -0.003 -12"><span class='ocrx_word' id='word_1_415' title='bbox 106 2937 178 2974; x_wconf 86' lang='lat' dir='ltr'>illis</span> <span class='ocrx_word' id='word_1_416' title='bbox 201 2935 270 2974; x_wconf 89' lang='lat' dir='ltr'>sed</span> <span class='ocrx_word' id='word_1_417' title='bbox 290 2947 407 2985; x_wconf 89' lang='lat' dir='ltr'>quum</span> <span class='ocrx_word' id='word_1_418' title='bbox 428 2935 536 2974; x_wconf 90' lang='lat' dir='ltr'>nobis</span> <span class='ocrx_word' id='word_1_419' title='bbox 555 2941 814 2986; x_wconf 82' lang='lat' dir='ltr'>opportunum</span> <span class='ocrx_word' id='word_1_420' title='bbox 836 2935 908 2972; x_wconf 85' lang='lat' dir='ltr'>crit</span> <span class='ocrx_word' id='word_1_421' title='bbox 929 2933 1123 2972; x_wconf 84' lang='lat' dir='ltr'>dimicare.</span> 
     </span>
     <span class='ocr_line' id='line_1_46' title="bbox 822 3009 848 3032; baseline 0 -1"><span class='ocrx_word' id='word_1_422' title='bbox 822 3009 848 3032; x_wconf 86' lang='lat' dir='ltr'>M</span> 
     </span>
    </p>
   </div>
  </div>
 </body>
</html>
