1870 3277
245 159 317 192 ‘284
644 154 923 191 lsOCRA'rls
958 153 1219 192 EPISTOLA
1247 156 1293 192 ΙΙ.

248 270 357 295 nemo
388 257 436 294 sit
461 258 629 294 omnium
659 256 722 307 qui
750 257 889 307 saepius
917 270 982 294 eos
1011 256 1312 307 reprehenderit,
1339 270 1460 308 neque
1488 260 1524 295 in
1555 272 1692 310 magno

248 331 331 354 esse
360 317 480 368 pretio
508 318 610 368 apud
634 318 771 368 vulgus
789 325 829 355 et
850 318 1068 355 temerarios
1089 331 1210 356 rerum
1233 319 1500 364 aestimatores‚
1522 320 1589 357 sed
1612 320 1693 357 illo-

250 392 330 415 rum
351 379 434 416 aliis
455 379 627 429 ignotum
648 392 748 422 esse,
765 379 847 416 aliis
863 392 972 429 aeque
989 379 1149 417 invisum
1171 392 1215 416 ac
1236 386 1286 417 te.
1345 379 1432 417 Hoc
1451 388 1576 418 tamen
1597 381 1695 419 inter

251 453 320 477 nos
348 440 517 484 interest,
537 440 642 490 quod
671 440 734 478 tibi
763 441 970 491 potentiam
999 449 1037 478 et
1064 453 1155 491 opes
1182 440 1368 485 invident,
1389 441 1477 478 mihi
1505 442 1606 491 quod
1634 456 1694 480 me

252 501 326 539 illis
346 501 617 552 sapientiorem
640 514 725 538 esse
745 502 938 552 profiteor,
958 502 1163 553 pluresque
1183 508 1274 539 sunt
1302 501 1363 553 qui
1385 514 1469 539 mea
1489 511 1694 540 consuetu·

251 563 338 600 dine
357 575 470 613 quam
492 562 641 599 illorum
662 562 910 600 delectentur.
969 562 1124 601 Utinam
1142 576 1229 601 vero
1249 570 1325 600 tam
1343 562 1455 600 facile
1475 563 1564 599 mihi
1580 571 1695 608 esset,

251 637 362 674 quam
385 624 464 669 tibi,
485 631 711 674 conceptam
732 624 779 661 de
798 624 906 662 nobis
927 623 1028 675 vulgi
1056 624 1271 674 opinionem
1301 624 1466 662 abolere.
1525 624 1638 661 Nunc
1656 624 1695 661 id

251 686 404 737 quidem
426 685 463 722 in
483 692 548 722 tua
566 698 679 722 manu
699 693 769 728 est,
792 685 905 723 modo
925 685 1031 730 velis,
1053 685 1141 722 mibi
1163 699 1253 723 vero
1274 693 1352 722 tum
1374 692 1530 736 propter
1549 686 1695 723 senium

253 757 331 784 tum
355 747 524 798 pluribus
544 746 627 784 aliis
649 746 696 784 de
715 747 840 784 causis
860 746 949 784 boni
969 747 1122 784 fortuna
1141 760 1225 784 mea
1245 755 1303 784 est
1321 747 1571 784 consulenda.

310 810 366 847 10.
399 808 486 846 Non
503 807 615 846 video
635 808 747 859 plura
767 808 893 846 dicere
910 822 1090 860 quorsum
1108 810 1281 854 attineat,
1299 809 1371 847 hoc
1394 816 1520 846 tamen
1541 809 1696 854 addam,

250 871 362 908 licere
377 870 484 907 vobis
505 883 663 920 regnum
682 876 847 907 vestrum
869 882 913 907 ac
934 870 1154 908 felicitatem
1171 870 1397 908 Graecorum
1416 870 1695 909 benevolentiae

252 939 434 983 tanquam
455 931 670 982 depositum
689 930 972 969 commendare.
