1870 3277
251 179 323 216 196
831 175 1120 214 lSOCRATlS

246 279 369 317 ctari?
404 291 529 330 neque
553 278 692 317 liberos
722 285 874 316 nostros
908 292 954 316 ea
980 292 1047 330 spe
1076 291 1153 329 qua
1179 290 1246 316 eos
1275 277 1516 328 suscepimus
1548 275 1720 319 educari,

242 340 312 379 sed
343 340 484 379 multos
503 341 553 380 ob
575 354 711 392 parvas
743 340 933 391 quasdam
959 340 1198 379 ratiunculas
1228 338 1396 377 servire?
1427 338 1519 376 alios
1545 339 1597 376 ire
1625 350 1722 375 mer-

245 402 343 441 cede
358 402 528 441 locatum
545 416 654 441 suam
670 415 840 453 operam,
858 402 954 441 alios
972 410 1013 440 ut
1026 403 1188 453 quisque
1203 409 1331 452 potest
1347 401 1488 439 victum
1504 399 1722 450 quaeritare,

246 464 357 502 aliter
376 478 492 516 quam
514 472 553 503 et
584 464 706 515 gloria
725 464 910 515 majorum
930 472 969 501 et
990 477 1062 502 sua
1087 473 1181 502 oetas
1203 471 1242 501 et
1268 471 1485 501 nostrorum
1507 462 1720 499 animorum

247 526 475 576 magnitudo
506 523 758 577 postulabat?
817 524 920 562 Illud
953 534 1083 563 autem
1114 539 1267 563 omnem
1299 523 1445 563 doloris
1476 522 1723 561 acerbitatem

246 588 381 634 vincit,
403 589 433 626 si
451 589 534 639 quis
557 588 684 626 videat
701 600 722 624 a
737 600 777 625 se
800 586 964 625 invicem
987 588 1115 625 divelli
1137 601 1215 626 non
1235 587 1338 625 cives
1359 594 1512 625 tantum
1528 583 1725 627 acivibus,

249 649 319 688 sed
341 657 380 687 et
415 663 551 688 uxores
574 663 595 687 a
615 648 760 687 maritis
790 655 827 686 et
849 648 947 687 filias
969 662 990 687 a
1010 650 1211 694 matribus,
1239 657 1278 688 et
1303 656 1424 687 totam
1455 646 1725 699 cognationem

247 712 438 762 dissipari,
474 711 579 763 quod
612 718 827 749 nostrorum
859 711 998 749 civium
1029 711 1161 749 multis
1188 712 1237 750 ob
1271 718 1486 762 egestatem
1524 708 1726 746 usuvenit:

249 773 374 811 victus
391 773 492 811 enim
509 772 725 811 communis
742 773 906 811 amissus
927 772 1058 811 effecit
1072 780 1114 811 ut
1131 786 1199 824 spe
1214 773 1363 825 privata
1384 771 1527 823 singuli
1541 770 1727 808 nitantur.

249 836 307 874 Ac
327 849 395 874 vos
417 849 464 873 ne
493 843 634 874 caetera
662 833 822 885 quidem
847 835 987 886 probra
1014 835 1191 886 ignorare
1223 835 1384 872 arbitror
1410 847 1498 884 quae
1522 839 1729 883 paupertas

250 905 292 936 et
319 898 499 936 exsilium
527 897 706 943 afferunt,
728 910 816 947 quae
844 910 928 944 nos,
956 897 1028 935 etsi
1055 896 1254 935 molestius
1283 897 1413 934 animo
1444 908 1559 945 quam
1587 902 1730 932 caetera

255 958 358 997 mala
379 958 547 1005 ferimus,
567 966 699 996 tamen
720 957 875 995 silentio
896 957 1151 1009 praeterimus,
1173 971 1250 996 non
1272 957 1382 996 nimis
1405 963 1583 995 accurate
1604 956 1642 993 in
1663 968 1728 994 ca-

253 1019 448 1059 lamitates
468 1026 618 1058 nostras
639 1019 910 1069 inquirendum
931 1033 1018 1058 esse
1041 1020 1125 1057 rati.

307 1082 374 1118 20.
406 1081 573 1119 Oramus
593 1088 722 1118 autem
752 1086 797 1118 ut
823 1079 897 1131 ipsi
924 1094 992 1118 vos
1015 1080 1082 1118 illa
1105 1080 1398 1119 considerantes
1426 1080 1593 1132 aliquam
1613 1079 1734 1117 nostri

251 1155 384 1180 curam
404 1142 635 1194 suscipiatis.
693 1141 778 1180 Nec
797 1142 901 1180 enim
921 1142 1030 1181 vobis
1060 1142 1172 1181 alieni
1193 1157 1342 1189 sumus,
1365 1143 1433 1181 sed
1455 1156 1544 1181 curn
1565 1143 1733 1180 benevo-

252 1204 371 1242 lentia
388 1204 556 1243 universi
575 1203 774 1243 vobiscum
792 1204 1005 1256 conjuncti,
1021 1212 1103 1242 tum
1124 1206 1358 1256 cognatione
1374 1205 1541 1243 maxima
1558 1211 1732 1242 nostrum

252 1279 368 1317 pars-3
400 1279 489 1304 nam
509 1275 664 1318 propter
678 1278 909 1304 concessum
930 1266 1123 1305 affinitatis
1138 1267 1203 1318 jus
1224 1281 1244 1305 e
1265 1275 1479 1306 vestrorum
1500 1266 1639 1305 civium
1660 1266 1733 1303 fili-

254 1329 351 1367 abus
372 1328 546 1379 plerique
572 1327 652 1366 nati
677 1341 835 1367 sumus:
867 1341 986 1380 quare
1008 1329 1116 1367 vobis
1142 1342 1218 1367 non
1239 1330 1330 1368 licet
1354 1343 1401 1367 ea
1420 1329 1617 1380 negligere
1644 1341 1733 1379 quae

253 1390 411 1441 petituri
431 1391 618 1429 venimus.
651 1390 757 1434 Quid
776 1391 878 1428 enim
900 1391 1006 1429 fieret
1026 1390 1370 1437 inconvenientius,
1388 1405 1505 1443 quam
1518 1405 1601 1437 vos,
1615 1404 1733 1441 quum

257 1452 350 1490 olim
369 1459 509 1491 vestrae
540 1452 677 1504 patriae
702 1452 768 1503 jus
801 1453 912 1491 nobis
943 1453 1140 1500 dederitis,
1173 1467 1276 1492 nnnc
1311 1461 1483 1491 nostram
1513 1454 1647 1491 urbem
1679 1465 1734 1490 re-

256 1514 492 1552 stituendam
526 1528 605 1552 non
641 1513 832 1552 censere?
890 1514 1043 1553 Deinde
1077 1528 1149 1553 nec
1188 1515 1285 1553 illud
1318 1523 1625 1554 consentaneum
1664 1522 1736 1562 est,

255 1592 376 1630 quum
397 1579 654 1630 singulorum,
676 1592 774 1630 quos
795 1578 856 1616 vel
888 1579 1053 1617 fortunae
1079 1580 1276 1618 temeritas
1304 1579 1434 1618 afflixit
1452 1579 1513 1618 vel
1536 1579 1735 1617 hominum

254 1641 417 1692 injuriae,
445 1641 723 1685 misereamini;
755 1647 875 1679 totam
905 1641 1054 1689 urbem,
1080 1641 1134 1680 sic
1162 1649 1299 1680 contra
1327 1654 1482 1680 ornnem
1512 1641 1734 1693 aequitatem

257 1716 446 1751 eversam,
468 1704 561 1742 nihil
590 1704 747 1742 omnino
769 1703 1042 1742 misericordiae
1065 1717 1178 1756 posse
1196 1718 1219 1743 a
1238 1705 1347 1743 vobis
1375 1705 1592 1756 impetrare,
1615 1716 1733 1757 quum

256 1765 473 1816 praesertim
503 1765 554 1803 ad
584 1773 750 1804 vestram
779 1765 895 1804 fidem
926 1766 1160 1816 confugerit,
1190 1774 1229 1804 et
1257 1767 1364 1805 vobis
1391 1767 1556 1805 antehac
1585 1779 1736 1817 semper

259 1827 471 1878 gloriosum
487 1835 526 1866 et
546 1827 801 1866 honorificum
822 1828 937 1866 fuerit
955 1828 1175 1879 supplicum
1195 1842 1281 1867 esse
1300 1829 1493 1868 misertos.

314 1891 381 1928 21.
412 1890 516 1928 Nam
545 1893 709 1939 majores
739 1890 858 1928 vestri
881 1889 1113 1940 Argivorum
1140 1891 1335 1941 precibus,
1356 1891 1421 1942 qui
1449 1890 1644 1942 supplices
1666 1903 1735 1942 pe-

257 1952 398 1991 tierant
435 1959 480 1990 ut
511 1953 583 1990 sub
617 1951 792 1990 Cadmea
825 1952 1049 1990 interfectos
1082 1952 1277 1999 tollerent,
1313 1953 1487 1999 adducti,
1521 1952 1736 1990 Thebanos

259 2015 431 2066 aequiora
451 2014 559 2065 sequi
578 2013 741 2053 consilia
760 2027 881 2065 quum
901 2013 1134 2064 coegissent,
1155 2028 1232 2052 non
1253 2015 1325 2066 ipsi
1346 2015 1471 2053 solum
1491 2015 1566 2054 illis
1587 2022 1736 2066 tempo-

258 2079 363 2116 ribus
383 2077 618 2123 claruerunt,
638 2077 706 2115 sed
727 2077 810 2114 urbi
827 2076 944 2115 etiam
964 2084 1105 2114 vestrae
1126 2076 1380 2115 immortalem
1395 2077 1554 2128 gloriam
1570 2077 1606 2114 in
1623 2090 1737 2114 omne

260 2138 445 2189 deinceps
466 2151 594 2177 aevum
620 2138 871 2189 reliquerunt,
893 2150 981 2189 quae
1000 2137 1111 2175 vobis
1136 2150 1240 2174 nunc
1261 2145 1404 2176 temere
1425 2138 1639 2176 amittenda
1658 2151 1735 2176 non

259 2207 332 2239 est.
390 2200 545 2238 Etenim
565 2206 676 2251 turpe
699 2201 764 2246 sit,
786 2201 891 2238 facta
916 2197 1106 2249 majorum
1135 2199 1206 2236 sibi
1226 2199 1332 2238 laudi
1362 2200 1564 2247 ducentes,
1583 2200 1734 2239 interim

259 2274 376 2301 secus
396 2261 444 2299 de
468 2261 710 2313 supplicibus
733 2268 915 2300 statuere.
1718 2269 1720 2272 '

314 2325 382 2361 22.
412 2323 634 2361 Praesertim
654 2337 774 2374 quum
796 2337 864 2361 nos
886 2332 1043 2377 propter
1071 2337 1131 2363 res
1159 2325 1281 2363 multo
1306 2325 1471 2377 majores
1490 2331 1528 2364 et
1547 2326 1737 2377 aequiores

260 2386 370 2425 vobis
400 2385 685 2437 supplicemus:
718 2398 807 2424 nam
837 2386 904 2431 illi,
931 2400 1050 2438 quum
1079 2386 1186 2438 prius
1216 2386 1381 2425 alienam
1409 2387 1593 2425 ditionem
1619 2401 1739 2440 oppu-

261 2455 461 2501 gnassent,
482 2461 550 2486 vos
569 2455 770 2499 rogarunt,
793 2461 878 2494 nOS,
899 2449 1023 2500 patria
1041 2454 1175 2486 nostra
1196 2448 1360 2492 amissa;
1392 2448 1447 2486 illi
1466 2462 1535 2487 vos
1557 2448 1606 2486 ad
1636 2462 1737 2487 mor-

263 2519 415 2550 tuorum
443 2510 682 2562 sepulturam
707 2511 915 2560 vocabant,
940 2523 1010 2549 nos
1035 2510 1084 2548 ad
1111 2509 1357 2560 reliquiarum
1389 2511 1737 2549 conservationem.

264 2573 404 2624 Neque
423 2585 514 2611 vero
531 2585 598 2623 par
620 2585 665 2610 ac
685 2570 805 2609 simile
820 2577 880 2610 est
895 2571 1095 2623 sepultura
1113 2571 1307 2622 prohiberi
1327 2578 1500 2610 mortuos
1514 2580 1553 2610 et
1567 2572 1737 2610 viventes

263 2634 388 2686 patria
408 2633 654 2684 fortunisque
666 2633 844 2671 omnibus
859 2633 1029 2684 spoliari,
1046 2646 1093 2671 ac
1107 2632 1204 2671 illud
1223 2632 1380 2683 quidem
1394 2633 1438 2671 iis
1453 2633 1518 2684 qui
1533 2633 1739 2684 prohibent

263 2695 580 2736 contumeliosius
602 2703 664 2734 est
685 2707 803 2746 quam
823 2694 869 2732 iis
890 2694 956 2746 qui
983 2694 1248 2747 prohibentur,
1277 2693 1347 2731 sed
1368 2693 1450 2732 sine
1481 2693 1560 2732 ullo
1579 2701 1737 2747 receptu

262 2764 459 2798 carentem
480 2757 604 2807 patria
630 2756 794 2808 singulis
822 2756 959 2795 diebus
979 2755 1099 2808 affligi
1119 2763 1160 2794 et
1183 2754 1262 2793 suis
1283 2767 1396 2806 opem
1417 2754 1516 2793 adeo
1541 2755 1638 2794 ferre
1660 2769 1737 2794 non

265 2832 393 2872 posse,
416 2826 456 2857 ut
475 2831 569 2856 cura
589 2818 637 2856 de
658 2818 713 2857 eis
733 2817 953 2870 abjicienda
984 2818 1046 2865 sit,
1074 2830 1258 2870 quorsum
1279 2816 1406 2855 dicere
1435 2817 1572 2856 attinet
1591 2825 1737 2869 quanto

265 2882 314 2920 sit
335 2881 419 2919 aliis
439 2879 724 2919 calamitatibus
745 2879 950 2918 acerbius?

320 2945 383 2981 23.
416 2943 661 2994 Quapropter
693 2941 799 2980 vobis
833 2941 1021 2981 universis
1050 2940 1316 2993 supplicamus
1348 2948 1390 2979 ut
1421 2940 1530 2980 nobis
1561 2948 1732 2980 nostrum
