1870 3277
248 197 325 231 2170·
849 192 1090 231 LYCURGI

244 296 401 346 patriam
433 295 565 339 acturi,
597 307 671 332 non
698 301 757 331 est
775 294 880 344 quod
900 294 1084 344 deinceps
1114 305 1261 344 poenam
1292 294 1338 331 ab
1368 293 1459 344 ipsis
1489 295 1686 334 sceleratis

245 357 423 396 sumatis:
454 357 665 406 superiores
689 356 786 394 enim
808 356 1015 394 redduntur
1034 367 1147 406 quam
1175 363 1217 393 ut
1242 356 1288 392 ab
1315 355 1359 392 iis
1385 368 1480 406 quos
1507 357 1687 396 laeserunt

247 418 435 469 supplicio
455 417 551 456 affici
573 418 734 468 possint.

302 481 364 515 31.
397 479 574 528 Cogitate
595 480 706 529 igitur
726 478 763 515 in
793 479 931 522 animo,
955 478 1119 528 judices,
1147 477 1260 527 digne
1288 478 1358 516 hac
1385 477 1622 528 providentia
1648 488 1686 518 et

248 542 423 594 operibus
443 556 512 580 nec
541 543 679 579 tradite
711 542 887 579 oblivioni
919 543 953 578 in
982 542 1170 580 sententia
1191 550 1316 579 vestra
1335 542 1504 592 qualium
1522 543 1684 581 virorum

249 604 398 642 soboles
419 606 512 649 sitis,
534 619 660 642 verum
683 605 934 642 adhortamini
953 617 1020 642 vos
1042 606 1144 656 ipsos
1164 613 1205 641 ut
1225 605 1360 642 similia
1379 605 1450 642 illis
1471 612 1508 643 et
1527 619 1686 645 consen-

248 673 361 704 tanea
378 666 561 704 hodierno
580 666 640 702 die
661 665 907 703 decernentes
928 678 949 704 e
970 666 1051 703 foro
1071 667 1330 717 egrediamini.
1379 666 1539 704 Habetis
1559 676 1684 706 autem

250 734 494 764 monumenta
514 734 552 764 et
577 726 751 777 exempla
775 726 923 764 illorum
954 727 1144 777 supplicii,
1176 729 1361 779 majorum
1389 740 1526 778 nempe
1545 736 1688 768 vestro-

252 801 348 834 rum,
378 802 463 839 quae
496 798 586 826 sunt
616 789 652 826 in
682 788 984 839 delinquentium
1014 788 1176 827 decretis
1207 790 1381 827 definita:
1425 790 1622 841 dejerastis
1650 793 1687 829 in

251 850 405 888 decreto
435 864 500 901 per
533 850 840 900 Demophantum
872 851 973 888 facto
1003 863 1069 888 vos
1100 852 1293 889 occisuros
1321 865 1407 889 eum
1436 853 1498 902 qui
1529 854 1686 904 patriam

249 911 428 962 psoderet
459 919 497 949 et
516 913 630 949 verbo
651 919 688 948 et
707 924 821 962 opere
841 918 880 948 et
901 924 1015 948 manu
1033 911 1242 962 etjudicio.
1289 912 1422 962 Neque
1441 914 1539 951 enim
1560 915 1687 953 existi-

250 972 361 1009 metis
381 972 619 1017 facultatum,
640 985 735 1022 quas
757 972 917 1022 majores
938 972 1050 1010 vestri
1068 972 1297 1022 reliquerint,
1312 986 1380 1011 vos
1400 974 1561 1012 heredes
1581 987 1686 1013 esse:

251 1040 572 1071 sacramentorum
601 1040 729 1070 autem
758 1041 795 1070 et
822 1033 908 1071 fidei
941 1046 1054 1084 quam
1081 1033 1216 1071 dantes
1243 1042 1366 1084 patres
1393 1035 1508 1072 nostri
1540 1048 1606 1086 pro
1632 1037 1689 1087 pi-

251 1107 368 1143 gnore
397 1094 468 1132 diis
502 1094 776 1132 immortalibus
813 1094 974 1145 publicae
1005 1094 1107 1132 urbis
1133 1094 1320 1133 felicitatis
1340 1103 1446 1133 erant
1475 1097 1690 1148 participes,

252 1155 364 1206 hujus
386 1168 461 1193 non
484 1168 567 1193 esse
589 1155 763 1193 heredes.

309 1218 372 1253 32.
404 1218 491 1255 Non
510 1217 625 1255 modo
644 1224 772 1255 autem
793 1219 881 1256 urbs
900 1225 1023 1255 vestra
1039 1218 1091 1255 sic
1114 1217 1248 1255 affecta
1268 1218 1339 1256 fuit
1358 1231 1448 1269 erga
1468 1218 1691 1270 proditores,

254 1291 384 1316 verum
403 1279 515 1316 etiarn
539 1279 838 1316 Lacedaemonii,
895 1279 1031 1329 Neque
1053 1279 1142 1316 mihi
1171 1280 1452 1324 succensebitis,
1477 1279 1639 1330 judices,
1659 1281 1690 1318 si

255 1340 394 1390 saepius
414 1339 547 1377 horum
563 1340 727 1377 virorum
747 1341 977 1378 mentionem
999 1341 1146 1378 fecero:
1176 1340 1378 1378 honestum
1400 1349 1457 1378 est
1472 1342 1569 1378 enim
1588 1342 1690 1379 urbis

253 1400 402 1451 legibus
432 1402 530 1439 bene
560 1402 774 1439 constitutae
808 1401 854 1438 de
888 1402 930 1439 iis
960 1414 1045 1452 quae
1072 1401 1178 1452 justa
1209 1408 1299 1438 sunt
1328 1402 1500 1452 exempla
1531 1415 1691 1440 sumere.

253 1464 387 1501 Tutius
407 1464 507 1502 enim
521 1464 598 1501 hoc
612 1472 724 1514 pacto
738 1464 894 1513 quilibet
909 1472 1074 1501 vestrum
1090 1464 1231 1514 justam
1253 1471 1290 1502 et
1304 1465 1446 1502 firmam
1466 1466 1691 1503 sententiam

256 1526 405 1563 dixerit.
463 1525 691 1563 Pausaniam
713 1526 811 1563 enim
835 1538 960 1575 regem
983 1538 1090 1562 suum
1112 1525 1334 1575 prodentem
1356 1525 1482 1563 Persae
1502 1526 1690 1564 Graeciam

253 1587 461 1638 capiente5‚
476 1587 525 1624 ad
539 1586 724 1637 templum
738 1587 919 1625 Minervae
935 1586 998 1623 ubi
1013 1586 1264 1636 confugisset,
1277 1586 1435 1637 januam
1450 1588 1691 1626 obstruentes

253 1656 291 1685 et
306 1648 457 1685 culmen
472 1648 715 1685 destruentes
730 1648 947 1697 circumque
962 1647 1062 1685 circa
1077 1647 1298 1685 obsidentes
1311 1660 1384 1685 non
1400 1649 1504 1698 prius
1519 1648 1693 1686 abierunt

255 1722 369 1760 quam
396 1709 496 1747 fame
523 1716 764 1754 enecassent,
785 1709 1300 1759 omnibusqueperspicuum
1330 1709 1557 1760 supplicium
1581 1710 1691 1749 fecis-

257 1777 354 1817 sent,
382 1770 483 1820 quod
513 1782 637 1822 neque
667 1771 825 1808 deorum
854 1770 995 1807 auxilia
1024 1770 1279 1821 proditoribus
1307 1783 1416 1821 opem
1447 1771 1585 1809 ferunt.
1643 1772 1692 1809 Et

257 1832 408 1869 merito:
438 1831 530 1868 nihil
550 1832 650 1869 enim
669 1833 780 1870 citius
799 1831 1024 1882 delinquunt
1040 1832 1206 1883 quam·in
1223 1832 1319 1870 de'os'
1331 1834 1420 1869 sunt
1433 1832 1548 1882 impii,
1564 1833 1692 1884 patriis

257 1893 391 1930 ritibus
412 1899 449 1930 et
469 1892 703 1931 caeremoniis
723 1893 901 1943 legitimis
922 1892 1069 1944 seipsos
1088 1893 1291 1944 privantes.
1318 1893 1547 1931 vMaximum
1569 1901 1695 1932 autem

257 1967 378 1992 rerum
401 1956 448 1992 ab
468 1955 559 2005 ipsis
580 1961 805 1993 statutarum
832 1954 1012 1992 indicium
1040 1962 1100 1993 est
1127 1955 1228 2006 quod
1250 1955 1421 1992 dicturus
1440 1968 1540 1992 sum:
1571 1955 1693 2006 legem

258 2015 354 2052 enim
376 2015 541 2053 tulerunt
561 2016 609 2054 de
634 2017 807 2054 omnibus
834 2016 1053 2054 nolentibus
1077 2030 1144 2067 pro
1169 2017 1291 2067 patria
1319 2016 1443 2054 subire
1469 2017 1692 2067 periculum,

258 2076 382 2126 palam
408 2075 706 2115 ¹demandantem
738 2084 779 2114 ut
810 2077 1036 2120 morientum
1077 2078 1126 2115 ad
1157 2077 1248 2115 illud
1279 2078 1404 2128 ipsum
1433 2090 1585 2128 poenam
1616 2086 1694 2116 sta-

258 2144 420 2184 tuentes,
453 2139 556 2187 quod
588 2139 749 2177 maxime
784 2145 968 2183 metuunt,
1002 2146 1117 2189 atque
1151 2138 1326 2184 salutem,
1357 2152 1472 2190 quam
1504 2139 1695 2189 fugientes

259 2198 399 2235 bellum
427 2199 683 2249 quaesiverunt
711 2200 931 2249 transfugae,
960 2199 1128 2251 periculo
1161 2212 1245 2237 cum
1273 2200 1409 2250 probro
1438 2199 1694 2250 subjecerunt.

262 2259 314 2296 Ut
333 2266 457 2297 autem
477 2259 606 2297 sciatis
625 2272 684 2297 me
704 2272 916 2298 sermonem
937 2260 1315 2299 indemonstrabilem
1335 2260 1433 2298 haud
1455 2260 1605 2306 dixisse,
1626 2261 1692 2299 sed

261 2320 436 2370 exempla
454 2321 612 2358 veritate
631 2321 866 2366 confirmata,
886 2333 955 2371 age
975 2321 1092 2359 recita
1111 2321 1200 2372 ipsis
1219 2320 1357 2371 legem.

923 2423 1040 2460 LEX.

264 2499 482 2550 Expendite
502 2506 644 2547 autem,
669 2500 772 2551 quod
799 2501 900 2538 bona
923 2500 972 2538 sit
997 2500 1073 2546 lex,
1095 2501 1174 2547 viri,
1195 2507 1233 2539 et
1259 2501 1362 2540 utilis·
1382 2513 1457 2539 non
1477 2500 1592 2538 modo
1609 2500 1696 2546 illis,

261 2574 390 2599 verum
415 2562 527 2600 etiam
556 2563 639 2601 aliis
663 2562 893 2601 horninibus.
953 2562 1082 2599 Metus
1110 2562 1210 2600 enim
1235 2563 1372 2602 civium
1401 2575 1487 2601 cum
1517 2568 1694 2601 strenuus

263 2623 325 2667 sit,
344 2630 458 2674 coget
478 2635 544 2661 eos
560 2623 760 2662 adversum
782 2624 913 2662 hostes
933 2623 1100 2674 pericula
1122 2624 1321 2662 sustinere.
1382 2620 1476 2667 Quis
1495 2623 1594 2660 enim
1615 2635 1696 2661 cer-

261 2695 355 2720 nens
375 2689 496 2721 morte
517 2683 737 2723 damnatum
756 2684 987 2736 proditorem
1006 2684 1044 2721 in
1064 2683 1244 2735 periculis
1263 2684 1421 2736 patriam
1437 2683 1612 2722 deseret?
1631 2691 1697 2722 aut

260 2744 344 2793 quis
376 2753 512 2795 praeter
538 2746 848 2784 commoditatem
877 2747 983 2784 urbis
1009 2745 1125 2783 vitam
1151 2755 1259 2783 suam
1288 2746 1420 2797 patriae
1452 2745 1563 2783 saluti
1589 2753 1694 2783 ante·

261 2806 371 2853 feret,
389 2820 596 2858 praesertim
616 2821 733 2859 quum
755 2809 851 2847 sciat
872 2809 942 2847 sibi
961 2808 1193 2859 propositam
1215 2808 1385 2859 poenam?
1421 2808 1576 2846 Nullam
1597 2808 1695 2845 enim

261 2867 373 2906 aliam
404 2869 614 2908 timiditatis
645 2883 796 2922 poenam
830 2883 913 2909 esse
947 2870 1061 2908 debet
1093 2882 1206 2920 quam
1240 2876 1417 2907 mortem:
1461 2876 1695 2919 compertum

260 2930 360 2968 enim
381 2927 580 2976 habentes,
609 2932 711 2982 quod
736 2932 887 2971 duobus
913 2931 1114 2984 propositis
1141 2931 1416 2970 discriminibus
1437 2931 1693 2969 necessarium
