1870 3277
766 456 1098 513 GORGIAE

572 612 861 662 HELENAE
900 612 1172 662 ENCOMI
1184 611 1301 660 UM.

870 754 999 761 —-

260 841 291 879 l.
319 842 473 878 Uanmr
495 840 715 880 decentviri
732 840 862 886 fortes,
876 852 1017 890 corpus
1034 838 1268 889 pulcritudo,
1283 838 1452 875 animum
1467 837 1671 888 sapientia,

200 903 346 941 factum
369 903 499 947 virtus,
522 910 560 940 et
586 914 801 939 sermonem
822 901 985 938 veritas:
1017 900 1154 937 horum
1178 907 1306 936 autem
1334 899 1527 936 contraria
1550 899 1669 936 dede·

201 972 304 1002 cent.
334 964 422 1002 Jam
443 964 580 1009 virum,
601 964 798 1008 feminam,
824 975 1056 1008 sermonem,
1077 974 1191 1012 opus,
1211 961 1359 1006 urbem,
1380 967 1497 1010 atque
1525 960 1671 997 factum

201 1025 329 1071 decet,
352 1027 382 1063 si
407 1025 560 1063 laudem
580 1032 789 1069 merentur,
819 1024 1027 1069 celebrare,
1056 1023 1087 1060 si
1119 1035 1194 1059 non
1223 1029 1434 1067 merentur,
1463 1021 1670 1072 reprehen-

201 1086 318 1124 dere:
350 1095 410 1124 est
430 1087 530 1124 enim
559 1085 735 1137 ejusdem
758 1085 890 1124 delicti
913 1092 1031 1135 atque
1059 1083 1222 1122 inscitiae
1252 1090 1332 1121 tum
1354 1083 1553 1120 laudanda
1571 1083 1671 1120 vitu-

200 1160 334 1199 perare
367 1155 449 1186 tum
480 1148 636 1186 laudare
670 1147 935 1198 vituperanda.
996 1146 1079 1183 Nec
1114 1158 1192 1183 non
1223 1144 1396 1196 ejusdem
1423 1151 1483 1181 est
1505 1151 1544 1181 et
1566 1144 1670 1193 quod

200 1224 355 1261 aequum
378 1211 428 1248 sit
447 1209 576 1248 dicere
597 1216 636 1247 et
656 1222 722 1248 eos
740 1209 915 1247 refellere
936 1208 1001 1259 qui
1022 1207 1215 1245 Helenam
1238 1206 1539 1258 reprehendunt,
1561 1206 1672 1257 cujus

200 1271 325 1309 cladis
346 1271 573 1309 memoriam
606 1278 645 1309 et
669 1278 871 1321 poetarum
893 1271 990 1307 fides
1022 1276 1061 1307 et
1086 1269 1252 1307 nominis
1284 1269 1386 1306 fama
1413 1282 1491 1307 uno
1520 1282 1676 1307 conser-

201 1335 306 1373 vavit
337 1348 418 1373 ore.
476 1335 622 1372 Verum
645 1347 719 1385 ego
746 1334 863 1371 firmis
895 1333 1109 1372 rationibus
1139 1339 1220 1370 tum
1248 1346 1345 1378 eam,
1369 1346 1456 1383 quae
1484 1332 1674 1370 hactenus

201 1397 304 1435 male
336 1397 471 1442 audiit,
502 1397 618 1448 culpa
648 1396 737 1435 volo
768 1397 943 1441 liberare,
979 1403 1061 1433 tum
1089 1402 1336 1433 accusatores
1370 1395 1561 1433 mendacii
1581 1407 1674 1432 con-

203 1459 370 1504 vincere,
389 1466 505 1508 atque
524 1466 658 1508 aperta
680 1458 838 1495 veritate
861 1457 1050 1495 inscitiam
1071 1456 1222 1494 illorum
1244 1457 1391 1494 tollere.

256 1522 295 1558 2.
326 1520 383 1556 Ae
415 1519 581 1569 primum
617 1518 769 1568 generis
804 1519 951 1556 ratione
983 1518 1127 1567 primas
1159 1531 1259 1562 eam,
1288 1518 1336 1554 de
1363 1531 1440 1567 qua
1468 1518 1675 1568 loquimur,

200 1581 300 1618 inter
321 1580 421 1617 viros
443 1593 489 1617 ac
511 1579 689 1616 mulieres
710 1579 858 1624 tulisse,
879 1591 928 1615 ne
948 1578 1079 1628 paucis
1100 1577 1254 1628 quidem
1274 1585 1334 1615 est
1354 1578 1543 1628 ignotum.
1577 1580 1674 1622 Quis

202 1643 305 1680 enim
329 1642 453 1679 nescit
473 1642 507 1679 ei
527 1649 688 1679 matrem
715 1640 836 1678 fuisse
858 1640 1017 1685 Ledam,
1035 1647 1184 1691 patrem
1206 1648 1334 1678 autem
1357 1641 1520 1679 alterum
1542 1643 1673 1689 deum,

202 1704 368 1742 alterum
398 1703 608 1749 hominem,
629 1702 853 1755 Tyndarum
874 1716 919 1740 ac
947 1702 1100 1748 Jovem,
1121 1715 1286 1753 quorum
1317 1702 1413 1741 alter
1432 1704 1551 1750 visus,
1579 1704 1676 1743 alter

201 1779 252 1804 ex
273 1765 441 1804 dictione
463 1765 729 1817 deprehensus
751 1765 836 1811 fuit,
855 1772 1014 1815 eratque
1035 1764 1098 1802 ille
1117 1765 1283 1803 virorum
1304 1766 1486 1816 optimus,
1506 1766 1567 1804 hic
1593 1781 1674 1805 om-

202 1829 309 1866 nium
327 1827 524 1865 dominus.
582 1827 640 1864 Ex
660 1827 799 1878 quibus
817 1834 1007 1878 prognata
1021 1840 1108 1864 cum
1129 1834 1244 1872 esset,
1263 1827 1431 1866 divinam
1448 1829 1582 1866 habuit
1594 1830 1678 1880 pul-

201 1889 444 1935 critudinem,
460 1902 575 1939 quam
591 1902 668 1926 non
688 1890 852 1926 obscure
870 1889 972 1926 tulit.
1029 1889 1159 1932 Quare
1176 1889 1334 1926 multam
1353 1890 1390 1927 in
1409 1891 1536 1928 multis
1552 1891 1678 1930 effecit

201 1951 417 1996 libidinem,
438 1958 554 2002 atque
576 1963 654 1988 uno
680 1963 841 2001 corpore
863 1951 985 1988 multa
1004 1950 1170 1988 virorum
1204 1964 1366 2001 corpora
1392 1953 1591 2000 conduxit,
1611 1956 1675 2005 qui

203 2026 367 2064 magnas
389 2014 437 2050 ob
458 2025 518 2050 res
540 2012 743 2063 magnifice
765 2012 835 2050 sibi
857 2012 1066 2063 placerent,
1090 2019 1207 2063 atque
1229 2013 1291 2050 alii
1309 2013 1524 2052 divitiarum
1545 2017 1674 2068 copia,

207 2075 271 2113 alii
306 2075 466 2126 antiqua
493 2074 705 2118 nobilitate,
739 2073 915 2111 nonnulli
947 2075 1102 2125 propria
1127 2074 1362 2120 fortitudine,
1396 2077 1552 2126 quidam
1585 2091 1677 2116 con-

205 2137 349 2188 quisita
361 2136 552 2187 pollerent
566 2135 784 2186 prudentia,
797 2136 860 2186 qni
875 2149 1009 2174 omnes
1026 2144 1104 2174 tum
1119 2149 1186 2187 per
1198 2149 1366 2174 amorem
1388 2140 1678 2179 contentiosum

206 2208 289 2238 tum
310 2199 494 2236 invictum
518 2198 687 2236 studium
710 2206 988 2237 convenerunt.
1050 2199 1097 2237 Et
1113 2199 1198 2250 quis
1214 2200 1370 2250 quidem
1387 2214 1431 2238 ac
1449 2216 1565 2253 quare
1586 2218 1680 2254 quo-

205 2275 281 2312 que
302 2268 418 2312 pacto
439 2272 606 2297 amorem
626 2260 837 2309 expleverit
856 2261 921 2311 qui
939 2260 1130 2298 Helenam
1157 2261 1320 2311 accepit,
1340 2275 1418 2300 non
1442 2264 1591 2303 dicam:
1622 2274 1679 2304 et-

208 2323 308 2361 enim
330 2323 395 2373 qui
416 2335 504 2372 quae
525 2329 618 2358 nota
638 2332 729 2358 sunt
742 2330 912 2368 narrant,
925 2330 968 2360 ut
987 2323 1104 2360 fidem
1121 2330 1298 2368 meretur,
1314 2324 1366 2362 ita
1382 2325 1678 2366 delectationem

208 2399 287 2424 non
310 2384 435 2422 affert.
478 2383 673 2420 Caeterum
691 2382 756 2420 illo
773 2390 942 2433 tempore
959 2397 1062 2422 nunc
1084 2384 1231 2435 rejecto
1252 2385 1301 2422 ad
1322 2386 1471 2424 initium
1493 2390 1678 2428 sermonis

209 2447 366 2485 alterius
391 2445 629 2496 progrediar,
651 2452 690 2482 et
717 2458 853 2483 causas
881 2458 958 2491 eaS,
982 2453 1137 2498 propter
1155 2459 1251 2497 quas
1278 2448 1314 2486 in
1341 2447 1497 2499 Trojam
1527 2450 1680 2490 Helena

208 2508 329 2547 videri
350 2507 474 2558 possit
494 2506 713 2557 navigasse,
733 2519 937 2557 exponam.

264 2575 302 2610 3.
334 2571 486 2609 Etenim
507 2570 566 2607 vel
588 2570 752 2607 fortunae
783 2569 938 2620 imperio
964 2581 1009 2607 ac
1040 2569 1199 2608 deorum
1224 2571 1339 2622 jussu
1369 2580 1407 2610 et
1438 2574 1681 2613 necessitatis

210 2642 306 2673 nutu
324 2633 416 2671 fecit
433 2645 479 2670 ea
504 2645 593 2682 quae
617 2631 724 2677 fecit,
745 2631 805 2670 vel
826 2631 861 2669 vi
883 2638 1005 2683 rapta,
1027 2631 1086 2669 vel
1107 2645 1293 2683 persuasa
1312 2634 1452 2679 verbis,
1468 2635 1528 2673 vel
1550 2649 1680 2676 amore

210 2704 339 2748 capta.
396 2694 547 2737 Quodsi
576 2706 669 2744 ergo
695 2693 854 2744 primam
884 2693 1105 2744 recipimus,
1126 2707 1202 2731 non
1225 2694 1341 2732 debet
1369 2695 1400 2732 is
1426 2697 1490 2746 qui
1521 2711 1679 2737 causam

212 2759 322 2797 dedit
342 2756 509 2807 culpari:
541 2769 617 2794 non
641 2756 741 2792 enim
767 2762 895 2807 potest
913 2756 1081 2793 humana
1106 2755 1348 2806 providentia
1368 2756 1538 2795 divinum
1560 2759 1680 2812 irnpe-

213 2822 296 2860 dire
315 2819 534 2858 consilium.
592 2819 677 2856 Nec
697 2818 797 2856 enim
818 2826 896 2856 tam
926 2818 1025 2856 solet
1046 2819 1094 2856 ab
1121 2817 1324 2855 infirmiore
1346 2818 1470 2869 potior
1490 2820 1680 2872 impediri,

213 2896 331 2935 quam
352 2883 400 2919 ab
419 2881 492 2919 hoc
513 2880 576 2918 ille
605 2881 687 2931 regi
708 2887 823 2931 atque
843 2879 948 2927 duci,
968 2879 1214 2932 praecedente
1235 2880 1397 2930 potiore,
1420 2890 1605 2933 sequente
1622 2885 1681 2922 in·

214 2944 395 2984 firmiore.
453 2942 566 2980 Deus
592 2950 721 2981 autem
745 2942 892 2981 homini
918 2948 957 2981 et
975 2941 1010 2981 vi
1031 2948 1190 2993 praestat
1210 2948 1248 2980 et
1275 2942 1481 2994 prudentia
1510 2952 1549 2982 et
1569 2947 1681 2986 rebus
