1870 3277
608 199 1087 238 PANATHENAICUS.
1510 198 1580 235 167

122 301 338 346 audierunt,
366 313 582 348 narravero,
604 302 685 340 fieri
714 315 791 339 non
818 301 959 352 poterit
983 300 1075 350 quin
1104 300 1220 350 aliqui
1241 313 1300 336 me
1325 300 1458 338 dicant
1478 300 1584 351 leges

122 362 278 401 recitare
300 376 398 413 quas
418 370 457 402 et
478 364 679 416 Lycurgus
700 363 831 401 tulerit
846 370 884 400 et
905 363 1086 413 Spartani
1108 363 1325 400 observent.

174 426 241 463 63.
273 425 358 475 Ego
377 438 467 463 vero
492 439 553 463 me
582 425 776 463 dicturum
797 438 883 462 esse
911 425 1031 462 multa
1059 424 1186 462 fateor
1211 437 1298 474 quae
1326 424 1402 461 illic
1429 433 1587 476 recepta

123 493 227 531 sunt,
245 500 321 524 non
338 488 442 538 quod
464 488 664 539 Lycurgus
682 488 749 524 illa
767 488 825 525 vel
848 487 1035 524 invenerit
1053 486 1113 523 vel
1134 486 1376 536 excogitarit‚
1393 486 1460 523 sed
1483 487 1587 537 quod

123 547 308 598 majorum
331 556 546 587 nostrorum
568 549 884 600 gubernationem
905 561 1023 598 quam
1043 547 1185 598 optime
1207 548 1377 585 imitatus
1399 547 1501 584 domi
1521 549 1588 586 de-

124 609 346 647 mocratiam
363 609 528 647 instituit
546 610 784 648 aristocratia
804 616 1072 660 temperatam,
1090 609 1215 660 qualis
1237 609 1338 659 apud
1360 621 1430 645 nos
1451 609 1534 652 fuit,
1552 616 1591 646 et

125 670 372 720 magistratus
393 684 469 709 non
491 672 626 709 sortito
639 672 704 709 sed
727 685 793 722 per
808 672 988 722 suffragia
1002 672 1121 709 creari
1135 672 1267 715 voluit,
1287 672 1489 722 legemque
1505 672 1593 710 tulit

126 738 169 767 ut
190 731 357 769 seniores
378 733 443 783 qui
470 734 582 771 rebus
610 734 789 771 omnibus
817 740 991 784 praesunt
1018 740 1127 771 tanto
1157 734 1284 771 studio
1305 741 1343 771 et
1373 747 1467 771 cura
1487 733 1592 784 lege-

126 798 270 838 rentur,
293 802 439 843 quanta
463 795 592 833 ferunt
612 808 633 832 a
663 796 870 845 majoribus
899 795 1042 833 nostris
1065 795 1321 846 Areopagitas
1348 808 1433 833 esse
1457 795 1595 840 lectos,

127 859 165 891 et
184 854 347 892 eandem
374 855 449 894 illis
469 856 734 894 auctoritatem
756 857 901 903 tribuit,
920 870 1037 908 quam
1059 858 1174 895 sciret
1194 864 1373 895 senatum
1399 857 1501 908 apud
1524 869 1596 894 nos

128 913 322 953 habuisse.

183 976 248 1014 64.
280 976 662 1016 Lacedaemoniorum
694 979 809 1030 igitur
835 993 920 1018 eam
951 993 1038 1018 esse
1068 979 1348 1031 rempublicam
1377 993 1465 1030 quae
1496 980 1597 1030 apud

130 1050 203 1075 nos
223 1037 310 1076 olim
335 1052 489 1090 quoque
510 1040 640 1087 fuerit,
661 1054 681 1079 e
697 1042 827 1080 multis
845 1042 978 1080 audire
993 1042 1098 1086 licet,
1120 1042 1150 1078 si
1168 1042 1233 1093 qui
1249 1043 1346 1079 scire
1362 1042 1399 1079 id
1416 1042 1598 1093 cupiunt:

123 1100 204 1146 jam
221 1098 274 1137 rei
290 1099 462 1139 militaris
478 1102 651 1153 peritiam
667 1116 743 1141 non
761 1104 866 1155 prius
882 1104 1104 1142 excoluisse
1117 1117 1246 1154 neque
1262 1104 1400 1141 melius
1416 1111 1601 1142 tractasse

133 1161 344 1212 Spartanos
363 1176 476 1213 quam
499 1172 668 1210 nostros,
692 1166 964 1203 certaminibus
987 1174 1025 1203 et
1044 1165 1169 1211 bellis,
1191 1179 1279 1216 quae
1297 1166 1400 1203 facta
1421 1179 1506 1203 esse
1528 1166 1603 1203 illis

132 1224 368 1274 temporibus
387 1238 521 1263 omnes
543 1227 788 1272 confitentur,
806 1240 866 1264 me
882 1227 934 1264 ita
946 1228 1148 1277 perspicue
1165 1234 1410 1264 ostensurum
1429 1227 1604 1274 arbitror,

133 1291 176 1322 ut
194 1298 267 1323 nec
287 1285 415 1337 inepte
435 1285 638 1324 Laconum
660 1287 823 1325 studiosi
843 1287 1009 1325 habituri
1030 1288 1156 1325 sintin
1171 1300 1247 1337 quo
1260 1288 1354 1325 meis
1373 1288 1495 1325 verbis
1512 1302 1605 1326 con-

133 1347 339 1394 tradicant,
359 1361 432 1386 nec
452 1348 505 1386 illi
526 1349 640 1388 etiam
661 1350 727 1400 qui
746 1357 878 1388 nostra
897 1350 1012 1387 simul
1042 1357 1081 1388 et
1109 1349 1295 1388 mirantur
1316 1357 1354 1388 et
1373 1350 1546 1389 invident
1567 1360 1605 1389 et

133 1407 271 1446 imitari
286 1410 459 1460 cupiunt.

189 1470 253 1507 65.
284 1471 345 1508 Ab
362 1484 408 1509 eo
428 1479 555 1509 autem
578 1472 755 1510 exordiar
775 1473 878 1523 quod
901 1473 1036 1510 auditu
1062 1473 1228 1511 fortasse
1249 1486 1327 1510 non
1349 1473 1528 1511 omnibus
1543 1474 1607 1524 ju-

135 1532 321 1579 cundum,
344 1533 414 1571 sed
434 1533 539 1572 dictu
559 1541 690 1572 tamen
706 1547 783 1572 non
805 1535 875 1572 erit
893 1534 1042 1572 inutile.
1100 1535 1141 1572 Si
1161 1535 1245 1585 quis
1261 1534 1361 1572 enim
1384 1534 1489 1572 dicat
1508 1535 1608 1573 duas

134 1594 204 1633 has
232 1596 347 1634 urbes
367 1595 532 1646 plurima
560 1596 748 1635 beneficia
768 1597 806 1634 in
833 1597 1028 1635 Graeciam
1055 1597 1268 1634 contulisse
1296 1603 1413 1647 atque
1433 1596 1607 1634 maximis

137 1657 248 1695 malis
276 1658 440 1696 eandem
460 1665 549 1708 post
569 1658 709 1696 Xerxis
729 1659 1021 1710 expeditionem
1041 1657 1231 1704 affecisse,
1260 1671 1338 1696 non
1365 1658 1506 1709 poterit
1532 1671 1610 1696 non

138 1719 283 1757 dixisse
303 1732 436 1757 verum
464 1719 508 1757 iis
535 1720 653 1758 videri
674 1721 739 1771 qui
765 1734 825 1759 res
855 1729 985 1772 gestas
1018 1720 1170 1758 illorum
1191 1726 1408 1771 temporum
1430 1721 1609 1770 cognitas

137 1780 297 1819 habent.
356 1781 455 1819 Nam
474 1788 512 1819 et
531 1795 648 1832 quam
669 1782 875 1820 fortissime
890 1783 966 1820 fieri
990 1789 1118 1833 potest
1137 1788 1272 1820 contra
1291 1782 1375 1833 ejus
1396 1781 1611 1832 potentiam

139 1842 381 1888 dimicarunt,
411 1850 450 1881 et
480 1856 526 1881 eo
553 1844 669 1889 facto,
695 1858 812 1894 quum
841 1845 1034 1882 decuisset
1064 1844 1176 1882 etiam
1205 1857 1251 1882 ea
1282 1857 1370 1894 quae
1400 1844 1611 1889 restabant,

141 1917 206 1943 eas
226 1904 294 1942 rite
316 1904 599 1951 administrare,
620 1906 656 1943 iu
679 1919 763 1943 eam
796 1919 871 1943 non
894 1907 1103 1944 amentiam
1125 1905 1194 1942 sed
1222 1905 1407 1942 insaniam
1432 1912 1522 1942 sunt
1544 1904 1610 1941 iin-

139 1966 277 2017 pulsae,
295 1972 338 2004 ut
351 1979 438 2004 cum
461 1979 507 2004 eo
527 1966 590 2016 qui
613 1967 715 2016 ipsas
738 1975 998 2017 oppugnat-at,
1016 1966 1079 2016 qui
1102 1973 1308 2016 utramque
1329 1967 1461 2003 urbem
1482 1966 1614 2004 delere

140 2027 333 2072 funditus,
354 2027 420 2078 qui
447 2037 610 2065 caeteros
639 2027 801 2065 Graecos
832 2028 1016 2066 servitute
1045 2028 1261 2078 opprimere
1295 2027 1518 2073 destinarat,
1546 2028 1613 2066 tali

141 2089 368 2141 praesertim,
390 2102 505 2139 quem
528 2089 643 2126 facile
669 2096 771 2127 terra
796 2090 967 2140 marique
995 2097 1258 2141 superassent,
1286 2102 1421 2140 pacem
1441 2090 1478 2126 in
1499 2102 1615 2127 omne

142 2157 298 2202 tempus
325 2159 507 2201 tanquam
535 2164 623 2189 cum
644 2152 742 2189 bene
762 2152 898 2189 merito
920 2152 1095 2198 fecerint,
1115 2158 1155 2189 et
1175 2152 1295 2189 altera
1316 2151 1473 2189 alterius
1496 2152 1614 2189 virtu-

142 2213 245 2252 tibus
266 2212 484 2250 invidentes
504 2213 607 2251 bello
627 2221 809 2265 suscepto
832 2221 938 2251 tanta
965 2214 1177 2265 pertinacia
1196 2221 1234 2251 et
1253 2213 1498 2251 aemulatione
1518 2213 1617 2251 inter

146 2289 185 2315 se
202 2275 485 2320 contenderint,
499 2282 542 2312 ut
557 2288 645 2313 sese
659 2283 793 2313 mutuo
807 2283 1048 2327 caeterosque
1066 2275 1226 2313 Graecos
1242 2275 1402 2326 perdere
1415 2288 1490 2312 non
1510 2276 1615 2327 prius

146 2338 373 2384 destiterint,
401 2351 518 2388 quam
546 2338 741 2376 communi
774 2339 876 2376 hosti
904 2352 989 2377 eam
1017 2345 1249 2390 potestatem
1280 2337 1481 2376 dedissent
1513 2344 1557 2374 ut
1584 2336 1616 2374 is

147 2408 319 2440 nostram
347 2401 481 2438 urbem
506 2413 572 2451 per
599 2401 981 2438 Lacedaemoniorum
1014 2401 1225 2452 potentiam
1253 2400 1291 2437 in
1323 2412 1517 2438 summum
1538 2399 1616 2436 dis-

147 2463 289 2501 crimen
317 2462 543 2507 adduceret,
570 2476 615 2500 ac
647 2476 797 2501 rursum
826 2463 1144 2501 Lacedaemonios
1171 2476 1238 2513 per
1265 2470 1436 2499 nostram
1465 2462 1614 2498 urbem.

149 2524 335 2567 Quamvis
351 2532 480 2562 autem
500 2525 682 2562 barbarus
703 2538 767 2562 eas
782 2524 988 2576 prudentia
1008 2532 1084 2562 tam
1099 2524 1216 2573 longe
1229 2528 1465 2574 superasset,
1484 2528 1614 2559 tamen

151 2599 276 2637 neque
298 2585 372 2624 illis
394 2587 632 2636 temporibus
653 2587 701 2623 ob
723 2593 901 2638 acceptas
921 2586 1052 2624 clades
1079 2587 1132 2624 ita
1161 2585 1215 2622 uti
1238 2597 1308 2635 par
1335 2584 1407 2621 fuit
1433 2583 1618 2634 ipsasque

151 2649 280 2689 decuit
305 2649 527 2694 doluerunt,
554 2662 680 2700 neque
707 2662 809 2687 nunc
842 2649 1072 2686 Graecarum
1098 2648 1248 2685 urbium
1276 2646 1462 2683 maximas
1488 2646 1618 2683 colere

151 2710 274 2761 pudet
287 2710 368 2761 ejus
385 2722 479 2761 opes
495 2710 742 2748 contentione
762 2710 930 2760 quadam
951 2708 1245 2751 assentationis3
1277 2720 1362 2744 narn
1382 2707 1512 2757 Argivi
1533 2707 1619 2757 qui-

154 2773 241 2812 dem
263 2779 302 2810 et
317 2772 492 2810 Thebani
514 2772 725 2823 AEgyptum
746 2772 799 2809 illi
826 2771 952 2809 missis
982 2771 1132 2809 auxiliis
1151 2771 1402 2820 subegerunt,
1428 2775 1471 2806 ut
1501 2782 1616 2819 quam

153 2833 324 2873 maxima
342 2835 515 2884 potentia
538 2834 709 2872 munitus
729 2833 881 2872 Graecis
907 2833 1165 2877 insidiaretur,
1191 2845 1261 2869 nos
1288 2839 1414 2869 autern
1443 2839 1482 2869 et
1502 2830 1620 2882 Spar-

156 2895 251 2939 tani,
269 2907 387 2945 quum
408 2895 592 2935 societate
611 2896 809 2947 conjuncti
828 2895 960 2939 simus,
978 2894 1180 2932 alieniores
1199 2893 1307 2931 alteri
1325 2895 1373 2932 ab
1393 2891 1520 2931 alteris
1537 2893 1619 2929 ani-

158 2969 239 2996 mos
259 2956 445 2994 habemus
463 2969 579 3007 quam
596 2957 643 2995 ab
661 2957 704 2996 iis
725 2963 860 2996 contra
880 2969 979 3006 quos
993 2956 1143 3006 utrique
1156 2955 1258 2993 bella
1271 2954 1452 3005 gerimus.
1497 2953 1619 3001 Cujus
