1870 3277
256 167 332 202 ‘370
643 162 929 200 ISOCRATIS
961 163 1322 203 AEGlNETICUS.

255 267 492 313 tradidisset,
515 267 552 305 in
570 279 616 305 eo
639 267 810 306 fortassis
832 268 956 319 ipsum
986 274 1142 318 possent
1174 267 1475 319 reprehendere:
1505 283 1606 308 nune
1637 283 1705 322 per

256 331 499 382 adoptionem
518 331 554 367 in
577 344 667 369 suos
681 331 809 369 omnia
823 330 999 376 contulit,
1012 339 1054 368 ut
1070 344 1142 368 non
1164 331 1344 381 pauciora
1360 333 1576 383 acceperint
1590 346 1703 385 quam

258 394 446 432 dederint.
501 393 590 432 ,Iam
611 394 670 432 his
702 394 867 439 omissis,
887 394 1076 431 neminem
1106 393 1308 444 Thrasyllo
1327 393 1527 432 verisimile
1556 403 1614 434 est
1640 397 1705 434 be-

257 455 554 494 nevolentiorem
577 469 661 494 esse
677 456 719 493 iis
735 456 860 506 quide
876 455 1082 493 donatione
1102 455 1140 493 in
1155 455 1303 503 judicio
1322 456 1574 497 contendunt.
1606 458 1704 495 Nam

258 526 297 556 et
316 519 398 570 ipse
418 526 535 556 artem
557 518 692 555 didicit
712 530 734 555 a
756 517 1016 556 Polemaeneto
1046 516 1248 568 haruspice
1275 524 1313 556 et
1343 519 1526 568 pecunias
1558 519 1705 569 accepit

258 595 333 620 non
357 585 442 631 jure
470 581 711 631 cognationis
733 580 800 618 sed
821 580 954 618 merito
975 580 1138 618 virtutis.
1196 582 1325 622 Quare
1347 580 1486 617 nemini
1509 580 1704 624 invidebit,

257 644 322 696 qui
336 644 384 682 de
399 643 524 681 liberis
540 642 656 693 ipsius
671 643 768 680 bene
787 642 942 680 meritus
959 641 1095 680 eodem
1116 642 1304 680 beneficio
1320 655 1396 692 quo
1410 641 1490 692 ipse
1506 641 1706 679 afficiatur.

311 708 375 743 21.
407 705 483 743 Sed
501 711 540 743 et
559 718 602 743 ea
620 712 709 741 sunt
727 704 763 741 in
781 704 1001 741 memoriam
1024 704 1240 742 revocanda
1259 717 1346 754 quae
1368 704 1488 755 primo
1510 703 1594 740 loco
1615 703 1706 740 dixi.

258 769 356 806 Eum
383 767 481 805 enim
513 766 834 804 necessitudinem
864 772 1033 803 nostram
1061 767 1158 803 tanti
1184 765 1321 803 fecisse
1342 765 1510 809 ostendi,
1531 772 1572 801 ut
1593 764 1706 815 patris

256 830 329 868 mei
350 834 390 867 et
410 840 577 867 sororem
597 835 636 866 et
650 827 920 866 consobrinam
939 827 1103 865 duxerit.
1162 827 1310 871 Quibus
1330 827 1445 877 igitur
1464 826 1577 864 filiam
1599 838 1706 864 suam

255 890 436 930 libentius
457 888 729 939 despondisset
748 901 863 938 quam
892 888 935 925 iis
965 901 988 925 a
1015 888 1154 938 quibus
1183 889 1260 938 ipse
1290 887 1528 937 potissimum
1551 899 1706 924 uxorem

257 953 431 1004 accipere
450 950 593 989 voluit?
651 951 682 987 E
699 963 775 1000 qua
791 961 902 1001 porro
922 949 1066 986 familia
1093 948 1210 985 filium
1233 949 1270 985 in
1290 961 1397 985 suam
1418 948 1598 985 familiam
1620 948 1710 986 ado-

253 1021 406 1066 ptatum
426 1012 637 1057 maluisset,
659 1024 772 1062 quam
794 1023 839 1048 ex
862 1023 939 1060 qua
957 1010 1111 1061 quidem
1134 1021 1337 1060 germanos
1354 1009 1492 1047 liberos
1515 1010 1707 1061 suscipere

255 1074 463 1128 expetivit?

308 1140 373 1175 22.
405 1137 554 1187 Itaque,
571 1135 600 1173 si
620 1134 886 1173 haereditatem
913 1133 1002 1171 mihi
1030 1132 1355 1185 adjudicaveritis,
1373 1139 1410 1170 et
1432 1131 1483 1169 illi
1502 1138 1541 1170 et
1560 1133 1708 1171 caeteris

255 1200 447 1245 omnibus,
463 1198 510 1235 ad
530 1210 627 1248 quos
646 1197 730 1234 haec
751 1195 906 1246 negotia
926 1195 1055 1245 aliqua
1075 1208 1122 1233 ex
1140 1200 1247 1246 parte
1266 1194 1443 1239 attinent,
1462 1206 1539 1231 rem
1560 1200 1708 1245 gratam

255 1262 426 1301 facietis:
449 1261 480 1299 si
494 1273 583 1299 vero
597 1259 704 1297 istius
725 1258 898 1296 oratione
912 1256 1066 1308 decepti
1081 1256 1241 1301 fueritis,
1255 1269 1331 1293 non
1347 1255 1436 1293 mihi
1454 1261 1602 1293 tantum
1617 1256 1711 1305 inju-

256 1325 348 1364 riam
368 1322 530 1367 facietis,
552 1322 620 1360 sed
639 1319 902 1371 Thrasylocbo
922 1319 1037 1356 etiarn
1053 1318 1273 1356 testamenti
1289 1318 1449 1363 auctori,
1467 1323 1505 1354 et
1519 1317 1706 1369 Sopohdi,

255 1394 295 1425 et
310 1385 429 1424 sorori
446 1396 576 1423 eorum
590 1397 678 1434 quae
695 1395 798 1420 nunc
814 1393 897 1418 mea
911 1393 1007 1418 uxor
1020 1386 1092 1426 est,
1106 1386 1144 1417 et
1155 1392 1288 1418 eorum
1302 1379 1520 1429 matri‚quae
1537 1378 1707 1416 omnium

254 1448 454 1487 mulierum
474 1445 732 1485 infelicissima
747 1443 832 1488 erit,
854 1443 884 1480 si
905 1449 1043 1494 praeter
1062 1442 1263 1480 orbitatem
1280 1441 1316 1478 in
1336 1441 1375 1479 id
1394 1453 1543 1492 quoque
1564 1441 1708 1478 malum

255 1510 445 1556 inciderit,
464 1517 508 1548 ut
536 1516 574 1547 et
603 1508 752 1546 illorum
780 1505 1019 1543 voluntatem
1038 1503 1163 1555 frangi
1183 1509 1222 1541 et
1242 1503 1422 1541 familiam
1444 1502 1637 1553 exstingui
1653 1503 1707 1539 vi-

256 1572 361 1618 deat,
379 1578 417 1610 et
435 1584 552 1622 quum
572 1571 646 1608 ista
660 1568 768 1606 malis
787 1567 904 1618 ipsius
925 1565 1112 1604 insultans
1128 1565 1330 1617 pecuniam
1348 1564 1417 1602 sibi
1431 1564 1620 1609 vendicet,
1635 1577 1707 1610 me,

254 1634 320 1686 qui
339 1633 425 1671 filiis
445 1632 524 1671 suis
544 1638 620 1670 tam
641 1643 782 1681 magna
801 1628 972 1674 fecerim,
989 1627 1078 1665 nihil
1091 1627 1192 1678 aequi
1205 1639 1316 1678 posse
1336 1627 1560 1678 impetrare;
1590 1639 1707 1677 quare

255 1695 287 1735 si
307 1696 393 1747 quis
414 1694 486 1732 hac
501 1694 566 1731 lite
587 1692 730 1731 omissa
744 1705 808 1731 eos
824 1697 974 1742 spectet
988 1690 1054 1741 qui
1070 1702 1235 1740 unquam
1255 1702 1301 1727 ex
1322 1689 1529 1726 donatione
1549 1687 1710 1725 haeredi-

255 1764 373 1796 tatem
393 1755 593 1807 petierunt,
614 1767 674 1791 me
690 1760 837 1791 tantam
854 1752 969 1790 fidem
995 1751 1126 1789 amicis
1152 1751 1376 1802 praestitisse
1396 1757 1580 1802 quantam
1602 1750 1706 1801 quis-

255 1832 371 1871 quam
402 1818 498 1856 alius
529 1816 750 1867 comperiet.
809 1813 1036 1853 Honorandi
1064 1819 1191 1851 autern
1221 1819 1312 1850 sunt
1338 1820 1376 1850 et
1407 1812 1514 1850 multi
1544 1811 1707 1850 faciendi

254 1882 349 1920 tales
369 1880 489 1918 multo
516 1878 637 1929 magis
658 1890 774 1929 quam
795 1876 955 1915 aliorum
977 1875 1204 1913 donationes
1225 1875 1278 1912 eis
1300 1874 1522 1925 eripiendae.
1580 1875 1706 1923 Atque

255 1944 370 1982 etiam
391 1942 516 1993 legem
544 1939 749 1978 defendere
768 1937 928 1983 debetis,
947 1950 1014 1988 per
1034 1950 1148 1988 quam
1170 1936 1281 1974 nobis
1300 1943 1338 1974 et
1356 1936 1495 1974 liberos
1523 1935 1707 1986 adoptare

255 2006 346 2045 licet
362 2011 401 2043 et
420 2004 469 2042 de
487 2015 527 2041 re
545 2001 720 2040 familiari
743 2008 873 2039 nostro
894 2000 1077 2038 arbitratu
1100 2006 1282 2044 statuere,
1305 2012 1422 2050 quum
1451 1999 1577 2049 legem
1606 1999 1706 2036 hanc

256 2067 357 2106 orbis
385 2066 472 2104 loco
502 2065 665 2102 liberum
695 2075 783 2101 esse
817 2061 1060 2113 intelligatis:
1091 2075 1178 2112 quae
1205 2061 1359 2112 quidem
1391 2073 1475 2099 eam
1497 2060 1570 2098 vim
1590 2059 1707 2097 habet

256 2135 372 2180 atque
392 2126 524 2171 efficit,
546 2133 590 2163 ut
608 2133 648 2163 et
667 2124 824 2176 cognati
843 2132 882 2162 et
900 2124 1008 2161 nulla
1027 2123 1312 2161 necessitudine
1337 2123 1529 2175 conjuncti
1549 2123 1646 2161 inter
1666 2135 1706 2160 se

255 2190 379 2241 magis
398 2195 545 2227 curent.

310 2253 375 2289 23.
407 2251 459 2288 Ut
478 2256 603 2287 autem
625 2247 779 2285 dicendi
804 2247 918 2286 finem
952 2247 1088 2286 faciam
1117 2260 1241 2297 neque
1263 2246 1404 2284 diutius
1423 2247 1483 2285 his
1504 2248 1617 2285 rebus
1636 2247 1719 2285 im·-

256 2325 395 2359 morer,
415 2317 560 2363 quanta
580 2309 629 2347 sit
648 2309 809 2359 aequitas
829 2322 958 2347 causae
990 2322 1085 2348 meae
1111 2309 1373 2347 considerate:
1405 2308 1567 2361 primurn
1593 2308 1706 2355 enim,

255 2376 321 2427 qui
337 2374 602 2412 haereditatem
620 2371 865 2422 reliquerunt,
881 2378 1006 2410 vetere
1022 2378 1060 2409 et
1074 2385 1096 2409 a
1110 2372 1282 2423 patribus
1296 2379 1457 2423 accepta
1472 2378 1509 2410 et
1526 2371 1574 2410 ad
1592 2372 1706 2409 finem

256 2450 379 2488 usque
399 2434 589 2488 perducta
608 2433 777 2472 amicitia
796 2433 821 2471 ii
841 2434 933 2471 mihi
959 2435 1154 2485 conjuncti
1173 2435 1341 2481 suerunt,
1362 2435 1501 2474 deinde
1527 2436 1649 2474 multa
1668 2443 1708 2475 et

257 2511 398 2549 magna
424 2497 461 2535 in
493 2510 557 2535 eos
583 2496 770 2534 beneficia
797 2497 913 2534 rebus
941 2496 1110 2546 ipsorum
1142 2497 1312 2535 adversis
1342 2498 1500 2543 contuli,
1521 2505 1708 2549 praeterea

256 2566 527 2598 testamentum
560 2559 597 2596 in
628 2564 806 2609 promptu
835 2564 896 2596 est
925 2557 1028 2608 quod
1060 2571 1108 2596 ne
1141 2558 1345 2596 adversarii
1379 2559 1532 2609 quidem
1564 2573 1706 2611 negare

257 2622 416 2668 audent,
436 2621 602 2673 denique
628 2621 690 2659 lex
719 2619 866 2658 Graecis
893 2621 1067 2658 omnibus
1087 2621 1249 2672 probata
1266 2622 1354 2659 huic
1374 2628 1604 2660 testamento
1626 2623 1706 2661 suf-

255 2684 438 2734 fragatur.
496 2684 617 2735 Cujus
641 2682 691 2721 rei
717 2682 924 2720 maximum
943 2682 1039 2720 illud
1065 2689 1336 2734 argumentum
1358 2691 1429 2729 est,
1450 2685 1567 2735 quod,
1588 2698 1704 2736 quum

255 2746 338 2784 aliis
371 2746 500 2784 multis
533 2746 580 2783 de
613 2747 726 2783 rebus
758 2744 995 2791 dissentiant,
1025 2744 1072 2783 de
1101 2744 1174 2783 hac
1205 2751 1381 2783 statuunt
1411 2746 1525 2784 idem.
1591 2748 1705 2798 Rogo

256 2807 372 2858 igitur
392 2820 459 2845 vos
488 2815 544 2852 ut,
562 2814 600 2845 et
625 2807 708 2845 haec
740 2814 778 2844 et
806 2812 946 2845 caetera
971 2819 1058 2857 quae
1090 2806 1195 2844 dicta
1215 2813 1305 2845 sunt
1329 2808 1530 2855 recordati,
1551 2822 1598 2847 ea
1616 2823 1705 2860 quae

250 2874 358 2920 justa
386 2876 476 2907 sunt
495 2869 723 2916 decernatis,
743 2876 782 2907 et
806 2869 902 2908 tales
923 2869 958 2907 in
982 2881 1040 2907 me
1060 2868 1212 2920 judices
1232 2868 1311 2908 sitis
1331 2870 1465 2921 quales
1485 2871 1590 2910 vobis
1611 2871 1705 2910 alios

259 2945 344 2971 esse
364 2931 568 2983 cuperetis.
