1870 3277
214 194 257 229 14
577 191 866 231 ISOCRATIS
898 192 974 232 AD
1007 192 1303 232 NICOCLEM.

210 294 447 344 mallemque
480 295 650 344 corporis
685 307 892 332 aerumnam
928 296 1023 333 ferre
1061 308 1175 346 quam
1212 295 1379 332 animum
1416 305 1594 331 exercere
1629 298 1668 330 et

209 354 257 392 de
276 368 312 392 re
329 354 459 404 aliqua
478 356 696 393 necessaria
716 356 908 406 suscipere
927 357 1212 407 cogitationem.
1272 355 1380 392 Acin
1395 354 1666 404 congressibus

209 415 363 464 quidem
387 428 454 453 eos
477 415 575 453 inter
600 429 684 454 sese
716 417 884 453 convitia
910 417 969 453 vel
992 417 1118 454 dicere
1144 417 1202 454 vel
1229 416 1374 459 audire,
1403 415 1437 451 in
1465 414 1668 452 solitudine

206 488 296 513 vero
319 489 396 514 non
426 476 637 514 deliberare
667 477 735 515 sed
765 486 898 527 optare
926 477 1205 527 deprehendas.
1264 478 1393 526 Atque
1414 475 1496 512 haec
1526 488 1601 512 non
1631 475 1667 510 in

205 548 340 574 omnes
362 536 465 582 dico,
485 537 552 574 sed
578 537 614 573 in
636 550 701 574 eos
723 544 871 574 tantum
890 540 953 587 qui
981 537 1040 574 his
1061 551 1147 588 quae
1168 537 1333 574 diximus
1353 536 1453 572 vitiis
1474 535 1668 572 constricti

206 604 310 635 sunt.
368 597 470 634 Illud
491 604 595 635 certe
624 598 751 647 palam
778 605 850 643 est,
871 597 901 634 si
925 598 989 648 qui
1017 606 1108 636 sunt
1137 599 1199 648 qui
1219 598 1338 635 velint
1367 595 1510 646 aliquid
1541 595 1668 631 multi-

205 658 328 696 tudini
355 665 506 708 gratum
537 658 596 695 vel
631 658 797 695 carmine
822 658 880 695 vel
909 658 1034 695 soluta
1061 660 1230 696 oratione
1261 658 1444 700 scribere,
1475 657 1518 692 iis
1539 655 1668 704 exqui-

206 718 328 756 renda
347 731 434 756 esse
461 731 539 756 non
568 718 771 756 utilissima
790 732 967 769 quaeque,
988 719 1056 756 sed
1079 718 1387 756 fabulosissima:
1418 730 1505 754 uam
1526 717 1668 753 talibus

204 779 361 829 quidem
390 779 591 817 audiendis
617 778 802 830 gaudent,
832 780 915 825 sed,
942 792 1058 829 quum
1093 793 1200 817 veras
1227 791 1367 816 causas
1389 785 1427 814 et
1457 776 1667 814 certamina

204 847 396 891 spectant,
422 846 598 878 moerent.
654 840 912 883 Quamobrem
935 840 1094 878 Homeri
1116 840 1243 890 poesis
1266 846 1305 876 et
1325 839 1348 875 ii
1371 838 1436 888 qui
1457 838 1566 888 primi
1588 844 1665 874 tra-

203 901 367 951 goediam
388 902 617 939 invenerunt
646 901 900 939 admiratione
925 900 1114 938 afficiendi
1142 907 1246 944 sunt,
1267 899 1370 949 quod
1399 898 1668 936 animadversa

203 961 361 1000 humani
395 962 538 1013 ingenii
574 969 712 1000 natura
745 963 917 1013 utrisque
947 962 1007 1000 his
1038 962 1249 1000 rationibus
1286 962 1335 998 ad
1373 961 1516 1011 poesim
1555 973 1665 997 suam

202 1022 309 1060 abusi
343 1030 459 1060 sunt:
500 1023 594 1061 alter
626 1022 728 1060 enim
760 1023 975 1060 certamina
1006 1029 1045 1060 et
1076 1023 1179 1059 bella
1204 1021 1460 1059 semideorum
1489 1020 1665 1057 fabulose

201 1090 432 1132 persecutus
452 1089 525 1126 est,
549 1083 657 1120 alteri
679 1083 829 1120 fabulas
857 1084 893 1119 in
922 1083 1035 1120 ludos
1064 1089 1102 1120 et
1122 1082 1293 1119 actiones
1313 1081 1560 1131 redegerunt,
1578 1088 1622 1118 ut
1641 1093 1666 1117 a

201 1144 313 1181 nobis
332 1156 410 1180 non
439 1143 559 1181 audiri
589 1150 737 1181 tanturn
763 1143 833 1180 sed
851 1144 967 1180 etiam
988 1143 1152 1194 spectari
1173 1143 1332 1193 possint.
1390 1143 1521 1182 Quum
1548 1141 1664 1191 igitur

200 1203 292 1242 talia
312 1203 490 1254 exempla
515 1203 552 1240 in
573 1210 752 1254 promptu
782 1203 870 1247 sint,
891 1202 1199 1241 demonstratum
1219 1209 1292 1247 est,
1312 1202 1343 1239 si
1362 1201 1448 1251 quis
1468 1200 1663 1239 auditores

201 1264 355 1302 allicere
387 1264 545 1302 studeat
570 1271 608 1302 et
627 1263 863 1308 demulcere,
893 1265 941 1302 ab
960 1264 1286 1301 admonitionibus
1316 1270 1355 1300 et
1380 1262 1550 1300 consiliis
1577 1274 1662 1300 esse

201 1325 487 1368 abstinendum,
515 1324 580 1362 illa
607 1331 736 1362 autem
763 1331 804 1362 et
829 1324 1034 1363 scribenda
1062 1330 1102 1362 et
1121 1323 1286 1362 dicenda
1313 1322 1454 1373 quibus
1477 1322 1662 1374 populum

202 1385 368 1423 maxime
388 1385 555 1435 gaudere
574 1385 691 1422 videt.

258 1447 319 1483 14.
350 1446 447 1483 Haec
468 1446 643 1496 exposui,
666 1453 871 1496 propterea
896 1445 1001 1495 quod
1028 1445 1243 1483 existimavi
1268 1452 1443 1495 oportere
1470 1451 1522 1489 te,
1543 1457 1661 1495 quum

200 1519 275 1544 non
293 1506 343 1543 sis
363 1519 461 1543 unus
477 1507 525 1543 de
545 1506 676 1543 multis
691 1507 760 1543 sed
777 1506 981 1542 multorum
1004 1518 1083 1549 rex,
1101 1518 1177 1543 non
1198 1506 1250 1543 ita
1270 1506 1410 1542 sentire
1430 1512 1474 1541 ut
1487 1512 1663 1553 caeteros,

200 1579 325 1617 neque
353 1567 414 1603 vel
443 1579 504 1603 res
536 1579 670 1616 graves
698 1567 757 1603 vel
786 1566 960 1603 homines
995 1566 1203 1616 prudentes
1233 1566 1351 1603 metiri
1379 1579 1423 1603 ae
1452 1566 1663 1616 ponderare

199 1627 476 1677 voluptatibus,
506 1626 577 1664 sed
603 1626 640 1662 in
666 1627 881 1664 actionibus
916 1626 1072 1663 utilibus
1100 1626 1312 1677 periculum
1340 1626 1488 1663 illorum
1520 1626 1662 1671 facere,

199 1688 412 1739 praesertim
432 1701 551 1738 quum
581 1688 778 1738 sapientiae
800 1688 970 1737 magistri
994 1688 1042 1725 de
1070 1688 1185 1725 animi
1208 1687 1544 1724 exercitationibus
1565 1687 1662 1725 inter

200 1764 285 1789 sese
301 1750 554 1794 dissentiant;
587 1764 675 1788 nam
698 1750 761 1788 alii
776 1749 1103 1800 disputationibus
1125 1749 1353 1793 dialecticis,
1375 1749 1437 1786 alii
1456 1749 1659 1800 praeceptis

197 1814 441 1864 eloquentiae,
464 1813 526 1850 alii
547 1826 614 1863 per
633 1813 707 1850 alia
727 1813 906 1862 quaedam
930 1812 1007 1849 suis
1033 1812 1269 1849 auditoribus
1298 1812 1524 1863 sapientiam
1551 1812 1661 1862 polli-

199 1881 355 1917 centur;
391 1874 430 1911 in
457 1887 504 1912 eo
523 1887 612 1912 vero
645 1874 894 1911 consentiunt
917 1886 1066 1918 omnes,
1095 1874 1192 1910 bene
1223 1873 1439 1910 institutum
1466 1873 1658 1911 hominem

197 1942 374 1986 oportere
389 1948 435 1972 ex
450 1935 508 1973 his
522 1935 685 1984 singulis
707 1935 778 1972 sibi
798 1933 1040 1984 prudentiam
1062 1934 1210 1971 consilii
1227 1934 1403 1984 capiendi
1424 1946 1659 1984 comparare.

199 1996 303 2033 Sunt
320 1995 435 2046 igitur
453 2009 500 2033 ea
516 1995 565 2032 de
585 1996 726 2045 quibus
741 1994 948 2044 ambigitur
963 1995 1081 2031 missa
1100 1994 1277 2032 facienda
1291 2001 1329 2032 et
1348 1995 1659 2045 amplectendum

198 2056 238 2094 id
259 2057 308 2094 de
334 2070 412 2107 quo
432 2057 540 2094 nulla
560 2056 824 2094 controversia
852 2063 912 2093 est
938 2062 982 2093 ut
1010 2055 1150 2093 rectius
1178 2055 1226 2092 de
1253 2055 1325 2092 illis
1347 2055 1567 2106 judicetur;
1611 2069 1657 2094 ac

198 2117 401 2155 consiliarii
421 2124 502 2155 tum
531 2117 692 2154 maxime
723 2129 840 2166 quum
868 2129 926 2154 res
956 2116 1158 2153 consilium
1181 2129 1352 2166 praesens
1374 2116 1546 2165 postulat
1572 2130 1660 2167 spe-

196 2177 329 2215 ctandi
349 2185 452 2223 sunt,
472 2177 679 2228 repudiatis
699 2177 745 2214 iis
765 2177 828 2227 qui
849 2177 884 2213 in
907 2177 1127 2213 universum
1152 2176 1200 2213 de
1226 2177 1342 2223 rebus
1362 2176 1496 2214 dicunt
1516 2177 1661 2227 quique

197 2238 287 2275 nihil
311 2251 442 2275 eorum
474 2250 561 2288 quae
589 2237 669 2274 fieri
692 2237 836 2275 debent
862 2237 1318 2287 intelligunt—constat
1341 2237 1441 2274 enim
1470 2250 1572 2283 eum,
1593 2238 1659 2288 qui

197 2298 268 2337 sibi
289 2299 370 2350 ipse
393 2311 549 2348 prorsus
577 2305 636 2336 est
668 2298 829 2342 inutilis,
859 2311 1055 2348 nunquam
1083 2297 1177 2335 alios
1206 2296 1434 2335 effecturum
1462 2311 1547 2335 esse
1568 2311 1658 2348 pru-

198 2359 394 2396 dentiores
406 2381 472 2404 -—,
502 2358 683 2397 cordatos
714 2366 842 2397 autern
871 2360 973 2396 viros
1006 2365 1045 2396 et
1073 2358 1138 2409 qui
1164 2358 1317 2409 longius
1345 2372 1460 2409 quam
1482 2359 1544 2396 alii
1571 2372 1658 2410 pro-

197 2421 344 2472 spicere
364 2427 529 2472 possunt
547 2421 797 2471 magnifacito
817 2428 856 2458 et
874 2421 1006 2466 colito,
1032 2433 1076 2457 ac
1096 2433 1324 2470 persuasum
1351 2420 1494 2457 habeto
1513 2421 1657 2458 bonum

196 2482 456 2519 consiliarium
491 2482 731 2520 utilissimam
769 2488 808 2519 et
839 2494 931 2531 rege
963 2481 1132 2518 omnium
1164 2481 1427 2531 dignissimam
1449 2493 1535 2518 esse
1566 2494 1657 2530 pos-

197 2543 422 2581 sessionem.
481 2543 574 2580 Illos
602 2543 716 2580 etiam
743 2549 852 2579 tuum
872 2555 1032 2592 regnum
1061 2542 1224 2579 maxime
1252 2541 1555 2592 amplificaturos
1574 2553 1658 2579 cre-

197 2605 292 2649 dito,
308 2604 374 2655 qui
394 2612 499 2642 tuam
520 2611 684 2642 mentem
706 2603 910 2653 plurimum
931 2603 1126 2653 potuerint
1144 2602 1335 2641 excolere.

255 2666 319 2701 15.
351 2664 436 2714 Ego
451 2677 520 2714 pro
535 2676 622 2701 mea
636 2663 890 2713 intelligentia
907 2669 942 2701 te
959 2663 1157 2707 admonui,
1173 2670 1212 2700 et
1226 2675 1313 2699 eum
1332 2662 1518 2699 honorem
1538 2675 1654 2712 quem

195 2738 353 2778 possum
373 2726 440 2762 tibi
462 2725 607 2762 habeo:
637 2724 737 2763 velle
755 2731 883 2762 autem
897 2724 1014 2761 debes
1035 2731 1076 2760 ut
1089 2724 1200 2761 etiam
1221 2723 1297 2768 alii,
1319 2723 1424 2774 quod
1441 2723 1549 2760 initio
1562 2723 1655 2768 dixi,

195 2799 272 2824 non
299 2792 485 2825 consueta
514 2798 675 2822 munera
701 2784 767 2822 tibi
797 2783 971 2827 offerant,
992 2796 1079 2833 quae
1101 2797 1169 2821 vos
1196 2784 1311 2833 longe
1337 2783 1455 2833 pluris
1483 2782 1608 2820 emitis
1631 2797 1654 2820 a

194 2846 429 2885 donantibus
455 2859 571 2896 quam
603 2858 625 2882 a
651 2845 926 2890 vendentibus,
948 2844 1015 2882 sed
1044 2857 1089 2881 ea
1118 2857 1219 2895 quae,
1241 2843 1391 2881 tametsi
1419 2843 1581 2881 multum
1608 2843 1652 2880 iis

195 2908 313 2946 utaris
341 2907 459 2957 idque
487 2906 637 2944 nullum
668 2906 768 2943 diem
802 2906 927 2944 facere
961 2905 1205 2950 intermittas,
1226 2917 1302 2941 non
1333 2904 1500 2949 deteras,
1520 2904 1589 2941 sed
1614 2910 1653 2941 et

195 2967 421 3020 pretiosiora
441 2968 524 3018 ipso
547 2981 616 3005 usu
637 2967 792 3005 reddas.
