1870 3277
748 193 979 234 BUSIRIS.
1524 194 1599 232 145

146 301 322 339 iteratum
343 299 462 338 veluti
490 297 598 337 fatali
625 296 844 336 calamitate
871 301 1082 347 urgeantur
1113 302 1153 334 et
1180 296 1216 333 in
1244 296 1334 335 odio
1369 297 1458 343 sint,
1485 295 1597 334 istius

135 361 284 413 generis
305 361 544 400 orationibus
564 360 749 409 majorem
775 358 890 395 etiam
919 357 958 395 in
987 357 1054 396 illa
1082 356 1265 395 invidiam
1298 358 1534 396 concitatum
1553 357 1598 396 iri

132 429 298 460 constat.

185 485 250 521 22.
282 485 417 534 Itaque
445 483 476 520 si
497 482 586 520 mihi
609 481 876 529 obtemperare
892 479 1073 524 volueris,
1092 486 1158 517 aut
1180 479 1218 517 in
1248 486 1443 530 posterum
1464 479 1597 530 (idque

130 545 374 597 potissimum
396 544 524 593 fuerit)
547 542 654 580 nulla
673 541 848 591 improba
881 549 1109 593 argumenta
1128 541 1326 589 tractabis,
1346 548 1414 578 aut
1441 554 1598 591 operam

131 615 235 644 certe
255 606 367 644 dabis
388 613 430 642 ut
461 618 506 642 ea
528 604 635 642 dicas
669 615 738 653 per
770 615 857 651 quae
887 616 959 640 nec
986 609 1093 640 tuam
1123 602 1445 640 existimationem
1475 602 1597 639 immi-

130 681 227 705 nuas
249 682 319 706 nec
339 668 548 705 imitatores
568 667 624 704 tui
640 676 863 714 corrumpas
880 677 951 703 nec
971 665 1202 716 eloquentiae
1219 663 1434 716 disciplinae
1454 664 1599 702 crimen

127 730 291 768 confles.

182 793 246 828 23.
279 790 417 840 Neque
437 803 528 828 vero
549 789 677 828 mirari
696 789 832 835 debes,
853 801 915 827 me
944 795 983 826 et
1008 794 1103 826 natu
1124 788 1311 826 minorem
1331 800 1405 825 nec
1429 787 1509 825 ulla
1528 799 1597 824 ne·-

128 852 362 891 cessitudine
378 851 446 890 tibi
465 852 686 889 devinctum
703 864 861 890 monere
876 858 914 889 te
929 850 1027 889 adeo
1043 850 1219 888 alacriter
1239 849 1475 888 instituisse:
1507 861 1597 887 nam

127 913 350 964 hujusmodi
371 913 419 951 de
448 914 562 951 rebus
593 912 685 951 dare
710 912 876 952 consilia
904 924 1032 963 neque
1067 918 1162 950 natu
1192 911 1448 949 maximorum
1472 923 1597 961 neque

127 974 550 1026 conjunctissimorum‚
571 973 640 1012 sed
669 986 800 1013 eorum
830 987 917 1014 esse
940 986 1083 1012 munus
1103 973 1293 1020 existimo,
1319 972 1384 1024 qui
1410 971 1597 1025 prodesse

123 1036 331 1088 plurimum
351 1042 388 1075 et
407 1036 542 1075 volunt
557 1042 596 1074 et
612 1042 791 1087 possunt.
