1870 3277
477 187 548 225 DE
578 185 867 225 CLEONYMI
899 183 1260 222 HEREDITATE.
1515 177 1586 214 311

153 289 268 328 nullis
294 296 376 327 erat
401 289 585 335 infensus,
606 300 837 340 magnopere
862 299 1014 325 curasse
1041 293 1082 322 ut
1107 285 1320 322 universam
1340 280 1590 321 hereditatem

152 350 361 389 assereret?
390 351 622 401 eosdemque
648 351 720 388 hac
749 348 940 387 simultate
971 346 1228 383 intercedente
1255 345 1406 395 plurimi
1431 344 1588 385 fecisse3

152 426 222 450 nos
253 426 354 458 vero,
385 413 610 463 quibuscum
649 420 730 449 erat
762 411 793 447 ei
827 417 934 446 tanta
969 407 1214 445 necessitudo
1247 414 1284 442 et
1314 405 1590 448 benevolentia,

151 475 332 512 maluisse
352 488 420 525 pro
436 475 576 512 viribus
597 474 737 512 damno
755 470 932 509 afficere?
990 470 1104 513 Sane,
1121 469 1150 506 si
1168 468 1229 505 isti
1246 467 1388 505 vellent
1406 475 1472 504 aut
1487 469 1594 504 tabu-

150 534 206 573 las
235 544 299 573 aut
328 543 517 573 mortuum
547 535 772 585 vituperare,
800 532 904 569 haud
937 532 1014 569 scio
1043 530 1224 582 quidnam
1262 529 1365 566 aliud
1398 529 1500 578 apud
1529 541 1594 565 vos

152 604 286 634 essent
322 597 469 640 dicturi,
499 608 615 646 quum
654 594 829 631 videlicet
864 599 902 630 et
938 591 1088 630 tabulas
1125 590 1228 628 haud
1264 595 1364 626 recte
1400 589 1596 626 confectas

151 658 367 708 significent
385 665 423 694 et
442 658 509 708 ipsi
531 656 700 693 testatori
720 668 794 692 non
816 655 1010 705 probatas,
1030 653 1193 690 eundem
1210 664 1298 688 vero
1316 658 1391 687 tam
1411 649 1596 687 furiosum

154 719 362 762 declarent,
382 725 424 755 ut
444 719 489 754 ab
510 730 555 754 eo
575 717 747 754 inimicos
769 716 886 765 pluris
907 716 1029 752 factos
1051 713 1236 750 affirment
1252 724 1365 763 quam
1383 710 1598 754 familiares,

153 787 192 817 et
212 780 254 817 iis
274 792 349 829 quo
364 780 494 816 vivens
513 792 590 816 non
610 778 874 828 alloquebatur
896 776 1095 813 facultates
1116 775 1163 810 ab
1181 773 1313 810 eodem
1335 785 1420 809 esse
1438 773 1598 821 legatas,

154 840 433 878 consuetudine
456 846 581 877 autem
603 838 789 876 devinctis
811 851 857 875 ne
879 843 1023 888 partem
1044 835 1200 885 quidem
1221 834 1455 884 aliquantam
1484 833 1600 870 fuisse

154 901 349 938 donatam.
406 902 534 942 Quare
564 900 647 951 quis
676 907 846 937 vestrum
874 912 938 936 eas
971 898 1123 935 tabulas
1159 908 1246 933 esse
1276 902 1376 932 ratas
1406 894 1600 939 decernat,

154 975 252 1012 quas
281 969 440 1000 testator
468 962 548 1012 ipse
577 968 620 998 ut
646 960 772 1011 inique
803 961 922 998 factas
960 957 1200 1009 improbavit,
1230 955 1438 994 adversarii
1474 962 1600 993 autem

157 1036 289 1074 reapse
320 1024 519 1073 abrogant,
540 1035 657 1073 quum
680 1034 702 1058 a
721 1021 831 1059 nobis
855 1033 1008 1070 quoque
1034 1031 1185 1069 aequam
1213 1017 1423 1068 portionem
1452 1015 1603 1053 heredi-

158 1084 245 1121 tatis
273 1083 548 1134 percipiendam
577 1088 758 1120 censent:
791 1081 839 1119 ad
867 1081 952 1118 haec
971 1080 1077 1118 vobis
1107 1079 1220 1117 etiam
1248 1078 1507 1116 demonstrare
1530 1089 1601 1115 nos

161 1157 367 1195 possumus
400 1145 513 1182 hasce
542 1143 691 1182 tabulas
720 1150 760 1180 et
787 1142 936 1194 legibus
965 1149 1002 1180 et
1030 1142 1201 1192 aequitati
1223 1147 1262 1178 et
1286 1139 1403 1191 ipsius
1428 1139 1603 1177 testantis

161 1207 278 1244 menti
299 1207 503 1244 adversari.

214 1268 252 1305 9.
283 1267 467 1305 Existimo
495 1274 619 1305 autem
643 1267 709 1318 jus
740 1274 911 1304 nostrum
935 1279 1001 1303 vos
1022 1266 1068 1303 ab
1093 1264 1184 1315 ipsis
1203 1262 1428 1302 adversariis
1449 1262 1604 1300 eviden-

159 1329 305 1366 tissime
322 1342 432 1380 posse
450 1341 695 1379 cognoscere.
754 1329 853 1366 Nam
872 1328 903 1365 si
921 1329 1005 1378 quis
1024 1340 1089 1365 eos
1110 1333 1220 1377 roget
1237 1339 1303 1363 cur
1321 1324 1389 1362 sibi
1406 1324 1604 1375 Cleonymi

160 1391 410 1428 hereditatem
440 1390 646 1433 vindicent,
676 1389 807 1439 utique
837 1388 1106 1438 respondeant,
1131 1387 1237 1437 quod
1266 1393 1304 1424 et
1333 1398 1471 1435 genere
1497 1385 1604 1422 illum

160 1453 399 1503 aliquantum
419 1452 622 1502 attingant,
642 1459 679 1488 et
699 1450 795 1489 idem
817 1463 882 1488 eos
903 1450 952 1487 ad
977 1457 1127 1500 tempus
1157 1447 1313 1498 aliquod
1342 1446 1607 1485 benevolentia

161 1515 386 1566 complexus
416 1514 476 1552 sit.
532 1514 712 1551 Jamvero
742 1520 866 1550 utrum
896 1525 964 1563 pro
991 1524 1031 1549 se
1061 1523 1108 1548 an
1139 1509 1266 1561 potius
1293 1521 1361 1559 pro
1386 1509 1495 1546 nobis
1519 1508 1605 1546 haec

161 1576 352 1615 dixerint?
408 1576 507 1614 Nam
529 1576 607 1614 sive
627 1582 780 1626 propter
801 1573 949 1624 generis
969 1572 1193 1610 affinitatem
1217 1576 1369 1622 oportet
1394 1570 1472 1607 fieri
1496 1569 1606 1608 here-

159 1639 263 1683 dem,
293 1652 362 1677 nos
390 1639 578 1689 sanguine
607 1636 894 1688 propinquiores
933 1648 1089 1679 sumus;
1120 1635 1196 1672 sive
1227 1640 1380 1685 propter
1415 1632 1606 1678 affectum,

158 1702 336 1739 omnibus
365 1714 517 1751 prorsus
546 1700 783 1750 exploratum
814 1704 874 1736 est
900 1697 1153 1748 Cleonymum
1179 1695 1320 1733 nemini
1345 1693 1607 1732 vehementius

158 1775 279 1813 quam
309 1762 417 1799 nobis
439 1761 646 1799 studuisse.
702 1760 831 1803 Quare
852 1772 928 1796 non
947 1772 993 1796 ex
1013 1757 1123 1795 nobis
1144 1756 1212 1794 sed
1231 1769 1278 1794 ex
1298 1755 1522 1793 adversariis
1542 1756 1607 1806 jus

163 1824 278 1876 hujus
306 1823 526 1862 hereditatis
555 1822 746 1860 adeundae
775 1820 1001 1859 discendum
1031 1826 1102 1857 est.
1159 1818 1441 1868 Iniquissimum
1480 1824 1609 1858 autem

166 1893 269 1923 esset
296 1885 342 1930 si,
369 1898 485 1936 quum
516 1884 719 1934 caeteroqui
743 1896 812 1934 pro
839 1882 882 1920 iis
909 1881 1092 1932 suffragia
1116 1881 1212 1919 ferre
1239 1879 1392 1918 soleatis
1413 1879 1476 1930 qui
1496 1879 1610 1917 alter-

164 1954 293 1984 utrum
321 1946 570 1993 ostenderint,
591 1959 633 1984 se
660 1945 834 1982 nimirum
856 1951 923 1982 aut
940 1957 1079 1994 genere
1096 1949 1163 1980 aut
1181 1941 1446 1985 benevolentia
1467 1941 1609 1992 priores

165 2008 286 2046 fuisse
312 2008 414 2060 apud
439 2015 641 2052 mortuum,
662 2019 747 2052 nos,
766 2005 902 2056 quibus
923 2012 1126 2054 utrumque
1146 2003 1344 2041 manifesto
1364 2002 1488 2048 adest,
1508 2002 1609 2041 solos

165 2069 345 2120 indignos
365 2069 575 2107 hereditate
597 2068 798 2119 Cleonymi
812 2067 1050 2118 judicaretis.

225 2131 285 2167 10.
316 2130 431 2173 Quod
459 2130 491 2168 si
516 2130 613 2168 forte
639 2128 877 2180 Polyarchus
902 2134 1011 2179 pater
1031 2127 1243 2178 Cleonymi,
1263 2139 1356 2164 avus
1381 2131 1520 2171 noster,
1541 2125 1609 2165 ad-

170 2191 245 2229 huc
272 2191 416 2230 viveret
450 2198 489 2229 et
525 2190 752 2229 necessariis
784 2190 833 2228 ad
861 2189 1003 2228 victum
1032 2195 1193 2234 careret,
1221 2194 1289 2226 aut
1316 2187 1346 2224 si
1374 2187 1611 2239 Cleonymus

169 2252 307 2291 obiiset
333 2252 472 2290 relictis
499 2252 650 2290 filiabus
675 2251 919 2302 pauperibus,
947 2250 1056 2288 nobis
1085 2249 1258 2301 profecto
1284 2254 1438 2299 propter
1461 2249 1611 2299 propin-

169 2313 354 2363 quitatem
381 2320 461 2351 turn
482 2313 542 2351 avi
566 2320 763 2351 senectam
781 2312 882 2351 alere
902 2325 1060 2350 necesse
1080 2311 1176 2349 foret
1192 2318 1273 2348 turn
1295 2310 1495 2361 Cleonymi
1515 2310 1612 2347 filias

171 2383 238 2413 aut
264 2375 301 2413 in
329 2376 610 2414 matrimonium
635 2376 803 2426 recipere
823 2382 889 2414 aut
907 2375 1059 2413 dotatas
1080 2373 1163 2411 aliis
1182 2373 1395 2415 collocare;
1427 2379 1542 2421 atque
1562 2372 1614 2409 ita

172 2451 242 2476 nos
262 2451 375 2489 agere
394 2445 475 2476 tum
495 2436 755 2489 propinquitas
772 2444 810 2475 et
823 2436 928 2488 leges
948 2444 1028 2474 tum
1045 2436 1158 2474 etiarn
1178 2443 1315 2473 natura
1333 2433 1469 2471 insitus
1488 2434 1614 2484 pudor

173 2507 339 2552 cogeret,
359 2513 471 2538 secus
491 2500 591 2538 enim
617 2507 654 2538 et
678 2499 814 2550 grandi
839 2500 993 2538 mulctae
1015 2505 1054 2536 et
1073 2510 1222 2536 summo
1245 2496 1423 2534 dedecori
1441 2496 1615 2535 fieremus

170 2564 348 2602 obnoxii:
379 2577 482 2601 nunc
514 2569 648 2601 contra
680 2562 711 2600 si
744 2562 936 2600 hereditas
968 2561 1102 2599 relicta
1129 2561 1190 2605 sit,
1220 2571 1371 2609 aequum
1394 2557 1617 2608 judicabitis

173 2625 274 2663 hanc
294 2625 343 2663 ad
366 2625 460 2663 alios
487 2625 614 2676 potius
643 2623 848 2662 devenire?
903 2624 976 2661 Nae
995 2635 1062 2660 vos
1082 2622 1158 2658 sive
1177 2627 1281 2658 recta
1301 2621 1379 2658 sive
1399 2620 1504 2657 vobis
1523 2620 1615 2670 ipsis

175 2686 436 2725 convenientia
458 2686 536 2724 sive
562 2685 710 2737 legibus
735 2691 993 2723 consentanea
1011 2696 1088 2720 non
1109 2680 1373 2725 decerneretis,
1392 2680 1421 2718 si
1442 2680 1617 2720 nimirum

176 2748 369 2798 proximos
384 2761 522 2799 genere
537 2748 739 2799 participes
760 2746 1087 2786 incommodorum
1109 2757 1194 2782 esse
1213 2744 1414 2795 cogeretis,
1430 2745 1617 2782 bonorum

179 2815 304 2846 autem
326 2808 538 2847 relictorum
558 2809 712 2859 quosvis
732 2809 859 2861 potius
879 2820 993 2858 quam
1013 2807 1084 2844 hos
1103 2804 1278 2843 dominos
1295 2805 1486 2843 faceretis.

238 2871 295 2906 ll.
325 2869 382 2907 Ac
408 2882 501 2907 sane
525 2877 686 2919 oportet,
706 2883 729 2908 ο
748 2870 828 2915 viri,
847 2878 884 2906 et
904 2875 1060 2919 propter
1085 2866 1237 2918 generis
1261 2867 1552 2918 praerogativam
1579 2876 1617 2904 et

180 2936 334 2981 propter
356 2930 407 2967 rei
431 2930 548 2980 ipsius
568 2931 781 2974 veritatem,
804 2936 845 2966 ut
866 2941 997 2979 reapse
1015 2927 1159 2971 soletis,
1179 2927 1472 2977 consanguineis
1491 2928 1617 2978 potius
