1870 3277
769 517 1002 571 ISAEI

378 675 466 722 DE
503 674 907 722 ARISTARCHI
947 673 1389 722 HEREDiTATE.

669 880 1087 919 ARGUMENTUM.

201 966 394 997 Aristarchus
416 966 542 1007 quidam
566 967 694 996 filiorum
719 973 847 1007 quatuor
872 972 970 1008 pater,
988 965 1153 1008 Cyronidis
1176 972 1208 996 et
1230 966 1431 997 Democharis
1453 971 1485 996 et
1504 967 1604 997 matris

158 1018 238 1048 hanc
256 1017 421 1048 orationem
442 1017 582 1047 habentis
598 1022 628 1046 et
643 1017 708 1047 aliae
724 1017 846 1057 puellae,
863 1017 964 1047 adhuc
981 1018 1086 1047 vivens
1102 1017 1182 1046 hunc
1200 1016 1388 1057 Cyronidem
1405 1017 1436 1046 in
1450 1016 1604 1047 heredita-

159 1074 221 1099 tem
238 1069 287 1099 avi
304 1069 430 1099 materni
446 1068 610 1099 Xenaeneti
628 1069 798 1109 adoptavit,
815 1068 944 1109 reliquos
961 1080 1031 1098 vero
1052 1069 1130 1098 filios
1152 1068 1217 1108 ipse
1241 1068 1298 1098 sibi
1320 1069 1448 1098 heredes
1471 1068 1604 1107 reliquit.

159 1119 272 1150 Postea
294 1118 502 1150 Demochares
526 1120 590 1150 sine
612 1119 680 1149 filiis
700 1125 834 1150 mortuus
856 1126 914 1157 est,
933 1128 964 1151 et
985 1120 1048 1150 filia
1069 1119 1132 1160 ejus
1151 1120 1239 1149 unica
1258 1125 1289 1149 et
1308 1120 1376 1160 ipsa
1397 1129 1519 1160 quoque
1540 1119 1604 1150 sine

156 1170 275 1201 liberis:
300 1171 439 1201 universa
454 1171 558 1211 itaque
577 1171 730 1200 hereditas
749 1170 833 1211 juste
850 1170 880 1200 in
897 1175 1019 1200 matrem
1036 1170 1143 1200 recidit
1158 1170 1237 1199 hanc
1254 1171 1421 1200 orationem
1437 1170 1603 1200 recitantis.

157 1221 198 1251 Et
213 1222 278 1251 haec
295 1222 338 1252 sic
355 1232 386 1251 se
403 1222 538 1252 habent:
563 1227 631 1262 post
646 1220 812 1252 Aristarchi
830 1231 901 1251 vero
923 1226 1047 1251 mortem
1063 1220 1281 1256 Aristomenes,
1297 1220 1362 1261 ejus
1381 1221 1475 1251 frater
1494 1231 1603 1251 secun-

157 1272 291 1313 dumque
306 1272 388 1313 {eges
403 1272 531 1302 filiorum
546 1272 644 1303 fratris
665 1277 746 1302 tutor
763 1273 872 1306 sactus,
888 1272 979 1302 filiam
1002 1282 1086 1302 suam
1103 1271 1253 1312 Cyronidi
1269 1270 1435 1302 Aristarchi
1456 1271 1603 1312 adoptivo

156 1323 325 1363 conjunxit,
339 1323 536 1353 hereditatem
553 1322 721 1353 Aristarchi
735 1322 778 1353 illi
794 1323 948 1363 acquirere
963 1323 1153 1363 promittens.
1200 1322 1292 1357 Quod
1308 1327 1340 1351 et
1355 1322 1496 1362 praestitit
1510 1334 1517 1352 ε
1541 1322 1604 1352 filio

154 1384 285 1415 namque
297 1374 446 1415 Cyronidi
459 1380 531 1404 nato
545 1375 673 1415 primum
690 1384 785 1415 puero
799 1384 912 1404 nomen
928 1374 977 1403 avi
995 1373 1169 1414 imponunt,
1181 1374 1389 1404 Aristarchum
1401 1375 1603 1408 nominantes,

155 1425 269 1455 deinde
291 1435 361 1456 eum
382 1426 413 1455 in
429 1425 478 1455 avi
496 1425 621 1454 domum
637 1425 865 1464 adoptaverunt
881 1431 1028 1464 tanquam
1046 1425 1098 1454 illo
1115 1423 1324 1464 hocjubente,
1340 1429 1370 1453 et
1385 1424 1468 1453 idem
1483 1424 1603 1454 Aristo-

155 1486 259 1507 menes
274 1477 318 1507 illi
334 1481 428 1507 totam
443 1475 644 1511 hereditatem
660 1475 708 1505 avi
723 1475 859 1504 tradidit.
906 1475 964 1504 Illo
981 1485 1051 1504 vero
1069 1480 1186 1504 mortuo
1204 1484 1271 1504 curn
1293 1475 1395 1504 adhuc
1417 1484 1494 1515 puer
1513 1480 1604 1510 esset,

154 1528 358 1560 Xenaenetum
384 1528 505 1558 fratrem
528 1527 684 1568 proprium
710 1527 877 1557 secundum
900 1532 1114 1557 testamentum
1133 1526 1276 1556 heredem
1298 1526 1441 1557 instituit.
1486 1525 1543 1556 His
1562 1526 1605 1556 ita

153 1578 253 1614 factis,
266 1584 298 1609 et
310 1578 478 1608 Xenaeneto
492 1577 659 1607 Aristarchi
676 1577 800 1608 senioris
814 1578 894 1607 bona
906 1578 1094 1617 possidente,
1107 1577 1185 1607 filius
1201 1577 1270 1607 filiae
1282 1577 1452 1607 Aristarchi
1465 1577 1605 1613 senioris,

153 1628 238 1658 litem
255 1629 297 1659 illi
312 1628 454 1664 intendit,
467 1628 573 1658 dicens
589 1638 621 1658 se
637 1627 759 1658 unicum
775 1628 921 1658 heredem
937 1629 1084 1658 bonorum
1097 1627 1266 1659 Aristarchi
1282 1628 1407 1658 senioris
1422 1638 1500 1658 esse.
1538 1628 1602 1670 Cy-

153 1679 276 1711 ronides
299 1680 381 1710 enirn
404 1679 515 1721 (dicit)
537 1677 702 1718 adeptatus
718 1686 780 1709 est:
806 1686 892 1719 pater
906 1690 990 1714 vero,
1004 1690 1073 1709 curn
1089 1679 1183 1708 filiurn
1199 1679 1359 1719 ligitimam
1376 1679 1603 1710 Democharem

153 1730 289 1765 haberet,
304 1731 396 1760 filium
420 1730 477 1760 sibi
499 1730 647 1770 adoptare
667 1740 729 1760 non
749 1731 862 1770 potuit:
892 1728 1099 1760 Demochares
1115 1740 1185 1759 vero
1202 1740 1270 1759 cum
1287 1730 1383 1760 minor
1398 1737 1487 1766 esset,
1503 1742 1602 1772 neque

152 1782 219 1822 ipse
234 1782 336 1821 potuit
346 1781 440 1811 filium
457 1782 605 1822 adoptare
618 1791 628 1818 ;
651 1782 704 1811 sed
721 1791 821 1822 neque
837 1782 889 1811 illa
904 1781 963 1811 alia
981 1781 1042 1810 filia
1059 1780 1125 1821 ejus
1139 1791 1207 1821 quae
1221 1787 1311 1811 antea
1322 1786 1439 1811 mortua
1452 1788 1509 1812 est.
1538 1782 1602 1812 Ita—

153 1842 224 1873 que,
240 1842 310 1862 curn
325 1843 385 1863 non
401 1833 568 1863 secundum
585 1832 666 1872 leges
679 1831 812 1872 (inquit)
828 1832 959 1873 junioris
975 1831 1143 1861 Aristarchi
1162 1832 1289 1872 adoptio
1309 1832 1389 1862 facta
1411 1833 1460 1867 sit,
1473 1832 1602 1873 junioris

153 1882 319 1914 Aristarchi
337 1888 549 1914 testamentum
564 1894 626 1913 non
641 1889 688 1913 est
701 1883 835 1912 validum
849 1894 856 1912 :
881 1892 942 1924 quo
959 1893 1092 1923 namque
1108 1889 1198 1922 pacto
1214 1882 1299 1913 alteri
1317 1883 1436 1913 tradere
1450 1884 1602 1924 potuisset

153 1945 201 1970 ea,
216 1944 285 1975 quae
306 1935 372 1975 ipse
394 1934 502 1973 injuste
527 1934 726 1975 possederat?
762 1934 886 1964 Sublato
907 1934 1011 1974 itaque
1026 1938 1211 1964 testamento
1227 1933 1380 1964 hereditas
1390 1934 1459 1974 jure
1475 1934 1507 1964 in
1522 1925 1601 1965 hanc

152 1986 318 2016 orationem
335 1985 514 2016 recitantem
532 1984 648 2021 transit,
661 1995 730 2015 curn
746 1984 823 2015 filius
839 1984 982 2025 legitimas
998 1982 1164 2015 Aristarchi
1180 1985 1304 2015 senioris
1320 1984 1388 2014 filiae
1405 1984 1453 2014 sit.
1500 1984 1600 2025 Argu-

154 2042 289 2068 mentum
310 2037 370 2067 tale
389 2041 444 2072 est,
460 2047 560 2067 causae
581 2042 684 2067 autem
706 2041 801 2066 status
817 2035 979 2077 negotialis
993 2041 1025 2066 et
1040 2036 1158 2076 scriptis
1173 2041 1334 2066 constans:
1359 2036 1505 2076 quaeritur
1520 2037 1600 2067 enim

154 2098 193 2119 an
218 2088 279 2119 tale
302 2093 517 2119 testamentum
534 2088 667 2118 validum
682 2098 749 2119 esse
766 2092 916 2128 oporteat,
931 2092 963 2118 et
980 2088 1118 2126 quisnam
1140 2097 1242 2117 eorum
1263 2087 1316 2127 qui
1338 2088 1532 2118 contendunt
1550 2087 1599 2128 ju-

152 2141 244 2171 stiora
259 2140 353 2170 dicat.

209 2227 243 2263 1.
273 2225 457 2263 VELLEM
491 2224 683 2276 equidem,
711 2223 876 2275 judices,
907 2221 1233 2273 quemadmodum
1269 2221 1504 2260 Xenocrates
1538 2221 1600 2259 hic

153 2286 294 2325 diserte
322 2287 428 2325 novit
454 2292 568 2337 atque
595 2285 832 2323 confidenter
864 2284 1063 2322 mendacia
1088 2283 1250 2334 jactare,
1274 2283 1328 2320 ita
1356 2296 1414 2321 me
1446 2295 1598 2333 quoque

151 2342 363 2386 facundum
391 2359 478 2385 esse
504 2354 545 2384 ut
571 2359 700 2385 coram
720 2346 828 2383 vobis
850 2345 1046 2382 veritatem
1073 2357 1200 2381 causae
1226 2357 1322 2381 meae
1346 2356 1433 2380 cum
1457 2342 1599 2380 fiducia

153 2416 192 2448 et
220 2409 362 2460 linguae
388 2409 565 2446 libertate
592 2415 707 2459 atque
727 2406 962 2444 volubilitate
986 2418 1159 2444 enarrare
1179 2405 1361 2454 vobisque
1387 2405 1597 2454 approbare

151 2483 326 2522 possem:
356 2469 430 2507 hoc
445 2470 545 2508 enim
567 2470 597 2507 si
618 2469 709 2506 mihi
729 2468 861 2506 datum
882 2468 943 2513 sit,
964 2467 1117 2506 confido
1138 2466 1265 2504 statim
1286 2465 1390 2502 vobis
1410 2464 1595 2515 liquidum

151 2532 247 2578 fore,
262 2539 386 2570 utrum
408 2544 478 2569 nos
500 2531 549 2568 ad
569 2530 681 2582 hujus
701 2529 812 2568 sortis
832 2529 1052 2581 petitionem
1073 2540 1142 2578 per
1160 2526 1267 2564 nefas
1286 2525 1530 2571 accedamus,
1547 2537 1596 2562 an

152 2594 191 2632 hi
210 2591 435 2644 [adversarii
455 2592 592 2641 nostri]
612 2594 713 2630 bona
728 2591 872 2629 dudum
894 2604 959 2641 per
979 2589 1085 2627 nefas
1101 2594 1207 2639 rapta
1223 2595 1260 2625 et
1276 2586 1402 2625 adhuc
1418 2598 1598 2637 possessa

153 2652 292 2693 diutius
309 2654 470 2693 retinere
492 2654 760 2705 legitimosque
781 2659 909 2690 eorum*
932 2650 1107 2688 dominos
1127 2647 1330 2686 excludere
1345 2645 1596 2685 contendant.

154 2717 242 2756 Jam
256 2729 347 2754 vero
362 2728 437 2754 non
454 2729 566 2767 aequo
582 2728 714 2754 sumus
729 2714 815 2752 loco
830 2710 1040 2756 constituti,
1054 2710 1218 2762 judices.
1276 2708 1373 2745 Nam
1390 2708 1427 2745 hi
1443 2708 1598 2758 quidem

155 2784 200 2816 et'
220 2776 399 2816 facundia
420 2777 564 2828 pollent
583 2785 621 2816 et
643 2776 815 2816 amicitiis
836 2775 974 2818 fidunt,
993 2786 1088 2824 quas
1109 2772 1178 2810 sibi
1199 2783 1420 2822 comparare
1441 2770 1598 2808 multas-

155 2851 228 2891 que
254 2842 394 2876 norunt
417 2843 457 2875 et
478 2844 666 2888 potentes,
686 2845 728 2875 ut
747 2836 806 2874 vel
831 2847 900 2886 pro
920 2833 1002 2872 aliis
1023 2845 1177 2884 quoque
1198 2844 1369 2884 persaepe
1389 2831 1427 2869 in
1440 2831 1597 2883 judiciis

153 2899 416 2939 contendant:
445 2911 519 2949 ego
547 2913 636 2938 vero
673 2906 818 2938 tantum
857 2898 992 2934 absum
1023 2903 1065 2933 ut
1093 2895 1256 2933 alienam
1294 2907 1446 2933 causam
1482 2894 1597 2932 ullam

842 2960 863 2995 3
891 2970 913 2994 r
