1870 3277
701 178 1063 217 AEGINETICUS.
1532 181 1608 218 267

158 286 197 319 et
214 280 318 331 quod
342 294 365 320 a
383 294 443 320 me
463 281 668 321 destitutus
696 295 773 320 non
793 282 950 319 haberet
975 279 1068 330 quid
1089 278 1148 319 *de
1172 280 1251 318 suis
1279 280 1392 318 rebus
1414 286 1612 320 statueret.

157 342 191 379 A
217 355 294 392 qua
313 344 404 381 urbe
431 345 603 394 quamvis
632 350 750 383 mater
770 342 999 386 abhorreret,
1024 340 1130 392 quod
1156 340 1404 391 pestilentem
1433 355 1518 380 esse
1545 355 1613 381 au-

157 402 293 449 dierat,
319 410 358 442 et
375 404 546 456 hospites
577 405 786 443 suaderent
814 409 856 440 ut
881 402 932 440 ibi
962 414 1219 446 maneremus,
1248 407 1375 439 tamen
1395 402 1520 440 visum
1549 412 1609 443 est

156 465 266 503 nobis
285 478 427 504 morem
449 467 501 504 illi
520 466 729 517 gerendum
751 477 848 503 esse·
904 464 999 502 Post
1016 463 1115 509 haec,
1135 476 1252 514 quum
1275 463 1439 514 primum
1460 465 1611 504 Troeze-

158 541 244 566 nem
272 530 520 575 venissemus,
540 530 638 568 tales
668 528 787 566 morbi
810 540 880 566 nos
901 527 1136 572 invaserunt,
1158 526 1223 577 qui
1243 539 1304 564 me
1323 526 1478 577 quidem
1499 540 1611 578 paene

155 590 427 637 confecissent,
446 603 612 628 sororem
638 596 740 627 certe
765 602 889 627 meam
914 589 1083 640 puellam
1102 601 1222 625 annos
1248 599 1334 625 xrv
1358 594 1486 625 natam
1513 588 1613 626 intra

157 651 237 689 dies
257 664 281 689 x
296 666 322 689 x
337 666 363 690 x
387 652 530 703 sepelii,
557 659 595 689 et
614 657 770 689 matrem
793 664 869 689 non
895 651 1063 701 quinque
1083 650 1220 687 diebus
1241 657 1340 701 post.
1399 649 1502 692 Quid
1522 661 1611 688 vero

158 713 273 750 animi
298 714 412 751 fuisse
439 713 531 750 mihi
555 712 732 759 censetis,
753 725 870 763 quum
899 725 958 749 res
979 724 1075 749 meae
1103 711 1156 748 ita
1182 717 1339 748 mutatae
1361 709 1518 749 essent?
1547 711 1611 761 qui

157 774 342 825 superiori
362 782 531 825 tempore
546 787 684 825 expers
706 774 890 812 malorum
913 773 1094 818 vixeram,
1110 784 1155 810 ac
1175 784 1297 823 nuper
1318 778 1357 809 et
1372 771 1496 810 exsilii
1515 772 1613 823 peri-

157 834 286 872 culum
305 835 470 873 feceram
486 842 525 873 et
542 834 768 885 inquilinum
790 834 894 886 apud
910 833 1002 872 alios
1024 846 1137 884 agere
1154 839 1193 871 et
1211 832 1306 870 meis
1327 832 1462 883 opibus
1483 845 1612 870 carere

157 895 377 941 didiceram,
401 905 563 935 matrem
581 897 745 945 denique
764 909 890 935 meam
912 902 951 934 et
979 908 1145 933 sororem
1168 895 1290 946 patria
1316 895 1485 946 privatas
1506 894 1612 933 vide-

155 959 242 997 bam
263 968 301 998 et
321 973 476 1012 peregre
495 974 539 999 ac
562 961 665 1011 apud
692 960 836 999 alienos
857 958 1079 997 morientes.
1137 957 1267 1001 Quare
1287 969 1400 995 nemo
1419 956 1509 995 mihi
1522 956 1612 1008 jure

156 1021 351 1068 invidebit,
367 1022 398 1060 si
413 1022 504 1073 quid
525 1035 545 1061 e
565 1021 815 1074 Thrasylochi
834 1021 946 1059 rebus
968 1019 1161 1059 commodi
1179 1018 1316 1069 capio:
1343 1030 1432 1057 narn
1453 1018 1544 1056 dum
1560 1017 1612 1056 illi

156 1083 373 1133 obsequens
394 1083 578 1123 Troezene
592 1084 693 1130 vivo,
708 1097 773 1122 eas
790 1083 921 1134 accepi
940 1081 1070 1120 clades
1085 1093 1246 1131 quarum
1260 1093 1461 1131 nunquam
1477 1087 1612 1131 potero

156 1144 338 1182 oblivisci.

214 1209 273 1246 13.
302 1208 389 1246 Jam
423 1222 470 1246 ne
501 1209 593 1247 illud
624 1208 780 1259 quidem
812 1207 938 1245 dicere
963 1211 1156 1257 poterunt,
1190 1218 1250 1244 me
1280 1203 1398 1244 rebus
1431 1204 1611 1243 secundis

156 1268 408 1319 Thrasylochi
435 1270 519 1308 haec
552 1271 681 1308 omnia
712 1269 890 1314 subiisse,
917 1275 1032 1319 atque
1060 1267 1226 1306 eundem
1256 1268 1294 1304 in
1327 1266 1610 1304 calamitatibus

157 1329 401 1368 deseruisse:
431 1345 517 1369 nam
545 1332 583 1368 in
607 1330 680 1368 illis
707 1331 802 1381 ipsis
828 1329 1043 1368 evidentius
1065 1328 1179 1367 etiam
1199 1335 1238 1366 et
1263 1328 1402 1366 certius
1423 1327 1612 1365 declaravi

155 1399 300 1442 quanta
333 1405 419 1431 eum
451 1392 719 1431 benevolentia
746 1403 1009 1443 prosequerer.
1077 1391 1206 1434 Quum
1241 1390 1343 1428 enim
1365 1389 1544 1440 AEginam
1571 1402 1613 1427 se

157 1452 370 1492 habitatum
396 1454 623 1492 contulisset
652 1466 697 1492 ac
718 1453 755 1492 in
777 1466 864 1492 eum
889 1453 1064 1491 morbum
1090 1451 1295 1490 incidisset
1320 1463 1397 1502 quo
1416 1450 1540 1502 periit,
1559 1451 1613 1488 sic

156 1527 242 1552 eum
263 1515 393 1553 curavi
412 1523 454 1554 ut
471 1515 576 1554 haud
598 1515 678 1555 scio
692 1528 739 1554 an
755 1516 958 1566 quisquam
974 1514 1073 1553 alius
1086 1513 1217 1560 alium,
1230 1513 1435 1552 maximam
1454 1512 1611 1563 quidem

155 1576 338 1627 temporis
357 1584 504 1627 partem
532 1577 632 1616 male
659 1577 855 1623 affectum,
879 1577 933 1614 ita
954 1584 1083 1615 tamen
1113 1583 1154 1614 ut
1182 1575 1332 1628 prodire
1352 1575 1389 1613 in
1417 1575 1613 1627 publicum

153 1645 301 1688 posset,
321 1651 388 1676 sex
406 1645 534 1677 autem
553 1652 707 1677 menses
727 1646 934 1691 perpetuos
962 1639 1001 1676 in
1019 1638 1162 1677 lectulo
1192 1638 1506 1677 decumbentem.
1565 1637 1615 1675 Et

155 1697 286 1736 harum
316 1699 552 1738 miseriarum
573 1700 777 1751 quisquam
804 1707 1054 1750 cognatorum
1083 1700 1167 1751 ejus
1195 1700 1387 1751 particeps
1413 1711 1496 1736 esse
1515 1697 1614 1737 adeo

156 1773 234 1797 non
246 1759 380 1807 voluit,
395 1768 438 1799 ut
450 1774 522 1799 nec
537 1762 707 1800 inviserit
718 1761 933 1811 quisquam,
949 1768 1088 1813 praeter
1103 1767 1263 1799 matrem
1279 1761 1362 1811 ejus
1379 1766 1419 1798 et
1432 1772 1615 1806 sororem,

156 1835 245 1873 quae
272 1831 463 1861 auxerunt
481 1823 596 1861 etiam
624 1814 731 1860 meas
751 1823 969 1860 molestias:
999 1835 1089 1859 narn
1110 1829 1268 1871 aegrotae
1286 1823 1471 1859 Troezene
1499 1821 1615 1861 adve-

156 1883 320 1929 nientes,
350 1884 444 1935 ipsae
469 1883 666 1922 curatione
694 1882 933 1933 indigebant.
990 1881 1075 1932 Ego
1094 1889 1238 1926 tamen,
1260 1895 1378 1932 quum
1406 1882 1469 1920 alii
1495 1882 1549 1920 ita
1573 1896 1613 1921 se

157 1952 348 1995 gererent,
376 1959 464 1984 eum
490 1958 569 1983 non
599 1944 754 1983 deserui
782 1956 853 1981 nec
884 1943 1121 1994 defatigatus
1153 1956 1252 1988 sum,
1280 1943 1347 1981 sed
1377 1956 1464 1981 cum
1500 1944 1614 1983 unico

156 2020 275 2058 puero
305 2008 386 2059 ejus
416 2021 547 2046 curam
578 2007 662 2058 egi:
705 2019 820 2058 quem
850 2019 920 2044 nec
951 2005 1181 2043 famulorum
1214 2005 1418 2056 quisquam
1451 2006 1613 2046 tolerare

159 2078 324 2121 poterat,
344 2078 422 2108 tum
443 2077 579 2108 natura
598 2070 690 2108 satis
711 2082 888 2120 asperum
908 2075 988 2106 tum
1010 2081 1056 2106 ex
1073 2068 1206 2107 morbo
1229 2067 1346 2118 longe
1367 2070 1612 2107 morosiorem

157 2131 315 2169 factum.
372 2132 501 2175 Quare
527 2144 601 2168 non
623 2131 697 2168 hoc
724 2130 858 2167 mirum
888 2136 961 2176 est,
980 2128 1064 2167 illos
1091 2142 1168 2167 non
1195 2130 1399 2176 mansisse,
1429 2130 1497 2168 sed
1516 2131 1613 2170 illud

157 2192 299 2243 potius,
316 2206 373 2230 me
395 2206 495 2230 curae
512 2192 631 2230 morbi
649 2192 746 2230 illius
762 2191 935 2230 sufficere
951 2191 1120 2242 potuisse
1136 2204 1145 2230 :
1175 2191 1241 2241 qui
1258 2198 1297 2229 et
1310 2192 1427 2242 longo
1443 2199 1614 2244 tempore

159 2254 247 2291 tabe
275 2254 474 2292 laborabat
494 2261 534 2291 et
560 2267 580 2291 e
609 2253 752 2292 lectulo
781 2267 823 2291 se
845 2266 1083 2291 commovere
1111 2265 1189 2291 non
1219 2259 1381 2304 poterat,
1403 2253 1457 2292 sic
1484 2262 1613 2293 autem

157 2329 244 2354 cum
265 2329 311 2354 eo
337 2318 521 2368 agebatur
539 2324 582 2354 ut
607 2316 753 2354 nullum
774 2316 876 2354 diem
894 2315 975 2354 sine
996 2314 1176 2367 lacrymis
1195 2328 1410 2365 ageremuS,
1435 2316 1503 2353 sed
1523 2317 1613 2354 sub·

158 2378 249 2416 inde
269 2379 621 2416 commiseraremur
640 2385 678 2416 et
697 2377 846 2416 labores
876 2384 1028 2415 nostros
1049 2384 1086 2414 et
1105 2376 1282 2415 exsilium
1309 2383 1347 2414 et
1366 2376 1614 2414 solitudinem

158 2447 338 2479 nostram.
410 2441 548 2491 Neque
578 2439 663 2478 haec
694 2439 772 2478 ullo
806 2447 978 2492 tempore
1004 2438 1375 2477 intermittebantur:
1417 2451 1486 2476 nec
1512 2438 1613 2476 enim

155 2502 245 2540 mihi
267 2502 414 2553 uspiam
439 2501 639 2540 discedere
660 2501 800 2540 licebat
821 2509 887 2540 aut
905 2514 992 2540 eum
1015 2501 1210 2552 negligere
1237 2499 1369 2545 videri,
1395 2499 1500 2549 quod
1519 2499 1611 2537 mihi

158 2562 278 2601 multo
297 2563 469 2602 acerbius
489 2570 571 2600 erat
590 2575 704 2613 quam
723 2562 825 2601 mala
845 2568 999 2601 caetera.

216 2628 279 2665 14.
307 2627 432 2665 Velim
463 2625 641 2677 equidem
674 2638 735 2663 me
767 2638 882 2677 posse
913 2624 1023 2662 vobis
1055 2621 1271 2666 ostendere,
1304 2620 1427 2671 qualis
1454 2620 1491 2658 in
1525 2633 1612 2659 eum

160 2687 314 2725 fuerim:
344 2701 421 2738 quo
440 2688 544 2726 facto
558 2700 626 2725 vos
642 2687 801 2725 arbitror
819 2698 944 2737 neque
965 2697 1096 2722 vocem
1111 2682 1412 2721 adversariorum
1430 2681 1613 2720 toleratu—

160 2762 235 2786 ros.
292 2750 420 2795 Nunc,
447 2763 533 2801 quae
560 2749 597 2787 in
625 2749 821 2788 curatione
852 2745 1077 2784 difficillima
1096 2751 1136 2782 et
1163 2743 1435 2782 molestissima
1463 2750 1555 2782 sunt
1574 2750 1614 2782 et

161 2811 312 2849 labores
327 2811 589 2850 acerbissimos
603 2811 886 2860 maximamque
900 2806 1194 2845 sollicitudinem
1211 2804 1418 2856 postulant,
1429 2818 1504 2843 non
1521 2806 1613 2843 satis

164 2872 364 2911 commode
391 2873 533 2912 narrari
558 2880 731 2925 possunt.
786 2871 868 2909 Vos
896 2869 1010 2919 igitur
1034 2866 1278 2906 considerate
1303 2866 1456 2918 quantis
1475 2865 1612 2917 vigiliis

166 2941 206 2972 et
225 2934 386 2973 miseriis
412 2933 498 2972 talis
521 2942 561 2973 et
590 2941 665 2974 tam
694 2934 897 2972 diuturnus
917 2931 1070 2969 morbus
1091 2929 1140 2968 sit
1162 2929 1370 2969 curandus.
1427 2929 1511 2980 Ego
1529 2927 1611 2978 qui-
