1870 3277
235 185 278 220 18
827 187 1107 225 lSOCRATlS

230 287 337 325 alteri
365 286 514 323 delectu
547 299 593 323 ex
626 287 804 324 omnibus
835 288 966 326 habito
996 289 1333 339 prudentissimos;
1363 290 1469 327 alteri
1497 290 1685 327 honorant

231 361 296 385 eos
336 348 401 396 qui
437 347 473 383 in
508 349 620 384 turba
656 348 782 385 dicere
814 357 991 399 possunt,
1023 350 1131 387 alteri
1170 352 1282 387 rebus
1316 351 1490 399 gerendis
1525 351 1685 388 idoneos

230 409 413 446 evehunt.

283 471 321 505 6.
356 470 490 519 Neque
513 482 600 506 vero
623 471 656 506 in
679 470 914 519 quotidianis
936 479 1083 509 tantum
1106 486 1151 510 ac
1173 473 1274 510 velut
1296 474 1331 509 in
1363 473 1491 509 orbem
1520 472 1683 509 redeun-

228 531 330 568 tibus
352 531 570 568 monarcbae
593 532 756 580 negotiis
777 532 991 577 excellunt,
1011 534 1079 570 sed
1102 547 1235 571 omnes
1263 534 1375 571 etiarn
1409 533 1498 570 belli
1527 532 1682 582 gerendi

228 592 524 630 commoditates
545 592 869 642 complectuntur.
931 593 1028 631 Nam
1050 602 1089 632 et
1116 595 1355 632 conscribere
1383 594 1520 630 milites
1546 600 1584 630 et
1611 592 1684 629 illis

229 655 297 699 uti,
320 646 508 691 seu'clam
530 665 598 689 seu
619 654 970 703 praeoccupatione,
990 663 1028 692 et
1048 656 1129 692 aliis
1145 655 1390 705 persuadere,
1412 654 1506 690 alios
1536 665 1686 703 cogere,

229 715 324 752 alios
344 715 606 765 largitionibus
627 715 834 760 adducere,
855 716 949 754 alios
970 717 1049 754 aliis
1069 717 1203 754 officiis
1233 716 1432 760 demereri,
1450 714 1597 752 facilius
1628 721 1687 751 est

231 775 461 813 monarchiis
488 788 603 824 quam
630 776 777 813 caeteris
805 777 983 827 imperiis.
1041 779 1169 827 Atque
1198 778 1283 814 haec
1313 790 1388 814 non
1418 777 1543 812 minus
1573 777 1686 812 rebus

228 838 319 889 ipsis
340 850 456 888 quam
477 838 602 874 verbis
622 839 841 888 probantur.
902 840 1000 876 Nam
1021 847 1059 876 et
1082 840 1284 877 Persarum
1313 839 1517 888 potentiam
1542 838 1684 875 scimus

227 913 362 939 omnes
389 899 438 937 ad
471 906 618 936 tantam
650 900 884 949 processisse
912 902 1232 951 magnitudinem,
1253 913 1328 937 non
1349 901 1513 937 virorum
1533 899 1685 936 illorum

227 961 445 1013 prudentia,
467 961 534 997 sed
555 961 694 998 eximia
713 974 846 1010 regum
869 963 1129 1000 observantia:
1162 970 1200 1000 et
1220 962 1398 1013 Dionysii
1418 961 1570 1011 tyranni
1591 972 1685 1009 opes

227 1022 362 1061 eadem
397 1022 542 1059 ratione
575 1022 743 1059 crevisse
774 1023 954 1067 vidimus3
996 1024 1074 1073 qui,
1097 1037 1213 1073 quum
1245 1036 1322 1061 non
1356 1023 1540 1072 reliquam
1568 1021 1684 1058 modo

229 1084 396 1122 Siciliam
416 1089 619 1126 vastatam,
640 1083 707 1119 sed
729 1096 834 1120 suam
858 1086 1017 1134 patriam
1045 1085 1158 1122 etiam
1181 1085 1383 1122 obsidione
1403 1084 1579 1127 cinctam,
1601 1094 1683 1119 sus-

227 1146 408 1196 cepisset,
424 1151 504 1180 tum
526 1142 600 1179 illis
623 1155 705 1179 eam
727 1145 907 1193 periculis
930 1146 1115 1190 liberavit,
1139 1153 1218 1182 tum
1241 1145 1464 1182 Graecarum
1487 1144 1684 1182 civitatum

228 1207 434 1245 maximam
457 1203 602 1241 effecit:
633 1204 749 1241 etiam
771 1205 1112 1255 Carthaginienses
1128 1214 1166 1243 et
1185 1204 1484 1249 Lacedaemonii,
1505 1205 1567 1254 qui
1589 1205 1686 1241 inter

227 1280 360 1307 omnes
383 1265 545 1303 Graecos
566 1265 708 1315 optime
728 1267 1002 1316 rempublicam
1026 1267 1309 1312 administrant,
1330 1266 1403 1303 etsi
1422 1266 1524 1303 domi
1548 1277 1686 1315 pauco·

227 1344 309 1368 rum
329 1333 519 1380 potestate
541 1333 741 1376 reguntur,
764 1327 800 1363 in
820 1328 929 1365 bellis
950 1337 1077 1366 tamen
1100 1329 1204 1378 regio
1226 1335 1362 1378 parent
1380 1326 1550 1377 imperio·
1582 1326 1685 1369 Quin

227 1402 264 1432 et
285 1392 476 1431 civitatem
501 1388 808 1435 Atheniensium,
822 1402 909 1439 quae
922 1390 1154 1427 monarchiis
1174 1389 1428 1427 infensissima
1443 1395 1512 1432 est,
1533 1387 1687 1424 ostendi

227 1460 368 1507 potest,
397 1450 554 1502 quando
582 1450 724 1487 multos
754 1451 1003 1501 imperatores
1034 1451 1163 1502 mittit,
1196 1451 1297 1488 affici
1327 1449 1522 1491 cladibus;
1566 1461 1684 1498 quum

225 1529 315 1555 vero
336 1515 372 1551 in
393 1512 484 1550 belli
502 1510 786 1548 discriminibus
807 1525 925 1549 unum
953 1525 1113 1549 summae
1142 1525 1267 1549 rerum
1294 1510 1466 1562 praeficit,
1486 1511 1584 1546 bene
1604 1522 1682 1547 rem

224 1589 357 1629 gerere
378 1574 514 1612 solere.
571 1572 776 1610 Enimvero
795 1573 948 1623 quinam
966 1573 1180 1610 evidentius
1194 1572 1345 1610 ostendi
1360 1579 1484 1622 potest
1499 1578 1685 1620 praestan-

224 1638 390 1676 tissimas
407 1646 490 1672 esse
509 1633 764 1679 monarchias,
778 1647 892 1684 quam
912 1633 1132 1684 hujusmodi
1155 1632 1361 1684 exemplis?
1391 1632 1462 1670 Est
1481 1633 1580 1669 enim
1602 1645 1686 1682 per-

225 1698 401 1749 spicuum
421 1703 461 1734 et
481 1709 560 1740 eos,
577 1695 839 1746 quiperpetuo
860 1696 977 1746 regiae
994 1695 1177 1746 potestati
1199 1702 1346 1745 parent,
1363 1707 1448 1731 esse
1469 1692 1683 1744 potentissi-

224 1772 308 1797 mos
343 1771 386 1795 ac
417 1758 463 1795 ad
497 1758 709 1808 gerendum
737 1757 880 1794 bellum
911 1756 1245 1799 instructissimos;
1288 1762 1326 1792 et
1354 1767 1434 1798 eos,
1467 1754 1529 1804 qui
1561 1755 1682 1791 bonas

224 1819 456 1870 oligarchias
475 1818 633 1864 habent,
653 1818 691 1855 in
720 1820 834 1855 rebus
861 1817 1096 1868 gravissimis
1123 1824 1162 1853 et
1191 1816 1380 1861 maximis,
1399 1815 1533 1866 partim
1561 1826 1680 1851 unum

223 1888 373 1919 tantum
393 1880 676 1930 imperatorem,
696 1879 833 1930 partim
852 1892 982 1929 regem
1003 1878 1230 1916 exercitibus
1257 1890 1344 1914 cum
1371 1876 1526 1926 imperio
1555 1875 1682 1926 praefi-

224 1954 329 1985 cere3
356 1948 393 1978 et
409 1954 490 1986 eos,
506 1941 572 1991 qui
592 1940 835 1978 monarchias
851 1941 1030 1985 oderunt,
1044 1939 1200 1989 quando
1215 1938 1356 1975 multos
1372 1937 1492 1975 duces
1511 1936 1681 1983 mittunt,

223 2001 318 2039 nihil
338 2009 442 2039 recte
464 2002 702 2052 seliciterque
717 2001 998 2038 administrare.
1056 2000 1171 2042 Quod
1192 2000 1222 2036 si
1245 1999 1335 2049 quid
1356 2012 1378 2036 e
1393 1998 1594 2036 vetustatis
1609 2010 1686 2035 me-

223 2062 344 2100 moria
361 2063 614 2113 repetendum
631 2069 703 2107 est,
724 2062 774 2098 dii
794 2061 910 2098 etiam
924 2074 1052 2111 regem
1072 2060 1215 2097 habere
1228 2060 1364 2097 Jovem
1382 2059 1573 2096 dicuntur.
1605 2059 1682 2101 Qui

222 2135 347 2161 sermo
359 2123 389 2160 si
404 2135 518 2160 verus
535 2128 605 2168 est,
619 2127 779 2172 apparet
792 2121 886 2159 deos
900 2121 1014 2158 etiam
1033 2121 1136 2158 hunc
1150 2128 1291 2158 statum
1305 2121 1454 2158 caeteris
1468 2119 1679 2163 anteferre:

222 2185 280 2222 sin
300 2183 354 2221 rei
372 2183 569 2221 veritatem
589 2196 704 2220 nemo
724 2183 841 2227 novit,
863 2182 932 2219 sed
954 2182 1025 2233 ipsi
1045 2183 1277 2230 conjecturis
1298 2183 1336 2218 in
1357 2194 1441 2218 eam
1463 2181 1681 2232 opinionem

221 2244 380 2283 adducti
400 2257 548 2288 sumus,
564 2244 604 2281 id
624 2250 847 2294 argumento
867 2250 926 2280 est
944 2256 1014 2280 nos
1030 2256 1162 2281 omnes
1178 2242 1436 2280 monarchiam
1452 2243 1684 2293 praestantis-

222 2305 356 2343 simam
370 2304 564 2354 judicare:
597 2317 666 2342 nec
684 2304 785 2341 enim
798 2304 866 2341 tali
881 2304 975 2341 deos
988 2303 1043 2340 uti
1059 2303 1256 2354 republica
1269 2303 1579 2348 diceremus‚nisi
1595 2316 1680 2341 eam
1730 2294 1734 2298 i

220 2366 336 2417 longe
357 2371 544 2416 praestare
565 2365 713 2403 caeteris
735 2364 993 2402 crederemus.
1050 2365 1108 2402 Ac
1129 2364 1178 2402 de
1200 2364 1341 2414 politiis
1368 2364 1538 2414 quidem,
1562 2377 1682 2414 quan-

221 2435 302 2465 tum
322 2426 406 2464 aliae
427 2426 510 2464 aliis
531 2426 780 2471 antecellant,
801 2438 872 2463 nec
893 2424 1053 2462 inveniri
1069 2438 1141 2463 nec
1162 2425 1238 2463 dici
1258 2432 1421 2476 possunt
1440 2425 1589 2463 omnia:
1611 2426 1680 2464 sed

221 2488 395 2526 instituto
416 2493 549 2524 nostro
570 2487 683 2525 etiam
701 2486 785 2524 haee
805 2499 1130 2524 commemorasse
1151 2485 1332 2524 sufficiat.

275 2550 298 2585 7
303 2577 312 2589 ,
336 2547 438 2585 Illud
453 2555 595 2593 autem,
605 2549 693 2599 jure
707 2560 778 2585 nos
793 2554 925 2584 tenere
944 2547 1159 2598 imperium,
1179 2547 1300 2585 multo
1315 2546 1467 2585 brevius
1483 2554 1522 2584 et
1535 2547 1679 2597 majore

220 2608 393 2647 omnium
415 2621 575 2646 assensu
606 2608 846 2659 expedietur.
902 2607 1000 2649 Quis
1025 2609 1126 2645 enim
1152 2608 1316 2658 ignorat,
1336 2609 1526 2646 Teucrum
1558 2609 1679 2645 nostri

222 2671 374 2721 generis
388 2670 615 2721 principem,
634 2677 862 2708 caeterorum
887 2668 1028 2709 civium
1054 2669 1212 2707 adscitis
1234 2670 1453 2717 majoribus,
1472 2669 1548 2706 huc
1571 2668 1678 2706 navi-

222 2744 331 2783 gasse
345 2738 384 2768 et
402 2732 497 2769 urbe
511 2732 670 2770 condita
684 2744 817 2782 agrum
832 2731 887 2768 eis
900 2729 1166 2768 distribuisse?
1191 2737 1339 2782 patrem
1358 2743 1450 2768 vero
1462 2730 1677 2780 Evagoram

221 2793 419 2844 imperium
440 2793 486 2831 ab
507 2792 589 2830 aliis
610 2794 794 2831 amissum
823 2791 997 2829 maximis
1022 2791 1201 2841 perieulis
1222 2792 1335 2830 aditis
1356 2803 1619 2842 recuperasse,
1639 2797 1677 2828 et

221 2867 267 2893 eo
287 2853 483 2904 redegisse
512 2867 593 2891 rem
624 2860 668 2891 ut
687 2855 769 2905 jam
797 2866 874 2891 non
892 2852 1096 2889 Phoenices
1123 2852 1367 2903 tyrannidem
1387 2853 1425 2889 in
1445 2851 1676 2890 Salaminios

222 2921 436 2960 exerceant,
457 2914 525 2952 sed
544 2914 567 2951 ii
586 2927 748 2965 regnum
767 2914 880 2952 etiam
897 2926 1014 2960 nunc,
1028 2925 1189 2962 quorum
1211 2913 1381 2951 abinitio
1395 2913 1482 2959 fuit,
1495 2911 1678 2950 teneant?
