1870 3277
604 207 675 243 DE
706 198 1162 244 PERMUTA'HONE.
1534 207 1614 243 209

147 314 234 346 cum
262 307 421 357 quidem
446 307 656 359 incipiebat
682 318 806 359 genus
831 307 1041 345 humanum
1069 306 1189 345 creari
1213 312 1252 345 et
1276 307 1314 344 in
1339 308 1498 346 urbibus
1517 320 1610 347 con-

146 368 312 419 gregari,
342 382 411 419 par
438 369 508 407 fuit
534 370 707 418 ejusdem
729 381 815 407 esse
841 368 1074 407 conditionis
1105 373 1145 406 et'
1168 368 1299 419 legum
1333 376 1374 408 et
1393 371 1610 409 orationum

144 429 484 480 conquisitionem:
515 436 722 482 postquam
735 440 825 468 vero
840 431 916 468 huc
936 430 1131 481 progressi
1146 443 1279 468 sumus
1299 437 1342 468 ut
1362 437 1400 468 et
1419 434 1618 471 orationes·

144 491 314 528 recitatae
333 498 373 529 et
398 492 504 542 leges
529 492 696 530 conditae
726 492 938 530 innumerae
965 491 1054 537 sint,
1080 505 1278 543 quumque
1300 492 1431 542 legum
1453 493 1610 543 quidem

144 551 352 591 laudentur
377 554 668 605 antiquissimae,
696 555 914 592 orationum
945 561 1074 592 autem
1106 554 1396 600 recentissimae,
1425 568 1501 593 non
1530 556 1610 606 jam

145 614 245 664 paris
265 615 407 665 ingenii
436 615 634 666 negotium
659 615 697 653 id
719 622 803 659 est;
836 615 905 653 sed
924 615 1031 666 leges
1052 616 1149 653 ferre
1181 615 1473 654 instituentibus
1504 628 1611 654 com-

144 675 261 713 moda
281 682 340 714 est
364 676 572 714 multitudo
600 683 715 714 antea
741 676 984 715 conditarum
1006 699 1055 705 ——
1077 677 1172 714 nihil
1199 677 1298 715 enim
1330 690 1428 728 opus
1455 684 1515 715 est
1544 690 1610 716 eos

144 749 263 774 novas
283 749 466 787 quaerere,
487 737 556 775 sed
578 737 670 775 satis
691 744 751 775 est
772 751 861 788 quae
881 738 1095 789 suntrapud
1109 738 1202 776 alios
1223 739 1395 789 probatae
1414 738 1610 789 colligere,

142 798 245 848 quod
265 797 375 836 facile
404 799 580 850 quisquis
599 800 638 837 id
660 799 823 838 voluerit
842 799 960 838 faciet
977 823 1043 846 —,
1063 800 1108 839 iis
1128 813 1218 838 vero
1244 800 1310 851 qui
1332 801 1609 851 componendis

142 858 379 898 orationibus
399 868 553 907 vacant,
575 873 621 899 eo
641 861 746 912 quod
776 861 941 912 plurima
953 862 1035 913 jam
1054 861 1130 900 sint
1149 868 1354 913 occupata,
1375 863 1608 900 contrarium

140 920 304 959 accidit:
335 933 438 968 nam,
459 922 492 960 si
512 922 648 961 eadem
670 935 714 962 ac
733 925 841 974 prius
860 923 1020 961 recitata
1036 922 1181 968 dicant,
1203 923 1451 974 impudentes
1472 937 1516 962 ac
1537 938 1609 961 nu-

140 987 292 1032 gatores
322 982 568 1031 videbuntur,
599 997 701 1022 nova
732 985 763 1022 si
789 991 980 1035 quaerant,
1014 997 1177 1036 operose
1210 984 1420 1022 invenient.
1478 986 1609 1030 Quare

140 1043 219 1081 dixi
238 1051 422 1095 utrosque
441 1045 600 1095 quidem
625 1046 762 1083 merito
781 1046 1017 1093 laudandos,
1035 1046 1271 1084 luculentius
1291 1051 1422 1084 tamen
1441 1059 1522 1093 eos,
1544 1048 1609 1098 qui

139 1112 301 1156 possunt
319 1105 358 1144 id
378 1105 485 1157 quod
505 1111 566 1144 est
583 1105 776 1145 difficilius
796 1113 993 1158 praestare.
1035 1107 1125 1145 Jam
1144 1114 1182 1145 et
1195 1107 1255 1154 iis,
1276 1107 1340 1159 qui
1359 1108 1430 1146 sibi
1451 1115 1617 1148 sumunt—

138 1172 183 1205 ut
215 1166 312 1205 alios
345 1167 396 1205 ad
428 1168 725 1219 temperantiam
755 1174 794 1206 et
820 1169 1010 1219 justitiam
1042 1168 1257 1214 hortentur,
1290 1182 1362 1208 nos
1389 1170 1608 1209 veraciores

139 1235 254 1280 atque
279 1229 449 1268 utiliores
478 1230 824 1281 deprehendemur.
883 1230 913 1267 Ii
933 1230 1036 1268 enim
1063 1230 1266 1268 hortantur
1285 1230 1335 1269 ad
1363 1230 1542 1270 virtutem
1569 1239 1608 1270 et

137 1290 366 1341 sapientiam
386 1291 598 1342 quandam,
618 1304 705 1341 quae
720 1293 869 1329 caeteris
889 1290 1047 1341 quidem
1067 1291 1214 1342 ignota,
1233 1291 1336 1343 apud
1356 1292 1460 1342 ipsos
1477 1299 1608 1331 autem

136 1359 384 1391 controversa
409 1359 481 1398 est,
509 1366 584 1405 ego
603 1365 692 1391 vero
719 1353 767 1391 ad
789 1365 875 1391 eam
905 1366 994 1404 quae
1014 1353 1165 1391 cunctis
1192 1353 1231 1390 in
1251 1353 1433 1392 confesso
1452 1360 1538 1393 est:
1569 1362 1610 1393 et:¹

134 1414 209 1453 illis
222 1415 352 1465 utique
367 1414 522 1460 sufficit,
542 1415 573 1453 si
587 1427 685 1466 quos
702 1410 807 1453 fama
823 1414 1023 1453 nominum
1038 1414 1189 1465 possint
1203 1414 1242 1452 in
1260 1427 1368 1453 suam
1384 1415 1607 1466 pertrahere

136 1477 476 1524 consuetudinem,
496 1490 570 1528 ego
589 1489 680 1515 vero
698 1489 899 1526 nunquam
929 1486 1119 1528 coarguar
1148 1477 1340 1527 privatum
1365 1476 1537 1528 aliquem
1557 1478 1618 1516 ad·

136 1550 196 1576 me
217 1538 413 1585 invitasse,
434 1537 577 1576 civitati
602 1551 716 1589 porro
743 1538 933 1576 universae
958 1537 1123 1576 suadere
1151 1550 1270 1575 conor
1289 1550 1336 1576 ea
1359 1538 1536 1589 aggredi,
1557 1540 1608 1578 ob

135 1611 224 1650 quae
244 1605 285 1636 et
304 1599 407 1637 cives
428 1600 525 1638 bene
555 1599 757 1637 habebunt
775 1605 814 1637 et
833 1605 996 1637 caeteros
1028 1598 1189 1637 Graecos
1210 1600 1468 1651 praesentibus
1495 1601 1607 1640 malis

134 1660 307 1711 eripient.
338 1661 428 1699 Jam
440 1661 507 1712 qui
527 1673 660 1699 omnes
674 1661 776 1699 cives
793 1661 991 1712 impellere
1006 1660 1164 1699 studeat
1182 1667 1225 1698 ut
1244 1661 1379 1700 melius
1399 1669 1439 1700 et
1456 1662 1607 1714 aequius

136 1721 285 1761 Graecis
304 1723 475 1774 praesint,
496 1722 706 1774 quomodo,
729 1723 900 1774 inquam,
922 1723 1028 1761 hunc
1048 1723 1235 1761 credibile
1254 1731 1311 1762 est
1329 1725 1607 1764 convenientes

134 1783 184 1822 ad
205 1796 246 1822 se
276 1784 553 1836 corrumpere?
608 1785 706 1827 Quis
734 1791 878 1832 autem,
906 1787 936 1823 si
968 1785 1190 1837 hujusmodi
1215 1785 1408 1824 orationes
1436 1786 1607 1825 invenire

133 1845 275 1892 valeat,
293 1846 431 1884 noxias
450 1845 580 1897 potius
595 1846 797 1897 noxiisque
817 1847 865 1885 de
878 1848 992 1885 rebus
1012 1859 1185 1898 quaerere
1200 1846 1478 1898 aggrediatur?
1507 1861 1607 1899 prae-

133 1907 261 1944 sertim
282 1920 374 1946 vero
394 1907 425 1945 si
439 1919 485 1945 ea
505 1907 554 1946 sit
573 1909 622 1946 ab
641 1908 701 1946 his
721 1908 959 1945 orationibus
980 1914 1216 1946 consecutus
1237 1921 1324 1958 quae
1345 1921 1433 1959 ego.

187 1968 278 2006 26&
309 1970 346 2006 3.
378 1968 450 2008 His
470 1969 573 2007 enim
594 1968 749 2020 scriptis
763 1969 955 2019 editisque
970 1975 1009 2007 et
1026 1969 1169 2007 famam
1184 1970 1288 2020 apud
1302 1970 1444 2008 multos
1459 1970 1608 2008 obtinui

133 2036 170 2066 et
192 2029 389 2068 auditores
419 2029 636 2081 complures
665 2030 806 2080 recepi,
832 2042 997 2079 quorum
1027 2042 1141 2067 nemo
1168 2030 1273 2081 apud
1302 2042 1364 2068 me
1387 2031 1607 2078 mansisset,

133 2090 206 2128 nisi
225 2090 341 2128 talem
362 2098 422 2128 me
436 2090 773 2142 deprehendisset,
790 2091 943 2141 qualem
963 2096 1230 2142 exspectarat:
1262 2104 1368 2130 nunc
1382 2105 1472 2130 vero
1487 2106 1608 2144 quum

133 2158 193 2190 tot
210 2152 349 2191 fuerint
368 2153 443 2191 mei
462 2152 657 2204 discipuli,
679 2160 844 2204 quorum
857 2152 919 2191 alii
934 2159 1026 2199 tres,
1042 2153 1106 2191 alii
1125 2159 1293 2204 quatuor
1313 2167 1437 2193 annos
1454 2168 1606 2194 mecum

133 2214 274 2260 vixere,
302 2214 493 2253 neminem
524 2215 670 2266 patebit
698 2215 747 2253 de
780 2227 841 2253 me
873 2214 1019 2265 aliquid
1048 2222 1255 2266 questum:
1286 2216 1401 2255 immo
1427 2218 1608 2256 absoluta

132 2275 385 2323 institutione,
405 2289 523 2327 quum
538 2277 620 2328 jam
641 2276 859 2328 navigaturi
879 2283 1007 2315 essent
1026 2278 1076 2315 ad
1098 2290 1188 2316 suos
1209 2284 1390 2329 parentes
1412 2290 1457 2318 ac
1479 2286 1607 2326 notos,

131 2337 185 2375 ita
203 2350 296 2388 erga
310 2338 483 2376 scholam
497 2339 728 2377 videbantur
747 2337 875 2377 affecti
894 2345 939 2377 ut
958 2352 1045 2377 cum
1064 2339 1256 2378 desiderio
1270 2346 1310 2378 et
1325 2340 1505 2392 lacrymis
1526 2341 1607 2380 dis-

133 2399 331 2438 cederent.
389 2400 500 2438 Utris
524 2413 615 2439 vero
638 2400 751 2439 decet
774 2413 844 2439 vos
876 2400 991 2439 fidem
1017 2401 1173 2447 habere,
1205 2401 1250 2440 iis
1276 2415 1325 2440 ne
1357 2402 1422 2452 qni
1449 2402 1606 2441 omnino

133 2468 277 2500 norunt
296 2474 403 2500 meos
424 2474 624 2500 sermones
646 2474 692 2500 ac
711 2475 851 2509 mores,
872 2475 920 2501 an
939 2463 971 2501 ei
993 2463 1059 2514 qui
1077 2462 1170 2500 nihil
1186 2475 1358 2500 mearum
1378 2476 1505 2501 rerum
1519 2463 1606 2510 scit,

133 2523 449 2563 calumniatorem
472 2531 601 2563 autem
629 2538 745 2576 agere
765 2524 959 2563 instituit?
1014 2525 1092 2569 Qui
1120 2538 1166 2563 eo
1193 2525 1447 2575 improbitatis
1472 2531 1511 2564 et
1537 2539 1606 2564 au-

134 2586 256 2625 daciae
276 2587 394 2632 venit,
423 2594 467 2625 ut
488 2599 680 2626 accusans
706 2601 781 2634 me,
805 2588 909 2639 quod
937 2588 990 2626 ita
1017 2588 1147 2626 dicere
1175 2587 1335 2625 doceam
1357 2593 1399 2624 ut
1429 2587 1606 2628 homines

133 2654 274 2699 praeter
286 2649 351 2700 jus
371 2649 588 2700 superiores
602 2649 784 2696 evadant,
798 2655 1069 2700 argumentum
1086 2648 1242 2699 quidem
1258 2648 1376 2699 hujus
1388 2649 1441 2687 rei
1456 2649 1606 2689 nullum

132 2709 347 2760 protulerit,
369 2711 580 2749 orationem
607 2718 737 2750 autem
755 2711 792 2749 in
813 2724 858 2750 eo
879 2711 1164 2761 consumpserit
1185 2716 1227 2747 ut
1252 2710 1506 2750 contenderet
1526 2725 1605 2750 rem

134 2769 332 2821 indignam
359 2784 442 2810 esse
456 2773 621 2823 juvenes
641 2774 858 2824 corrumpi;
888 2773 999 2823 quasi
1019 2784 1110 2810 vero
1137 2778 1206 2809 aut
1223 2771 1360 2822 aliquis
1381 2771 1454 2811 hoc
1475 2781 1606 2825 neget,

137 2839 205 2870 aut
223 2832 305 2884 ipse
325 2835 430 2883 quod
451 2847 584 2873 omnes
605 2835 775 2874 fatentur
794 2836 956 2887 probare
977 2834 1191 2883 debuisset,
1212 2841 1251 2871 et
1267 2847 1342 2873 non
1363 2835 1490 2886 potius
1509 2836 1613 2874 illud

138 2896 250 2933 unice
270 2897 490 2944 ostendere,
516 2911 575 2937 me
601 2899 781 2937 nimirum
810 2898 899 2937 huic
925 2898 1086 2936 facinori
1114 2910 1198 2936 esse
1220 2898 1445 2938 obnoxium.
1502 2900 1611 2938 Sane

138 2956 169 2995 si
189 2956 290 3006 quis,
309 2956 384 2996 hoc
405 2957 672 3009 [Lysimacho]
690 2972 762 2999 ceu
784 2959 970 3011 plagiario
994 2965 1032 2997 et
1053 2959 1135 2997 fure
1156 2966 1194 2997 et
1213 2966 1428 3011 grassatore
1449 2961 1484 2998 in
1500 2960 1605 3011 judi-

831 3024 852 3058 ‘2
878 3034 900 3058 E
