1870 3277
261 176 335 213 4:32
844 170 1123 210 DINARCHI

261 287 372 326 porro
391 273 685 325 Cydanthidem,
699 286 785 311 cum
803 274 965 324 populus
978 273 1162 323 inquirere
1175 278 1349 309 senatum
1363 271 1556 321 jussisset,
1568 275 1694 307 utrum

264 336 425 386 Megara
444 348 483 373 se
503 335 552 373 ad
571 335 724 373 exsules
755 334 957 381 conferret,
978 344 1094 384 atque
1125 345 1166 370 re
1194 332 1393 383 explorata
1420 332 1565 370 deferre
1597 330 1695 382 apud

262 411 342 443 vos,
361 397 543 435 indicavit
561 409 639 435 rem
658 396 712 433 ita
730 409 770 434 se
791 395 945 434 habere.
976 398 1232 434 Accusatores
1252 393 1449 444 delegistis
1467 406 1516 431 ex
1535 393 1700 443 legibus,

263 460 299 496 in
314 458 499 510 judicium
520 459 636 504 venit,
657 470 725 495 vos
753 457 983 504 absolvistis,
1003 457 1175 508 quamvis
1206 456 1451 494 confiteretur
1471 454 1701 504 Polyeuctus

261 535 304 560 se
323 522 414 561 itare
436 522 597 573 Megara
615 521 664 559 ad
685 520 969 572 Nicophanem;
1001 521 1062 559 cui
1083 527 1203 558 mater
1223 532 1292 557 sua
1313 526 1434 569 nupta
1445 525 1561 556 esset.
1598 516 1699 554 Nihil

261 584 375 635 igitur
390 585 496 623 vobis
515 584 721 623 absurdum
743 593 811 622 aut
828 597 946 635 grave
967 583 1203 622 committere
1233 583 1333 620 visus
1360 582 1444 627 fuit,
1463 581 1494 618 si
1513 593 1600 618 cum
1619 592 1700 616 ma-

260 646 327 684 tris
348 659 428 683 suae
448 647 580 683 marito
596 645 881 696 colloqueretur
899 645 1117 684 calamitate
1136 644 1356 683 conflictato
1375 650 1413 680 et
1431 642 1553 693 patria
1577 640 1699 691 priva-

261 717 341 747 tum
368 723 434 761 pro
465 723 535 748 sua
555 710 648 748 virili
678 717 783 761 parte
816 710 1043 748 sublevaret.
1101 710 1203 754 Hoc,
1227 707 1524 752 Demosthenes,
1545 712 1700 744 senatus

259 771 441 810 indicium
463 785 538 810 non
560 780 619 809 est
639 771 814 810 falsitatis
837 771 1073 816 convictum,
1095 771 1163 808 sed
1188 784 1275 808 cum
1295 782 1421 808 verum
1439 776 1553 813 esset,
1573 774 1699 804 tamen

253 833 449 885 judicibus
466 833 609 884 placuit
627 833 826 871 absolvere
847 833 1096 884 Polyeuctum
1114 845 1122 868 :
1152 845 1238 870 nam
1254 831 1399 869 senatui
1419 830 1572 881 quidem
1594 841 1699 866 man-

261 895 393 933 datum
425 895 548 932 fuerat
573 895 769 944 exquirere
787 907 930 939 verum,
951 893 989 931 id
1011 905 1099 930 vero
1126 892 1277 943 judices
1299 892 1408 928 venia
1429 892 1589 941 dignum
1616 902 1698 927 esse

262 962 503 995 censuerunt.
562 955 768 1006 Propterea
787 955 903 1005 igitur
924 954 1071 992 senatui
1088 953 1135 990 de
1157 953 1265 990 factis
1283 952 1427 990 indiciis
1448 965 1522 988 non
1544 958 1601 988 est
1621 964 1702 988 cre-

259 1016 441 1062 dendum,
461 1022 715 1067 posteaquam
735 1023 771 1053 te
798 1023 837 1054 et
865 1015 1042 1067 gregales
1068 1021 1156 1053 tuos
1184 1027 1316 1052 aurum
1336 1013 1476 1050 habere
1497 1011 1700 1049 indicavit?

260 1078 435 1129 Iniquum
466 1077 636 1129 profecto
652 1077 777 1115 fuerit.
837 1076 1044 1115 Ostendito
1063 1078 1161 1114 enim
1183 1082 1224 1112 tu
1245 1073 1530 1112 Demosthenes
1560 1073 1597 1110 in
1627 1073 1699 1111 hac

257 1151 374 1177 causa
394 1151 522 1176 eorum
541 1138 604 1189 qui
617 1137 862 1189 deliquerunt
880 1138 1030 1176 facinus
1045 1137 1202 1188 aliquod
1218 1137 1291 1174 tuis
1305 1149 1391 1174 esse
1407 1135 1529 1174 simile
1545 1134 1700 1187 injuriis,

257 1208 324 1239 aut
341 1201 452 1239 venia
469 1200 628 1252 dignum
647 1212 733 1238 esse
753 1212 890 1251 capere
909 1212 1068 1237 munera
1085 1205 1217 1237 contra
1235 1198 1410 1250 patriam,
1425 1209 1547 1247 eoque
1564 1203 1600 1233 te
1615 1196 1700 1247 jure

259 1263 306 1300 ab
328 1263 409 1300 istis
426 1262 646 1300 absolutum
666 1260 733 1298 iri?
762 1260 907 1299 Verum
928 1260 1036 1312 leges
1058 1260 1095 1297 in
1116 1260 1198 1298 aliis
1219 1259 1450 1311 pecuniariae
1472 1257 1626 1296 rationis
1646 1257 1701 1294 in-

252 1324 363 1376 juriis
384 1323 544 1375 duplum
565 1322 774 1374 rependere
788 1322 945 1374 jubent;
976 1323 1014 1360 in
1031 1335 1097 1360 eos
1113 1328 1239 1360 autem
1255 1321 1320 1372 qui
1340 1320 1602 1370 largitionibus
1620 1332 1702 1357 cor-

257 1386 356 1436 rupti
376 1392 467 1423 sunt
486 1385 583 1423 duas
604 1384 794 1423 duntaxat
807 1384 971 1422 mulctas
992 1384 1287 1428 constituerunt,
1302 1382 1360 1420 vel
1378 1390 1554 1426 mortem,
1569 1389 1610 1418 ut
1626 1381 1700 1418 hoc

256 1447 447 1498 supplicio
475 1446 710 1484 nummarius
737 1445 799 1483 ille
829 1444 989 1483 affectus
1017 1444 1100 1482 aliis
1128 1444 1304 1495 exemplo
1332 1444 1392 1488 sit,
1413 1450 1480 1480 aut
1498 1442 1699 1494 decuplam

258 1508 405 1559 accepti
431 1507 598 1545 muneris
617 1506 814 1552 mulctam,
834 1514 875 1544 ut
898 1519 944 1544 ea
962 1519 1020 1544 res
1035 1506 1080 1544 iis
1101 1505 1166 1556 qui
1196 1506 1243 1543 ab
1263 1505 1327 1543 illo
1347 1504 1513 1542 facinore
1534 1517 1610 1542 non
1633 1504 1699 1541 ab·

261 1572 461 1610 horrerent
479 1569 574 1607 nihil
590 1569 839 1607 emolumenti
860 1568 1021 1607 afferret.

314 1634 375 1670 10.
404 1632 465 1668 An
484 1643 573 1668 vero
591 1630 667 1668 hoc
689 1630 844 1681 quidem
865 1630 992 1668 dicere
1014 1642 1090 1668 non
1109 1629 1299 1673 institues,
1323 1627 1391 1666 sed
1411 1626 1505 1665 illud
1527 1626 1581 1664 sic
1601 1626 1701 1664 acci-

256 1695 373 1741 disse,
394 1699 435 1731 ut
453 1693 582 1732 eaeteri
602 1705 733 1730 omnes
754 1704 799 1730 ea
817 1691 1092 1730 confiterentur
1116 1691 1180 1741 qui
1209 1703 1231 1728 a
1258 1695 1394 1728 senatu
1427 1688 1541 1726 delati
1571 1694 1700 1726 essent

253 1764 398 1795 rectam
417 1754 535 1793 fuisse
561 1752 857 1805 inquisitionem,
877 1760 918 1792 tu
938 1766 1028 1791 vero
1045 1751 1149 1791 solus
1170 1751 1329 1790 eandem
1349 1749 1562 1788 refelleres?
1590 1750 1641 1787 At
1659 1756 1700 1786 tu

254 1831 345 1857 vero
365 1817 468 1856 solus
488 1828 620 1854 eorum
641 1815 810 1854 omnium
827 1814 893 1866 qui
911 1827 1081 1865 unquam
1109 1812 1226 1851 delati
1255 1818 1344 1851 sunt
1370 1811 1468 1849 ultro
1496 1810 1700 1862 postulasti

254 1879 325 1917 hos
349 1879 501 1931 judices
529 1884 568 1915 et
593 1876 835 1928 quaesitores,
852 1882 891 1913 et
917 1875 999 1927 ipse
1026 1881 1160 1914 contra
1181 1881 1217 1912 te
1237 1873 1431 1911 decretum
1450 1872 1645 1923 scripsisti,
1663 1879 1701 1910 et

253 1941 438 1994 populum
457 1939 582 1978 fecisti
602 1945 740 1976 testem
760 1937 947 1990 pactionis
972 1943 1064 1982 tuae,
1085 1942 1124 1974 et
1149 1934 1314 1986 capitale
1342 1934 1379 1971 in
1407 1941 1445 1971 te
1471 1933 1699 1985 supplicium

255 2003 436 2048 statuisti,
457 2002 488 2039 si
515 2000 705 2039 retulisset
730 2006 887 2038 senatus
907 2005 944 2037 te
961 1998 1167 2051 quicquam
1193 1997 1275 2048 ejus
1303 1996 1476 2048 pecuniae
1504 1995 1700 2046 accepisse

255 2078 370 2116 quam
391 2061 586 2114 Harpalus
612 2062 652 2099 in
680 2068 848 2100 nostram
877 2060 1072 2111 regionem
1099 2058 1302 2098 attulisset.
1359 2057 1564 2095 Enimvero
1593 2057 1699 2108 prius

255 2124 438 2178 scrIpsisti
453 2130 509 2170 tu,
522 2123 823 2170 Demosthenes,
835 2122 1102 2161 auctoritatem
1115 2121 1259 2159 habere
1278 2125 1452 2158 senatum
1465 2118 1701 2170 Areopagiti-

254 2200 342 2226 cum
359 2192 495 2225 contra
507 2184 577 2222 hos
598 2191 637 2222 et
652 2190 813 2223 caeteros
835 2182 1091 2222 Athenienses
1107 2181 1239 2233 patriis
1250 2181 1399 2232 legibus
1419 2180 1600 2232 puniendi
1616 2181 1699 2231 ejus

254 2250 318 2301 qui
336 2248 460 2300 patria
475 2245 653 2285 instituta
670 2245 854 2284 violasset
877 2258 886 2283 ε
921 2251 1035 2296 atque
1056 2244 1169 2282 etiam
1191 2243 1415 2282 commisisti
1436 2242 1524 2280 huic
1550 2243 1699 2281 senatui

255 2319 294 2349 et
309 2307 501 2348 tradidisti
520 2313 638 2346 totam
659 2306 865 2353 civitatem,
885 2320 998 2358 quem
1019 2306 1148 2344 statim
1168 2305 1275 2344 dices
1297 2318 1382 2343 esse
1405 2304 1698 2356 oligarchicum:
1724 2306 1727 2309 “

255 2379 372 2424 atque
386 2384 432 2408 ex
447 2368 783 2408 senatusconsulto
795 2375 861 2406 tuo
877 2368 980 2406 cives
997 2368 1072 2406 duo
1087 2373 1178 2405 sunt
1192 2366 1399 2412 interfecti,
1414 2373 1522 2418 pater
1537 2373 1576 2405 et
1589 2366 1701 2411 filius,

255 2432 385 2471 traditi
412 2431 446 2469 ei
477 2430 543 2481 qui
568 2430 684 2468 fossae
709 2435 870 2481 praeest:
901 2442 949 2466 ex
982 2429 1109 2467 edicto
1139 2436 1205 2468 tuo
1234 2442 1335 2466 unus
1365 2441 1411 2466 ex
1438 2428 1698 2466 Harmodiana

254 2494 398 2532 familia
415 2493 453 2531 in
472 2492 628 2530 vincula
644 2498 704 2529 est
722 2490 940 2542 conjectus:
969 2497 1162 2529 torserunt
1190 2491 1468 2542 Antiphontem
1487 2496 1526 2527 et
1544 2489 1697 2527 occide-

254 2561 344 2592 runt
360 2553 400 2591 hi
416 2559 570 2592 senatus
589 2551 730 2590 indicio
749 2551 926 2589 adducti:
956 2559 996 2589 tu
1016 2551 1227 2589 Archinum
1247 2551 1398 2589 civitate
1413 2549 1556 2601 ejecisti
1575 2549 1700 2601 prodi-

254 2616 368 2654 tionis
396 2614 656 2653 insimulatum
685 2626 733 2651 ex
760 2619 920 2651 senatus
949 2612 1090 2651 indicio
1118 2619 1157 2651 et
1183 2625 1311 2665 poena.
1368 2611 1511 2650 Contra
1538 2618 1574 2649 te
1596 2625 1698 2659 vero,

255 2677 372 2727 idque
392 2690 478 2715 cum
498 2676 579 2727 ipse
599 2674 795 2713 decretum
823 2674 1033 2726 scripseris,
1051 2673 1091 2712 id
1116 2674 1310 2712 decretum
1342 2673 1519 2724 abrogas.
1577 2674 1697 2725 Atqui

255 2738 320 2776 ubi
337 2739 411 2777 ista
424 2751 538 2789 aequa
556 2744 623 2775 aut
640 2736 784 2775 usitata
803 2736 922 2775 sunt?

314 2799 374 2835 ll.
401 2799 588 2837 Testabor
617 2810 770 2836 severas
803 2798 910 2845 deas,
939 2796 1208 2842 Athenienses,
1242 2802 1280 2834 et
1310 2796 1441 2835 locum
1475 2809 1588 2848 quem
1620 2796 1695 2835 illae

256 2866 404 2907 tenent,
434 2866 472 2897 et
501 2860 640 2898 heroes
669 2867 811 2899 nostrae
844 2860 1026 2912 regionis,
1045 2865 1083 2897 et
1110 2858 1324 2897 Minervam
1348 2858 1556 2904 Urbanam,
1587 2864 1699 2896 caete-

257 2934 397 2973 rosque
412 2921 506 2960 deos
522 2923 587 2971 qui
604 2921 800 2973 regionem
829 2928 997 2961 nostram
1016 2927 1055 2959 et
1072 2920 1204 2958 urbem
1225 2920 1344 2959 sortiti
1365 2926 1467 2967 sunt,
1486 2919 1589 2970 quod
1608 2932 1695 2958 cum
