1870 3277
236 172 313 207 210
826 168 1115 206 1SOCRATis

237 272 338 310 cium
365 271 550 317 adducto,
577 271 671 309 nihil
701 271 853 322 quidem
883 274 1103 325 hujusmodi
1132 273 1355 311 ostenderet
1383 272 1491 309 illum
1518 278 1705 323 patrasse,

238 334 445 372 dissereret
463 340 592 371 autem
612 347 727 384 quam
747 334 911 384 quodvis
931 349 979 373 ex
999 336 1056 374 his
1073 335 1296 374 criminibus
1314 346 1430 384 grave
1449 333 1512 376 sit,
1529 333 1611 383 ipse
1633 330 1706 382 Ly-

238 395 434 435 simachus
455 395 597 433 diceret
614 403 876 434 accusatorem
898 398 1033 449 nugari
1054 404 1170 448 atque
1191 396 1384 438 insanire;
1416 401 1457 432 et
1475 400 1603 432 tamen
1625 393 1705 444 ipse

239 470 280 494 se
301 458 440 495 eodem
459 457 642 495 orationis
664 471 803 508 genere
826 471 937 495 usum
965 459 1084 497 latere
1106 472 1174 496 vos
1195 465 1317 509 putat.
1378 457 1462 506 Ego
1488 462 1616 492 autem
1647 453 1705 490 vel

239 519 573 570 insipientissimos
591 519 664 556 hoc
685 518 781 557 scire
799 520 971 566 arbitror,
987 520 1222 571 judicandas
1236 533 1319 557 esse
1334 517 1549 569 probabiles
1561 523 1600 553 et
1615 516 1708 553 satis

238 580 388 618 validas
409 580 694 628 accusationes,
723 592 798 617 non
830 593 896 619 eas
923 583 1063 632 quibus
1089 583 1144 619 uti
1175 582 1290 619 ctiam
1318 587 1453 617 contra
1483 579 1708 615 innocentes

240 641 368 687 liceat,
391 641 460 679 scd
480 654 577 691 quas
599 654 676 679 non
698 641 768 678 nisi
791 641 827 678 in
848 650 1056 692 peccantes
1079 643 1205 681 dicere
1229 643 1445 694 possimus:
1477 647 1516 678 at
1536 639 1593 676 his
1615 651 1708 688 neg-

240 703 352 740 lectis
374 702 629 753 Lysimachus
648 702 860 740 orationem
882 704 975 742 nihil
1001 705 1050 742 ad
1073 705 1219 742 crimen
1245 704 1499 755 pertinentem
1524 700 1711 739 recitavit.

243 765 354 815 Opus
373 764 475 802 enim
494 770 578 802 erat
596 777 684 801 eum
711 771 750 801 et
781 778 978 804 sermones
999 779 1106 804 meos
1137 766 1320 810 indicare,
1349 765 1487 815 quibus
1507 761 1714 800 familiares

242 839 501 877 corrumpam,
521 833 560 864 et
584 826 794 877 discipulos
821 827 1019 866 nominare
1039 828 1103 878 qui
1123 841 1170 865 ex
1198 841 1286 865 mea
1314 825 1600 865 consuetudine
1621 824 1713 862 facti

242 894 372 926 essent
392 888 624 938 nequiores:
655 899 758 926 nunc
786 902 877 926 vero
908 897 1087 928 neutrum
1117 889 1254 927 horum
1281 888 1383 933 fecit,
1405 887 1472 925 sed
1495 885 1715 937 justissima

242 950 414 989 omnium
444 949 690 987 accusatione
718 951 979 1000 praetermissa
1005 951 1113 989 vobis
1142 952 1268 988 facere
1291 950 1423 988 fucum
1447 955 1612 986 conatus
1639 948 1712 984 e'st.

244 1012 329 1063 Ego
347 1018 475 1050 autem
497 1011 601 1049 unde
619 1025 688 1062 par
707 1018 767 1049 est
786 1019 824 1049 et
843 1026 1012 1062 aequum,
1030 1027 1076 1050 ex
1096 1013 1155 1050 his
1177 1013 1269 1062 ipsis
1288 1024 1429 1061 nempe
1449 1010 1714 1048 defensionem

243 1085 369 1110 meam
398 1072 607 1110 exornabo.
664 1071 715 1108 Et
744 1072 936 1110 orationes
957 1072 1112 1123 quidem
1139 1072 1271 1122 paullo
1301 1078 1390 1109 ante
1410 1070 1573 1121 legimus
1593 1071 1716 1116 vobis,

242 1147 309 1173 eos
329 1142 460 1172 autem
485 1134 549 1185 qui
570 1146 629 1171 me
651 1146 673 1171 a
690 1134 818 1184 pueris
840 1134 889 1171 ad
917 1141 1115 1172 senectam
1146 1146 1269 1185 usque
1299 1133 1358 1171 usi
1388 1140 1479 1170 sunt
1508 1132 1716 1183 proferam,

242 1208 390 1247 proque
418 1195 463 1232 iis
490 1195 538 1233 de
565 1195 706 1246 quibus
736 1195 862 1233 dicam
889 1202 1007 1233 testes
1036 1209 1084 1234 ex
1113 1196 1222 1234 vobis
1252 1195 1343 1246 ipsis
1365 1195 1541 1233 excitabo
1562 1207 1628 1232 eos
1649 1195 1714 1244 qui

243 1258 335 1295 mihi
355 1257 545 1296 coaetanei
565 1258 756 1295 vixerunt.
814 1257 930 1295 Primi
952 1257 1068 1308 igitur
1087 1257 1137 1295 ad
1158 1271 1218 1295 me
1240 1263 1493 1295 accesserunt
1514 1256 1715 1293 Eunomus

243 1326 283 1358 et
304 1319 531 1371 Lysithides
557 1326 596 1357 et
622 1318 824 1369 Calippus‚
850 1326 939 1370 post
966 1319 1037 1357 hos
1060 1319 1225 1365 Onetor,
1255 1319 1449 1363 Anticles,
1477 1317 1718 1363 Philonides,

243 1381 498 1427 Philomelus,
516 1380 831 1419 Charmantides.
866 1381 999 1431 Atque
1021 1380 1092 1418 hos
1113 1394 1248 1418 omnes
1270 1381 1406 1418 civitas
1426 1380 1550 1417 aureis
1566 1379 1718 1417 coronis

243 1444 418 1492 donavit,
439 1456 517 1481 non
546 1442 721 1495 profecto
749 1449 792 1480 ut
811 1443 1026 1480 alienorum
1057 1443 1233 1494 cupidos,
1253 1442 1322 1481 sed
1345 1450 1385 1480 ut
1405 1442 1505 1480 viros
1525 1443 1649 1479 bonos
1681 1447 1722 1478 et

244 1507 310 1559 qui
331 1521 402 1546 sua
420 1508 541 1545 multa
560 1507 598 1544 in
620 1506 814 1545 civitatem
834 1506 1147 1558 insumpsissent.
1206 1507 1323 1558 Apud
1342 1506 1416 1543 hos
1434 1517 1512 1556 quo
1526 1515 1585 1541 me
1606 1503 1722 1541 vultis

244 1569 360 1608 officii
380 1569 503 1621 gradu
523 1568 737 1607 collocate:
771 1582 860 1606 nam
887 1569 935 1607 ad
958 1581 1038 1605 rem
1059 1568 1216 1619 quidem
1245 1573 1475 1618 praesentem
1495 1565 1601 1616 quod
1631 1565 1723 1604 atti-

245 1637 326 1677 net,
348 1630 384 1668 id
408 1630 565 1668 omnino
587 1629 678 1667 mihi
701 1629 949 1667 commodum
972 1629 1129 1667 accidit.
1163 1629 1251 1666 Sive
1272 1628 1372 1666 enim
1389 1627 1532 1679 putetis
1554 1640 1614 1664 me
1634 1639 1723 1664 con-

245 1691 427 1730 siliarium
452 1698 492 1729 et
519 1691 748 1741 magistrum
779 1690 916 1728 horum
943 1691 1081 1736 fuisse,
1113 1690 1275 1741 gratiam
1304 1689 1395 1727 mihi
1421 1690 1509 1741 jure
1536 1688 1721 1739 potiorem

245 1753 438 1792 habebitis
459 1765 575 1803 quam
596 1752 641 1790 iis
662 1752 725 1803 qui
742 1751 780 1789 in
799 1752 995 1804 Prytaneo
1010 1753 1060 1791 ob
1076 1753 1255 1790 virtutem
1272 1752 1427 1790 aluntur
1445 1764 1453 1789 :
1480 1763 1570 1788 nam
1583 1750 1721 1788 horum

247 1816 412 1866 quisque
432 1828 553 1852 unum
573 1828 614 1852 se
640 1813 867 1865 praeclarum
894 1815 1016 1852 virum
1044 1815 1233 1861 exhibuit,
1260 1828 1334 1866 ego
1355 1827 1446 1852 vero
1471 1819 1619 1851 tantum
1649 1825 1721 1849 nu-

246 1890 394 1915 merum
414 1884 600 1927 quantum
622 1876 732 1914 vobis
753 1889 877 1926 nuper
895 1877 1071 1927 exposui.
1133 1877 1220 1914 Sive
1241 1889 1373 1914 eorum
1390 1875 1605 1914 facinorum
1619 1873 1725 1911 nulla

245 1951 323 1990 ego
342 1938 521 1977 cumillis
542 1937 670 1976 exstiti
696 1950 830 1984 causa,
852 1938 920 1976 sed
948 1937 992 1975 iis
1022 1944 1172 1976 tantum
1195 1938 1396 1976 sodalibus
1416 1945 1455 1976 et
1475 1936 1608 1975 amicis
1631 1949 1725 1973 usus

246 2013 346 2047 sum,
366 2001 624 2039 sufficientem
652 1997 744 2035 mihi
766 1997 867 2037 hanc
888 2007 1024 2037 contra
1045 2013 1129 2037 eam
1151 2013 1267 2050 quam
1293 1999 1414 2050 patior
1432 1997 1724 2036 accusationem

247 2068 343 2113 puto
369 2062 616 2113 apologiam:
646 2060 677 2097 si
706 2059 807 2097 enim
834 2060 994 2112 praemio
1021 2061 1072 2098 ob
1090 2062 1269 2099 virtutem
1291 2060 1445 2098 donatis
1472 2059 1613 2111 placui,
1634 2072 1723 2097 cum

250 2123 492 2175 sycophanta
512 2130 638 2161 autern
659 2135 738 2160 non
760 2123 980 2168 consentio,
1001 2123 1068 2173 qui
1088 2123 1223 2161 merito
1237 2122 1393 2174 judicer
1412 2122 1618 2160 familiares
1638 2135 1724 2160 cor-

249 2184 453 2236 rumpere?
509 2184 665 2235 Alioqui
685 2180 759 2237 ego
780 2184 952 2224 omnium
974 2177 1208 2222 miserrimus
1230 2198 1369 2231 essem,
1390 2184 1435 2230 si,
1456 2197 1576 2235 quum
1596 2185 1726 2222 caeteri

249 2247 424 2297 homines
450 2259 497 2285 ex
530 2246 668 2283 studiis
701 2254 741 2285 et
761 2246 1013 2285 societatibus
1042 2245 1106 2284 alii
1128 2246 1288 2297 quidem
1317 2246 1458 2284 malam
1488 2246 1552 2284 alii
1581 2247 1724 2285 bonam

249 2308 392 2349 famam
411 2314 713 2358 consequantur,
739 2322 814 2359 ego
841 2321 939 2346 unus
962 2308 1036 2353 hoc
1069 2314 1300 2358 argumento
1327 2321 1406 2346 non
1434 2320 1495 2345 me
1523 2308 1616 2346 satis
1635 2321 1725 2359 pro-

250 2371 397 2416 barem,
419 2370 489 2408 sed
503 2375 707 2421 postquam
723 2383 810 2408 cum
823 2370 913 2408 viris
933 2370 1051 2408 tantis
1067 2370 1319 2417 convixerim,
1332 2383 1471 2421 meque
1487 2369 1727 2421 inculpatum

250 2445 376 2483 usque
393 2432 441 2470 ad
463 2431 564 2470 hanc
579 2438 736 2469 aetatem
751 2431 1006 2476 exhibuerim,
1027 2431 1161 2469 similis
1178 2431 1347 2482 denique
1362 2444 1495 2470 eorum
1516 2431 1648 2469 videar
1662 2431 1728 2482 qui

253 2495 303 2533 ob
334 2494 428 2533 alias
456 2494 663 2532 societates
685 2502 724 2531 et
752 2492 883 2532 studia
908 2493 947 2529 in
970 2493 1252 2531 criminationes
1279 2494 1493 2532 incurrunt.
1550 2493 1731 2532 Libenter

253 2564 383 2595 autem
410 2568 689 2607 cognoscerem
718 2555 812 2606 quid
842 2567 967 2593 essem
987 2567 1190 2605 passurus,
1211 2554 1242 2592 si
1269 2555 1353 2605 quis
1377 2555 1468 2593 mihi
1495 2555 1585 2593 talis
1614 2554 1728 2593 farni-

251 2618 356 2656 liaris
383 2618 520 2656 fuisset
548 2616 674 2669 qualis
705 2629 814 2656 meus
846 2623 1066 2661 accusator,
1091 2615 1405 2666 quandoquidem
1433 2629 1521 2667 ego,
1549 2615 1615 2667 qui
1641 2616 1727 2654 uni—

253 2691 408 2717 versum
438 2692 568 2730 genus,
591 2678 815 2730 hujusmodi
843 2677 1045 2716 hominum
1072 2676 1160 2714 odio
1188 2689 1399 2727 persequor
1422 2677 1638 2728 iisdemque
1669 2678 1728 2715 in-

254 2741 378 2780 vicem
402 2754 486 2779 sum
512 2740 674 2787 invisus,
694 2741 733 2778 in
759 2740 834 2778 hoc
855 2746 983 2777 tamen
1005 2738 1211 2776 discrimen
1233 2738 1386 2777 deveni.
1443 2739 1564 2790 Atqui
1590 2752 1638 2777 ne
1663 2739 1728 2777 ille

254 2802 410 2854 quidem
427 2802 563 2840 merito
580 2814 642 2840 me
656 2801 776 2839 laedet
793 2813 933 2847 sermo,
947 2813 1064 2851 quem
1083 2800 1180 2838 forte
1196 2800 1369 2838 nonnulli
1384 2801 1449 2851 qui
1465 2801 1557 2839 mihi
1572 2813 1729 2853 prorsus

258 2871 351 2902 sunt
365 2864 520 2902 *infensi
541 2864 591 2902 de
615 2877 677 2902 me
696 2863 825 2902 dicere
855 2863 1068 2909 audebunt,
1087 2862 1192 2912 quod
1218 2862 1263 2900 iis
1293 2862 1469 2902 nimirum
1488 2877 1586 2915 quos
1606 2863 1729 2901 nomi-

257 2926 346 2980 navi
372 2926 424 2965 ita
444 2925 712 2965 tantummodo
732 2938 827 2963 usus
850 2924 920 2964 sim
943 2931 986 2962 ut
1006 2937 1095 2963 cum
1114 2923 1159 2962 iis
1179 2924 1348 2975 colloqui
1373 2925 1528 2976 quidem
1548 2925 1619 2964 sim
1642 2937 1733 2963 con-
