1870 3277
764 554 1007 608 ISAEI

372 714 460 762 DE
494 709 921 760 APOLLODORI
960 709 1403 757 HEREDITATE.

820 835 947 844 -ῴ-

647 921 1121 961 ARGUMENTUM.

204 1018 332 1059 Eupolis
345 1023 378 1049 et
391 1017 567 1057 Thtasyllns
576 1022 608 1047 et
621 1017 734 1047 Mneso
750 1017 854 1046 fratres
868 1016 962 1046 fuere.
1007 1015 1123 1045 Horum
1141 1014 1253 1046 Moeso
1270 1016 1333 1046 sine
1350 1015 1451 1047 liberis
1467 1018 1603 1054 moritur,

159 1069 336 1111 Thrasyllus
361 1070 455 1100 filium
480 1069 653 1109 relinquens
668 1068 892 1109 Apollodorum
916 1078 933 1098 e
957 1068 1022 1098 vita
1045 1068 1185 1102 excessit,
1202 1067 1329 1109 Eupolis
1351 1069 1430 1099 solus
1451 1076 1603 1111 superstes

158 1120 248 1151 valde
266 1121 298 1152 in
311 1120 533 1161 Apollodorum
554 1119 681 1160 injurius
703 1119 771 1151 fuit.
816 1119 910 1149 Unde
926 1118 1149 1154 Archedamus,
1164 1118 1244 1149 hanc
1262 1119 1433 1151 orationem
1448 1122 1603 1153 recitantis

158 1182 245 1208 avus,
263 1172 351 1202 matri
365 1170 546 1212 Apollodori
562 1170 715 1200 connubio
728 1169 852 1211 junctus
868 1175 938 1210 post
952 1175 1077 1200 mortem
1093 1169 1193 1200 mariti
1208 1169 1273 1210 ejus
1287 1170 1453 1212 Thrasylli,
1466 1171 1600 1213 Apollo-

159 1216 226 1252 dori
238 1227 344 1264 utpote
357 1222 487 1264 orphani
503 1221 651 1257 misertus,
663 1231 743 1261 saepe
760 1222 798 1251 ab
811 1220 966 1261 Eupolide
981 1221 1062 1251 bona
1076 1221 1167 1261 petiit
1182 1231 1309 1262 quorum
1325 1222 1494 1252 retentione
1503 1222 1602 1264 Apol-

158 1275 295 1306 lodorum
311 1277 422 1306 damno
437 1274 598 1307 afficiebat.
643 1274 758 1305 Horum
779 1275 1007 1306 benefactorum
1019 1274 1225 1315 Apollodorus
1241 1285 1353 1305 memor
1369 1275 1447 1305 sistit
1462 1281 1534 1306 ante
1550 1275 1602 1306 tri-

158 1327 244 1357 bules
257 1326 453 1369 Thrasyllum
467 1327 547 1358 hunc
558 1327 652 1357 filium
663 1327 729 1368 ejus
743 1326 931 1367 adoptivum,
943 1326 1080 1367 ejusdem
1092 1336 1215 1367 quoque
1228 1326 1330 1356 matris
1342 1326 1450 1357 sororis
1463 1327 1556 1357 filiurn
1569 1333 1602 1357 et

155 1376 353 1408 Archedami-
398 1377 561 1418 Descripto
584 1383 685 1408 autem
706 1377 785 1407 inter
811 1377 940 1418 gentiles
959 1382 991 1407 et
1012 1377 1136 1407 tribules
1153 1377 1327 1418 Thrasyllo,
1343 1377 1397 1407 sed
1417 1378 1553 1407 nondum
1569 1377 1603 1407 in

155 1427 304 1461 codicillis
322 1428 354 1457 in
369 1428 480 1468 quibus
500 1427 544 1457 illi
562 1429 616 1469 qui
634 1433 717 1458 extra
737 1427 862 1457 tutelam
882 1431 953 1457 sunt
973 1426 1151 1461 scribuntur,
1167 1432 1305 1457 mortuus
1321 1433 1368 1457 est
1380 1426 1602 1467 Apollodorus.

155 1476 195 1507 Et
210 1483 279 1519 post
293 1477 358 1518 ejus
374 1483 499 1508 mortem
516 1478 547 1507 in
562 1478 710 1509 codicillis
724 1478 851 1518 quidem
866 1477 999 1518 scriptus
1015 1482 1061 1507 est
1075 1476 1265 1520 Thrasyllus,
1282 1477 1477 1508 nihilominus
1498 1484 1602 1508 tamen

153 1526 216 1559 filia
231 1528 402 1569 Eupolidis,
414 1528 596 1569 Apollodori
609 1529 721 1570 patrui,
736 1539 805 1559 cum
815 1527 979 1569 Thrasyllo
992 1529 1163 1564 contendit,
1177 1528 1284 1558 dicens
1299 1527 1492 1569 Thrasyllum
1505 1527 1604 1570 Apol-

151 1579 249 1610 lodori
265 1580 421 1610 voluntate
437 1580 561 1610 omnino
576 1581 654 1610 inter
670 1580 793 1610 tribules
810 1584 840 1609 et
856 1578 985 1620 gentiles
1001 1588 1063 1608 non
1078 1589 1144 1610 esse
1160 1580 1317 1620 scriptum,
1330 1579 1385 1610 sed
1400 1579 1468 1610 ficte
1485 1578 1600 1610 factum

153 1639 230 1660 esse.
275 1630 497 1672 Argumentum
513 1631 638 1672 quidem
659 1632 718 1661 hoc
737 1636 794 1666 est,
811 1640 910 1661 causae
926 1639 996 1660 vero
1016 1635 1114 1660 status
1137 1629 1362 1671 conjecturalis.
1405 1630 1602 1671 Quapropter

154 1683 253 1723 perite
278 1683 402 1715 omnino
421 1688 454 1714 et
470 1683 632 1714 artificiose
651 1684 820 1715 orationem
841 1682 1038 1717 distribuens,
1061 1681 1238 1712 inimicitias
1263 1677 1488 1723 Apollodorum
1522 1683 1601 1712 inter

153 1740 186 1765 et
201 1734 385 1776 Eupolidem
402 1739 584 1780 pertractat:
608 1735 693 1777 quod
709 1733 858 1766 indicium
874 1734 1037 1765 maximum
1053 1738 1100 1765 est
1120 1734 1204 1765 illurn
1226 1734 1307 1765 nolle
1327 1733 1420 1767 filiam
1436 1733 1603 1775 Eupolidis

154 1785 296 1817 heredem
314 1796 396 1816 suam
412 1795 488 1816 esse.

209 1878 243 1914 1,
275 1875 396 1914 OLIM
413 1875 603 1926 equidem,
618 1876 698 1921 viri,
717 1876 978 1914 existimabam
995 1886 1060 1914 eas
1076 1874 1315 1913 solummodo
1331 1874 1597 1928 adoptationes

153 1943 231 1975 non
259 1945 433 1988 oportere
461 1938 499 1974 in
528 1936 823 1975 controversiam
852 1936 994 1982 vocari,
1021 1946 1108 1987 quae
1138 1937 1191 1974 sic
1218 1935 1333 1975 factae
1359 1938 1536 1984 fuissent,
1554 1945 1599 1976 ut

154 1998 342 2049 adoptans
362 1998 443 2049 ipse
464 2004 657 2049 superstes
672 1998 798 2036 adhuc
819 2005 858 2036 et
875 2003 978 2035 recte
994 2004 1119 2035 mente
1134 1997 1204 2034 sibi
1219 2005 1398 2036 constans
1413 2011 1477 2036 eas
1492 2010 1598 2049 pere-

152 2060 261 2110 gerit,
285 2066 328 2096 ut
356 2059 620 2110 adoptandum
654 2059 703 2097 ad
736 2071 845 2097 sacra
872 2066 910 2096 et
937 2058 1081 2109 templa
1107 2058 1327 2103 adduxerit,
1354 2066 1398 2097 ut
1421 2059 1597 2110 cognatis

152 2133 239 2158 eum
268 2133 397 2159 coram
425 2121 692 2159 demonstrarit
718 2120 768 2158 ad
793 2132 934 2170 eosque
954 2133 1020 2170 pro
1040 2131 1110 2157 suo
1131 2120 1346 2166 declararit,
1367 2127 1409 2158 ut
1428 2120 1466 2158 in
1485 2121 1597 2159 tabu-

150 2181 284 2220 larium
299 2194 502 2219 commune
522 2181 759 2233 [phratorum
774 2188 889 2231 atque
904 2180 1165 2232 demoratum]
1187 2181 1596 2234 inscribendumpcura-

150 2242 211 2288 rit,
228 2247 271 2279 ut
291 2243 419 2280 omnia
439 2243 616 2294 denique,
631 2254 874 2294 quaecunque
894 2241 932 2279 in
948 2242 1134 2293 ejusmodi
1152 2242 1307 2293 negotio
1325 2243 1476 2294 agenda
1495 2251 1597 2289 sunt,

148 2303 231 2354 ipse
250 2316 318 2355 per
339 2316 379 2342 se
399 2316 583 2356 prospere
602 2304 731 2342 valens
752 2315 932 2354 sanaeque
951 2304 1088 2342 mentis
1109 2315 1268 2355 compos
1283 2304 1495 2356 peregerit;
1526 2305 1595 2342 sed

148 2364 230 2403 illas
258 2371 405 2403 tantum
443 2367 626 2418 opinabar
663 2365 932 2404 controversiae
968 2365 1152 2404 obnoxias
1188 2366 1469 2417 adoptationes,
1498 2379 1595 2417 quas

148 2427 307 2466 fecerint
334 2428 401 2475 illi,
421 2428 486 2479 qui
513 2428 551 2465 in
579 2428 740 2466 articulo
769 2428 897 2465 mortis
925 2428 1122 2465 constituti
1143 2440 1210 2479 per
1228 2435 1493 2466 testamentum
1515 2428 1594 2466 edi-

149 2490 271 2527 xerint
298 2489 346 2527 ad
371 2502 485 2539 quern
514 2497 599 2540 post
624 2490 702 2527 fata
730 2501 798 2527 sua
824 2488 1020 2540 pervenire
1045 2490 1146 2526 bona
1165 2502 1235 2526 sua
1252 2489 1382 2533 velint,
1401 2488 1592 2540 literisque

149 2552 415 2602 consignatum
431 2551 617 2603 ejusmodi
633 2557 905 2590 testamentum
920 2552 1241 2602 obsignatumqne
1257 2551 1359 2602 apud
1374 2551 1468 2589 alios
1480 2564 1594 2601 quos-

149 2613 237 2650 dam
264 2614 519 2665 deposuerint.
576 2613 704 2653 Priore
731 2614 831 2652 enim
859 2614 923 2651 illo
949 2613 1064 2651 modo
1090 2612 1154 2662 qui
1181 2611 1354 2664 adoptat,
1380 2613 1410 2650 is
1436 2613 1590 2664 planum

148 2680 406 2725 testatumque
433 2675 483 2713 ad
512 2687 646 2714 omnes
674 2675 767 2714 facit
793 2688 863 2713 sua
889 2675 937 2712 de
963 2674 1173 2720 voluntate,
1199 2681 1320 2712 totum
1347 2673 1544 2724 negotium
1569 2688 1592 2713 a

149 2735 274 2785 capite
303 2736 351 2773 ad
381 2737 528 2775 calcem
557 2738 705 2775 actibus
736 2736 971 2775 auctoritatis
1006 2747 1087 2773 suae
1117 2734 1368 2778 conflrmans;
1400 2738 1507 2784 cujus
1527 2735 1590 2774 'rei

149 2796 297 2847 copiam
320 2800 384 2845 jus
410 2797 519 2836 civile
543 2799 577 2836 ei
600 2798 787 2836 faciebat:
817 2799 855 2835 in
882 2804 1113 2835 testamento
1139 2804 1266 2843 autem
1292 2797 1409 2835 literis
1434 2805 1588 2836 exarato

148 2865 262 2908 atque
283 2858 482 2910 obsignato
497 2860 562 2909 qui
577 2860 784 2898 voluntatis
806 2872 885 2896 suae
907 2857 1226 2908 significationem
1242 2858 1344 2896 velut
1360 2859 1586 2897 absconsam

150 2919 340 2970 deposuit,
367 2919 397 2957 is
424 2931 507 2957 eam
535 2921 735 2959 obscuram
764 2927 879 2971 atque
909 2919 1077 2970 ignotam
1108 2918 1338 2970 dubiamque
1367 2917 1479 2961 fecit:
1511 2925 1590 2970 qno

825 2984 846 3018 3
879 2995 900 3018 B
