1870 3277
286 184 358 220 102
872 185 1167 223 lSOCRATIS

282 285 410 336 regnis
430 286 593 324 vicinam
624 298 709 324 esse
737 286 889 333 nolunt,
912 288 943 325 si
964 301 1054 326 vero
1075 287 1233 326 mutatis
1256 289 1398 326 nostris
1421 289 1592 327 moribus
1613 290 1748 327 melius

279 347 329 384 de
356 347 467 386 nobis
488 348 710 387 existimare
729 349 928 400 coeperint,
949 362 1026 388 non
1047 358 1199 388 tantum
1220 356 1352 388 nostra
1373 349 1441 387 sibi
1467 363 1543 387 non
1564 350 1745 388 vendica-

279 411 388 455 bunt,
409 410 477 448 sed
498 417 537 447 et
555 410 603 448 de
625 423 695 448 suo
718 411 828 448 uobis
849 410 996 461 aliquid
1025 411 1261 463 largientur:
1293 419 1352 449 est
1379 412 1479 449 enim
1499 412 1554 449 eis
1575 412 1667 449 utile
1687 412 1745 449 fu-

280 479 405 509 turum
427 479 468 509 ut
487 472 660 510 florentis
682 482 824 510 nostra:
845 473 1011 511 civitatis
1033 474 1203 512 amicitia
1220 473 1304 511 freti
1325 473 1403 511 suis
1425 474 1589 524 imperiis
1613 487 1748 512 secure

280 533 486 583 potiantur.
562 534 785 577 Quinetiam
817 534 997 572 Thraciae
1027 542 1174 573 tantam
1209 541 1357 586 partem
1397 535 1600 574 vendicare
1637 536 1748 574 nobis

278 597 503 646 poterimus,
524 603 566 633 ut
585 608 663 633 non
691 596 802 634 nobis
825 603 974 634 tantum
994 598 1120 634 victus
1141 598 1298 635 abunde
1320 603 1516 648 suppetat,
1537 597 1606 636 sed
1627 611 1747 649 egen-

279 656 374 693 tium
403 669 559 707 quoque
580 657 807 695 Graecorum
840 658 1137 696 necessitatibus
1159 666 1197 697 et
1225 659 1274 697 ob
1296 666 1563 710 paupertatem
1595 659 1751 697 incertis

280 717 437 755 sedibus
458 718 681 768 vagantium
711 719 946 757 consulatur.
1006 720 1106 757 Nam
1131 734 1249 770 quum
1272 721 1548 759 Athenodorus
1569 728 1607 759 et
1630 721 1748 759 Calli-

280 786 438 825 stratus,
453 780 550 817 alter
565 779 681 818 homo
701 780 888 831 privatus,
905 781 1003 819 alter
1024 782 1140 818 etiam
1158 781 1280 828 exsul,
1297 783 1411 820 urbes
1427 782 1595 820 condere
1612 790 1749 833 potue-

279 840 365 884 rint,
387 849 532 892 quanto
549 854 619 879 nos
637 842 772 893 magis,
785 843 901 881 modo
918 843 1092 888 velimus,
1106 843 1196 880 talia
1209 843 1296 881 loca
1313 843 1433 880 multa
1448 844 1751 894 occupabimus?

278 902 411 953 Longe
433 911 562 941 autem
583 904 789 954 gloriosius
806 913 863 943 est
883 918 948 943 eos
970 904 1034 956 qui
1056 904 1221 943 Graeciae
1242 904 1502 956 principatum
1524 906 1594 943 sibi
1617 906 1750 944 vendi-

278 973 367 1004 cant
385 965 519 1003 talium
540 979 699 1017 operum
727 966 847 1004 duces
868 975 907 1005 et
925 974 1104 1005 auctores
1130 980 1216 1005 esse
1242 979 1359 1018 quam
1384 966 1487 1005 bella
1515 967 1683 1006 conflare
1712 976 1752 1006 et

278 1030 540 1069 conductitios
560 1032 752 1070 exercitus
773 1032 888 1077 alere,
908 1045 995 1083 quae
1016 1045 1119 1071 nunc
1141 1045 1211 1070 nos
1232 1033 1465 1083 appetimus.

339 1094 399 1130 10.
432 1094 489 1131 Ac
515 1093 565 1131 de
594 1095 624 1131 is
652 1107 740 1144 quae
767 1094 886 1145 legati
913 1094 1161 1145 pollicentur,
1184 1103 1222 1133 et
1240 1095 1326 1132 haec
1346 1095 1556 1142 sufficiunt,
1576 1103 1614 1134 et
1639 1097 1751 1147 plura

279 1154 439 1206 adjungi
458 1162 643 1205 possunt:
676 1156 730 1193 sie
748 1163 876 1193 autem
897 1169 1053 1201 censeo,
1070 1169 1147 1193 non
1165 1163 1315 1194 tantum
1333 1156 1491 1194 decreta
1506 1170 1603 1207 pace
1620 1170 1639 1196 e
1655 1171 1750 1196 con-

277 1216 386 1256 cione
415 1217 654 1262 abeundum,
681 1217 751 1256 sed
784 1217 878 1256 inita
910 1218 1022 1256 etiarn
1056 1218 1204 1255 ratione
1236 1231 1314 1268 qua
1344 1231 1428 1256 earn
1461 1231 1751 1267 conservemus,

280 1291 407 1328 neque
428 1278 749 1317 committendum
772 1287 814 1316 ut
834 1292 937 1317 more
953 1287 1085 1318 nostro
1103 1293 1181 1318 non
1200 1280 1322 1318 multo
1343 1288 1432 1331 post
1451 1280 1590 1318 iisdem
1612 1282 1753 1320 tumul—

276 1339 380 1377 tibus
400 1340 600 1390 agitemur,
617 1347 682 1377 aut
706 1352 851 1378 moram
871 1340 1062 1378 duntaxat
1081 1341 1250 1391 aliquam
1270 1341 1327 1379 his
1343 1341 1451 1379 malis
1473 1342 1747 1392 producamus,

279 1402 349 1439 sed
369 1414 524 1453 operam
546 1415 630 1439 esse
650 1401 816 1439 dandam
839 1409 880 1439 ut
901 1403 953 1439 eis
972 1403 1131 1441 omnino
1152 1403 1370 1442 liberemur.
1428 1403 1604 1447 Quarum
1625 1418 1750 1443 rerum

277 1463 371 1500 nihil
399 1463 479 1501 fieri
507 1463 662 1514 poterit,
682 1462 903 1514 priusquam
935 1464 1159 1514 persuaderi
1183 1464 1291 1502 vobis
1317 1465 1513 1516 patiamini
1538 1465 1627 1516 plus
1653 1467 1752 1504 utili-

279 1526 369 1564 tatis
390 1532 429 1564 et
447 1526 544 1563 lucri
575 1539 660 1564 esse
692 1525 729 1562 in
762 1526 1040 1576 tranquillitate
1070 1539 1187 1577 quam
1219 1527 1257 1563 in
1284 1534 1430 1565 conatu
1457 1541 1750 1579 supervacaneo

279 1589 486 1627 multarum
516 1602 657 1638 rerum,
679 1595 717 1626 et
740 1589 932 1640 justitiam
964 1596 1150 1639 praestare
1177 1588 1343 1639 injuriae,
1366 1602 1602 1641 suarumque
1624 1604 1750 1629 rerum

278 1664 409 1690 curam
445 1651 670 1702 appetitioni
700 1651 927 1688 alienarum.
992 1650 1146 1694 Quibus
1179 1650 1226 1688 de
1256 1652 1371 1689 rebus
1403 1664 1525 1702 quum
1555 1660 1750 1691 oratorum

278 1728 392 1753 nemo
421 1727 591 1765 unquam
620 1714 725 1765 apud
746 1727 812 1751 vos
836 1714 954 1752 verba
975 1713 1104 1751 facere
1131 1726 1251 1751 ausus
1283 1714 1413 1760 fuerit,
1441 1715 1624 1753 orationis
1652 1729 1750 1754 meae

279 1777 446 1814 maxima
461 1788 549 1827 pars
564 1776 600 1813 in
617 1775 674 1813 his
691 1775 784 1827 ipsis
800 1781 1074 1813 consumetur:
1104 1774 1193 1813 hinc
1211 1774 1312 1812 enim
1334 1775 1504 1827 pendere
1525 1776 1749 1816 felicitatem

276 1841 404 1885 video,
426 1847 466 1878 et
485 1853 562 1878 non
581 1840 619 1876 in
642 1839 685 1877 iis
706 1840 817 1877 sitam
840 1852 925 1877 esse
947 1840 1063 1877 rebus
1084 1852 1181 1889 quas
1197 1852 1302 1877 nunc
1319 1840 1523 1890 agitamus.
1582 1841 1751 1880 Omnino

280 1908 409 1940 autem
431 1913 590 1939 necesse
611 1907 671 1938 est
689 1914 790 1945 eum,
811 1900 876 1951 qui
896 1913 919 1938 a
938 1907 1128 1938 consueta
1152 1900 1306 1938 dicendi
1326 1901 1472 1939 ratione
1492 1903 1692 1941 recesserit
1711 1911 1751 1942 et

280 1977 303 2002 a
323 1963 514 2002 sententia
534 1975 601 1999 vos
623 1961 817 1999 deducere
839 1962 1044 2007 studuerit,
1066 1961 1273 1999 multarum
1295 1975 1419 2000 rerum
1440 1962 1566 2000 facere
1587 1964 1750 2002 mentio-

279 2038 366 2063 nem
393 2032 431 2062 et
457 2024 653 2075 prolixiori
676 2024 851 2061 oratioue
879 2024 948 2068 uti,
970 2030 1008 2062 et
1025 2023 1102 2061 alia
1127 2023 1236 2061 vobis
1256 2024 1296 2060 in
1315 2025 1536 2062 memoriam
1559 2026 1747 2076 redigere,

278 2087 354 2125 alia
382 2086 677 2137 reprehendere,
696 2085 877 2136 quaedam
908 2085 1067 2123 laudare
1103 2084 1151 2123 de
1180 2084 1374 2123 nonnullis
1403 2086 1608 2124 consilium
1634 2088 1751 2128 dare:

278 2163 367 2200 quae
387 2149 418 2186 si
440 2149 526 2200 quis
544 2148 672 2186 omnia
693 2147 929 2199 praestiterit,
942 2155 1072 2186 tamen
1090 2148 1196 2186 haud
1216 2148 1270 2185 illi
1290 2157 1510 2200 promptum
1529 2150 1599 2188 erit
1617 2165 1683 2190 vos
1699 2152 1747 2190 ad

280 2212 473 2250 meliorem
494 2217 662 2247 mentem
683 2222 877 2248 revocare.

337 2275 398 2311 11.
431 2273 493 2310 Sic
520 2272 622 2310 enim
651 2285 713 2309 res
745 2271 876 2309 habet.
935 2271 1029 2309 Mea
1055 2271 1210 2322 quidem
1241 2273 1435 2310 sententia
1458 2273 1627 2311 universi
1646 2287 1747 2313 mor-

279 2336 379 2374 tales
409 2334 584 2373 utilitatis
616 2347 697 2371 suae
725 2333 887 2372 studiosi
913 2341 1005 2370 sunt
1024 2340 1064 2371 et
1083 2333 1122 2370 in
1143 2346 1190 2371 eo
1211 2333 1412 2372 elaborant
1430 2342 1473 2371 ut
1492 2334 1577 2387 plus
1598 2337 1749 2386 possint

279 2397 379 2440 aliis,
401 2409 533 2435 verum
553 2396 694 2447 quibus
725 2394 936 2432 rationibus
968 2394 1007 2431 id
1034 2401 1305 2445 assequantur,
1328 2394 1365 2432 in
1393 2407 1439 2433 eo
1459 2395 1643 2434 falluntur
1667 2398 1749 2448 ple-

279 2460 388 2510 rique
408 2466 447 2496 et
467 2457 649 2495 differunt
675 2457 774 2494 inter
799 2470 839 2494 se
868 2456 1137 2506 opinionibus:
1168 2469 1256 2494 narn
1286 2456 1349 2494 alii
1382 2464 1486 2495 recte
1508 2457 1688 2508 judicant
1712 2467 1750 2498 et

279 2523 382 2560 bono
402 2520 568 2559 consilio
588 2520 628 2557 id
647 2519 824 2570 deligunt
842 2518 947 2569 quod
968 2525 1028 2556 est
1048 2519 1160 2556 rebus
1182 2526 1301 2569 atque
1321 2520 1560 2570 temporibus
1580 2522 1749 2560 maxime

280 2583 633 2629 accommodatum,
653 2581 717 2620 alii
737 2594 761 2619 a
779 2581 927 2618 ratione
948 2580 1126 2618 utilitatis
1142 2588 1223 2618 toto
1237 2581 1358 2631 (quod
1375 2581 1503 2629 aiunt)
1520 2582 1618 2621 coelo
1639 2585 1749 2622 aber-

281 2653 378 2685 rant.
437 2645 481 2682 Id
505 2644 610 2695 quod
640 2643 754 2682 etiam
779 2649 920 2680 nostrae
950 2641 1095 2680 civitati
1118 2643 1307 2681 usuvenit.
1365 2642 1468 2680 Nam
1488 2643 1525 2680 in
1547 2656 1592 2681 ea
1613 2658 1748 2684 sumus

281 2707 476 2759 opinione,
498 2707 529 2744 si
553 2705 682 2743 multis
711 2704 930 2742 triremibus
950 2717 1056 2741 mare
1077 2710 1277 2742 teneamus
1297 2711 1333 2741 et
1352 2705 1467 2742 urbes
1488 2705 1631 2743 tributa
1651 2720 1746 2757 pen-

281 2771 371 2809 dere
402 2781 590 2819 cogamus
619 2775 737 2818 atque
773 2766 850 2804 huc
883 2765 1031 2803 mittere
1063 2778 1295 2811 assessores,
1317 2778 1388 2803 nos
1420 2766 1580 2816 aliquod
1610 2768 1748 2807 fecisse

281 2829 600 2884 operaepretium:
631 2829 667 2865 in
694 2842 772 2879 quo
802 2841 896 2865 sane
925 2827 1125 2865 averitate
1153 2827 1428 2872 aberravimus,
1449 2835 1488 2865 et
1517 2841 1585 2879 spe
1615 2838 1748 2869 nostra

280 2905 438 2945 prorsus
462 2890 635 2929 frustrati
660 2903 816 2934 sumus;
848 2902 935 2927 nam
955 2888 1031 2926 illae
1051 2888 1145 2940 ipsae
1166 2902 1223 2926 res
1243 2896 1282 2926 et
1301 2889 1583 2928 inimicitiarum
1605 2899 1644 2929 et
1664 2892 1745 2930 bel-

280 2956 406 2994 lorum
425 2961 464 2992 et
481 2952 691 2991 multorum
712 2960 937 3003 sumptuum
955 2964 1085 2991 causae
1104 2951 1217 2989 nobis
1234 2951 1485 2996 exstite1·unt;
1517 2967 1641 3004 neque
1658 2967 1746 2992 vero
