1870 3277
235 201 284 235 4¹7.
837 197 1124 235 ISOCRATIS

237 301 272 338 in
306 300 460 337 tertium
491 312 634 337 annum
664 298 796 344 (lueto,
825 300 999 350 pluribus
1028 300 1206 338 cladibus
1237 299 1409 351 acceptis
1439 312 1551 351 quam
1587 299 1718 345 illatis,

237 362 337 400 adeo
358 361 519 412 turpiter
540 361 819 406 discesserunt,
837 362 959 411 utqui
977 361 1202 400 defecerant
1223 375 1298 399 non
1313 361 1394 413 jam
1414 362 1584 400 contenti
1605 362 1718 399 liber—

239 431 319 462 tate
340 424 517 461 finitimos
538 423 653 461 etiam
676 422 932 460 invaderent?
989 423 1085 462 Post
1104 424 1188 463 liaec
1208 424 1313 462 bello
1337 430 1473 461 contra
1500 425 1719 474 Evagoiam

239 493 360 532 moto,
391 487 502 523 unius
535 485 637 522 urbis
671 484 869 536 [Cypriae]
901 485 1099 523 dominum
1127 494 1166 524 ct
1194 487 1230 524 in
1267 486 1410 524 foedere
1438 485 1625 531 deditum,
1655 485 1720 535 qui

240 561 361 598 quum
391 547 556 584 insulam
585 546 731 583 incolat
762 554 799 583 et
830 546 922 583 mari
951 547 1054 597 prius
1085 548 1236 585 cladem
1267 547 1460 598 acceperit
1485 555 1523 584 et
1551 559 1619 597 pro
1641 560 1721 583 suae

240 609 409 660 regionis
439 608 664 646 defensione
692 608 762 645 tria
793 608 908 645 millia
939 615 1171 646 cetratorum
1202 610 1396 647 duntaxat
1415 610 1571 652 babeat,
1592 615 1722 645 tamen

243 672 376 721 copias
405 670 502 708 adeo
530 677 665 707 tenues
695 682 759 706 rex
788 669 891 706 bello
913 683 1097 721 superare
1118 672 1263 721 nequit,
1285 671 1352 708 sed
1375 678 1413 708 et
1429 671 1507 721 jam
1530 670 1566 706 in
1589 682 1634 706 eo
1656 681 1724 706 sex

243 743 366 770 annos
390 731 584 776 contrivit,
606 737 659 776 et,
679 731 708 768 si
729 731 956 782 conjectura
983 732 1196 769 futurorum
1220 747 1240 770 e
1262 732 1466 783 praeteritis
1488 731 1573 781 capi
1595 731 1725 774 debet,

242 794 476 845 sperandum
503 800 563 831 est
589 794 671 831 fore
692 800 732 831 ut
755 793 850 831 alius
872 794 1062 845 quispiam
1085 795 1190 845 prius
1211 795 1368 833 deficiat
1387 809 1500 846 quam
1520 794 1582 832 hic
1603 794 1639 831 in
1659 794 1726 831 de-

243 855 427 894 ditionem
450 855 670 906 redigatur:
703 855 802 893 adeo
820 856 922 893 lente
941 869 985 893 ac
1006 856 1176 906 segniter
1199 857 1371 895 actiones
1393 857 1494 907 regis
1515 856 1726 907 procedere

245 918 385 956 solent.
445 918 488 955 In
511 918 611 955 bello
633 924 758 956 autem
781 919 828 955 ad
853 917 1034 955 Rhodum
1060 925 1182 969 gesto,
1202 933 1322 969 quum
1342 918 1726 957 Lacedaemoniorum

244 980 373 1018 socios
389 981 438 1018 ob
456 980 782 1030 gubernationum
799 980 983 1017 saevitiain
1001 981 1098 1017 bene
1118 981 1317 1031 cupientes
1334 981 1493 1018 haberet
1509 980 1726 1030 nostrisque

245 1042 413 1093 remigiis
441 1048 626 1087 uteretur,
649 1042 810 1079 Conone
838 1042 889 1079 illi
917 1042 1085 1079 ducente
1107 1043 1339 1087 exercitum,
1363 1042 1534 1080 omnium
1561 1042 1727 1092 impera-

245 1109 373 1140 torum
393 1112 430 1140 et
453 1102 748 1153 diligentissimo
770 1110 808 1139 et
830 1103 1058 1140 fidelissimo
1081 1102 1230 1140 Graecis
1247 1109 1284 1140 et
1306 1103 1536 1153 peritissimo
1554 1103 1608 1140 rei
1630 1102 1729 1139 mili-

246 1164 352 1210 taris,
368 1177 594 1215 quanquam
612 1164 728 1202 talem
749 1170 884 1201 nactus
902 1163 1135 1211 adjutorem,
1154 1171 1282 1201 tamen
1304 1162 1470 1200 classem
1489 1175 1559 1214 pro
1577 1163 1729 1200 Asianis

245 1226 530 1277 periclitantem
560 1232 711 1262 tantum
734 1238 755 1262 a
782 1232 938 1262 centum
966 1225 1182 1262 triremibus
1211 1225 1377 1262 triennio
1406 1238 1545 1275 passus
1574 1233 1634 1263 est
1660 1226 1728 1262 ob-

248 1288 363 1325 sideri
391 1294 430 1325 et
456 1300 504 1323 xv
533 1287 723 1324 mensium
753 1286 949 1336 stipendio
970 1286 1130 1323 militem
1151 1286 1368 1329 fraudavit;
1402 1286 1530 1337 itaque
1551 1286 1656 1336 quod
1679 1286 1728 1324 ad

249 1350 355 1387 illum
376 1349 528 1400 quidem
552 1348 742 1385 attinebat
763 1360 867 1398 saepe
888 1347 1029 1397 dilapsi
1051 1347 1225 1392 fuissent,
1247 1347 1315 1384 sed
1341 1355 1498 1398 propter
1526 1348 1730 1385 imminens

248 1413 463 1464 periculum
487 1419 525 1449 et
544 1412 769 1449 societatem
789 1411 838 1448 ad
862 1410 1094 1448 Corinthum
1116 1410 1367 1448 constitutam
1388 1410 1450 1447 vix
1477 1410 1633 1448 tandem
1664 1424 1731 1449 na-

250 1474 323 1512 vali
345 1474 479 1525 praelio
499 1473 689 1510 vicerunt.
750 1472 848 1509 Haec
870 1478 961 1510 sunt
982 1472 1065 1522 ejus
1086 1472 1251 1509 maxime
1272 1471 1378 1521 regia
1399 1471 1732 1522 splendidissima-

250 1550 326 1587 que
354 1535 536 1581 facinora,
563 1547 651 1585 quae
673 1534 823 1585 jactare
847 1533 972 1571 verbis
999 1546 1195 1583 nunquam
1224 1532 1420 1570 desistunt
1446 1533 1732 1585 amplificandae

251 1599 463 1637 barbaricae
484 1597 667 1649 potentiae
687 1597 863 1635 studiosi.

305 1662 372 1698 40.
406 1661 543 1711 Itaque
570 1672 684 1697 nemo
713 1660 841 1697 dicere
868 1664 996 1709 potest
1024 1671 1083 1696 me
1117 1671 1191 1696 non
1221 1659 1267 1696 iis
1297 1659 1482 1711 exemplis
1512 1659 1565 1696 uti
1591 1659 1733 1709 quibus

255 1723 408 1768 deceat,
428 1728 495 1759 aut
515 1722 642 1773 parvis
664 1720 1015 1759 commemorandis
1035 1720 1229 1758 immorari
1249 1721 1424 1759 maximis
1445 1722 1560 1759 rebus
1580 1729 1737 1772 praeter-

253 1785 402 1822 missis:
434 1797 536 1828 nam,
560 1797 637 1834 quo
657 1783 800 1821 crimen
827 1782 901 1820 hoc
931 1782 1182 1828 declinarem,
1201 1783 1415 1821 clarissima
1441 1783 1523 1834 ejus
1549 1782 1655 1820 sacta
1676 1797 1734 1821 re-

253 1847 401 1892 censui,
424 1859 499 1884 non
522 1846 615 1896 quin
635 1845 702 1883 illa
719 1845 832 1882 etiam
853 1844 1129 1890 meminissem,
1153 1845 1418 1896 Dercyllidam
1447 1845 1551 1883 mille
1579 1845 1735 1883 armatis

257 1908 448 1946 AEolidem
476 1921 706 1958 occupasse,
732 1907 954 1944 Draconem
981 1907 1157 1944 Atarneo
1186 1915 1301 1957 capto
1333 1914 1372 1944 et
1407 1907 1530 1944 tribus
1563 1906 1735 1944 millibus

253 1977 488 2009 cetratorum
516 1969 692 2007 collectis
721 1969 891 2020 Mysium
920 1981 1102 2018 campum
1132 1975 1323 2014 vastasse,
1353 1968 1590 2006 Tbibronem
1616 1968 1736 2019 paulo

254 2033 426 2084 pluribus
455 2032 624 2082 trajectis
656 2038 778 2068 totam
808 2029 969 2082 Lydiam
997 2043 1084 2067 esse
1114 2030 1363 2080 populatum,
1390 2029 1617 2080 Agesilaum
1646 2030 1738 2082 Cyri

256 2109 366 2133 usum
397 2094 568 2132 exercitu
599 2093 807 2143 provinciis
834 2105 952 2142 prope
981 2091 1159 2128 omnibus
1184 2104 1272 2141 quae
1298 2091 1398 2128 intra
1419 2091 1563 2143 Halym
1584 2104 1737 2130 amnem

253 2158 336 2196 sitae
359 2162 450 2194 sunt
471 2168 556 2192 esse
573 2154 752 2205 potitum.
813 2153 952 2202 Neque
967 2165 1058 2189 vero
1076 2152 1135 2189 vel
1157 2152 1349 2190 exercitus
1368 2153 1434 2202 qui
1455 2152 1534 2203 regi
1551 2160 1738 2204 perpetuo

255 2225 399 2271 praesto
417 2223 490 2260 est,
508 2216 567 2253 vel
585 2214 774 2252 fortitudo
791 2214 1000 2251 Persarum
1016 2213 1311 2251 extimescenda
1329 2221 1411 2251 est:
1443 2226 1546 2260 narn,
1563 2215 1629 2264 qui
1650 2215 1738 2253 cum

258 2282 362 2333 Cyro
383 2279 420 2316 in
443 2277 615 2315 Persiam
638 2275 941 2320 adscenderunt,
962 2275 1079 2313 nihilo
1105 2275 1394 2326 praestantiores
1420 2288 1486 2313 eos
1511 2289 1596 2314 esse
1623 2290 1738 2327 quam

256 2342 374 2380 maris
405 2340 559 2379 accolas
589 2345 719 2390 aperte
748 2337 1022 2376 ostenderunt.
1083 2337 1136 2375 Ut
1159 2337 1261 2375 enim
1287 2344 1430 2375 caetera
1449 2337 1585 2388 praelia
1603 2339 1741 2388 quibus

257 2404 347 2442 victi
383 2409 476 2441 sunt
508 2409 750 2452 praeteream,
776 2406 815 2437 et
847 2412 913 2437 eos
940 2400 977 2437 in
1007 2399 1249 2437 dissensione
1280 2406 1414 2437 contra
1444 2399 1601 2438 fratrem
1638 2401 1740 2451 regis

260 2472 416 2503 strenue
442 2475 617 2514 pugnare
642 2461 812 2499 noluisse
837 2461 1076 2498 concedam:
1108 2467 1148 2498 at
1169 2461 1273 2512 Cyro
1296 2467 1447 2499 mortuo
1466 2474 1587 2511 quum
1604 2474 1740 2499 omnes

259 2527 325 2577 qui
346 2526 479 2564 Asiam
500 2524 677 2562 incolunt
696 2523 987 2568 convenissent,
1009 2522 1083 2560 illis
1104 2522 1345 2573 temporibus
1365 2522 1509 2560 bellum
1531 2522 1630 2561 adeo
1657 2529 1737 2561 tur-

259 2588 359 2638 piter
379 2591 595 2637 gesserunt,
611 2591 655 2622 ut
675 2584 768 2622 nihil
789 2583 897 2634 quod
915 2584 1047 2622 dicant
1063 2584 1107 2622 iis
1124 2584 1257 2634 reliqui
1274 2584 1437 2622 fecerint
1453 2585 1518 2635 qui
1534 2584 1742 2623 Persarum

260 2649 522 2688 fortitudinem
553 2646 764 2698 praedicare
796 2652 1094 2683 consueverunt.
1154 2647 1284 2687 Quum
1319 2645 1420 2682 enim
1452 2646 1490 2682 in
1524 2658 1593 2683 sex
1623 2646 1744 2685 millia

264 2711 494 2749 Graecorum
518 2708 758 2755 incidissent,
779 2707 844 2758 qui
865 2707 1022 2757 quidem
1050 2719 1127 2744 non
1156 2720 1203 2744 ex
1229 2706 1382 2757 optimis
1403 2705 1560 2752 delecti,
1585 2707 1654 2745 sed
1674 2707 1745 2746 ho·

263 2773 387 2811 mines
417 2771 469 2808 ita
495 2770 633 2820 perditi
659 2769 816 2807 fuerunt
842 2775 885 2806 ut
911 2769 949 2805 in
979 2769 1055 2806 suis
1083 2768 1300 2806 civitatibus
1322 2768 1448 2805 vivere
1469 2781 1548 2806 non
1569 2776 1743 2819 possent,

262 2833 385 2886 ignari
415 2830 598 2882 regionis,
625 2830 801 2869 destituti
828 2843 851 2868 a
877 2829 1004 2875 sociis,
1032 2842 1055 2867 a
1080 2829 1288 2867 comitibus
1316 2828 1471 2880 proditi,
1499 2829 1598 2868 duce
1629 2843 1743 2881 quem

266 2895 389 2935 secuti
420 2893 574 2931 fuerant
605 2892 760 2938 amisso,
779 2899 887 2930 tanto
917 2898 1047 2929 tamen
1079 2890 1138 2928 his
1172 2890 1372 2928 inferiores
1409 2891 1578 2937 fuerunt,
1604 2899 1648 2928 ut
1678 2906 1744 2931 rex

266 2956 382 2996 animi
403 2954 544 2993 dubius
565 2953 659 3004 quid
680 2954 874 3004 agendum
896 2960 1012 2996 esset,
1034 2952 1114 2990 suis
1134 2951 1255 3003 copiis
1277 2953 1528 3004 contemptis,
1551 2953 1743 3005 principes
