1870 3277
727 167 800 205 DE
831 168 986 206 PACE.
1527 171 1595 208 111

138 266 241 305 aliud
270 274 378 304 curet
407 267 477 304 nisi
508 268 662 306 unicum
685 268 773 306 vitae
801 281 881 306 suae
907 269 1086 320 tempus?
1137 271 1309 311 Quorum
1337 284 1407 309 nos
1428 272 1602 310 aemulari

138 336 304 367 mentem
337 329 448 367 nefas
479 337 550 376 est,
579 343 724 380 eosque
755 329 875 368 multo
904 331 1027 380 magis
1060 331 1196 368 imitari
1231 331 1344 370 decet
1370 333 1436 383 qui
1464 334 1598 372 harum

135 402 260 426 rerum
287 390 456 427 omnium
487 391 668 429 acerrimo
689 390 816 428 studio
838 398 1030 436 tenentur,
1052 405 1176 443 neque
1197 393 1381 430 minorem
1405 395 1602 434 existima-

136 452 250 489 tionis
271 452 494 503 reipublicae
516 466 647 490 curam
671 466 786 503 quarn
809 466 890 490 suae
916 462 1185 503 susceperunt,
1207 454 1348 504 quique
1369 457 1600 495 mediocrem

135 513 225 550 vitae
246 521 389 551 statum
410 528 495 552 cum
518 515 700 565 aequitate
728 515 981 566 conjunctum
1007 516 1158 565 magnis
1186 517 1323 566 opibus
1354 517 1452 554 male
1482 520 1601 568 partis

136 582 389 624 anteponunt.
449 575 599 612 Etenim
625 575 789 626 majores
811 576 929 613 nostri
950 589 1066 626 quum
1090 589 1130 613 se
1152 577 1249 613 tales
1271 577 1541 627 praebuissent,
1563 587 1602 617 et

135 636 300 686 posteris
322 635 627 673 florentissimam
649 637 924 686 rempublicam
947 629 1189 675 tradiderunt
1210 645 1245 674 et
1261 637 1512 676 immortalem
1532 641 1602 677 vir-

134 697 227 734 tutis
255 710 335 734 suae
363 697 585 734 memoriam
614 697 866 748 reliquerunt.
926 698 1039 735 Unde
1071 706 1277 749 utrumque
1309 700 1422 737 facile
1456 703 1600 752 perspi-

132 759 244 802 citur,
264 766 345 796 tum
368 767 538 797 nostram
562 760 693 796 urbem
714 760 814 796 viros
838 760 920 795 aliis
941 760 1226 808 praestantiores
1247 759 1349 797 alere
1368 774 1497 811 posse,
1518 769 1599 799 tum

132 819 331 870 imperium
355 821 448 857 illud
470 820 623 857 nomine
644 833 775 857 revera
797 820 1065 870 infortunium>
1086 833 1219 857 omnes
1240 820 1304 871 qui
1325 834 1413 859 cum
1440 835 1485 860 eo
1505 837 1599 862 con-

132 880 329 918 flictantur
347 882 507 919 reddere
529 881 753 919 deteriores.

187 944 250 982 32.
283 943 403 995 Cujus
430 943 480 981 rei
505 943 601 980 illud
632 943 844 981 maximum
870 943 1024 994 signum
1045 950 1125 982 est:
1157 944 1260 995 quod
1282 957 1358 982 nou
1380 958 1451 983 nos
1473 946 1596 984 solum

131 1005 200 1044 sed
237 1005 352 1043 etiarn
387 1005 769 1043 Lacedaemoniorum
803 1006 936 1043 urbem
971 1006 1154 1056 corrupit,
1187 1007 1239 1044 ita
1269 1015 1313 1044 ut
1345 1008 1411 1057 qui
1441 1009 1598 1047 virtutes

131 1079 264 1104 eorum
287 1066 501 1118 praedicant
516 1068 598 1116 jam
618 1080 695 1104 non
716 1067 844 1105 dicere
864 1068 1026 1118 possint,
1047 1081 1117 1105 nos
1139 1069 1187 1105 ob
1208 1068 1433 1119 popularem
1453 1078 1596 1108 statum

132 1128 233 1166 male
266 1141 344 1165 rem
376 1128 557 1179 gessisse,
588 1129 903 1166 Lacedaemonios
935 1136 1075 1175 autem,
1110 1129 1141 1166 si
1173 1130 1335 1167 eandem
1364 1138 1598 1181 potestatem

133 1190 410 1240 suscepissent,
430 1197 469 1227 et
489 1191 719 1241 semetipsos
738 1197 777 1228 et
797 1191 891 1228 alios
912 1190 1042 1228 felices
1064 1191 1182 1229 fuisse
1202 1192 1434 1231 reddituros.
1492 1194 1596 1232 Nam

130 1251 236 1301 quod
258 1265 368 1289 suum
389 1259 491 1289 esset
511 1252 722 1301 ingenium,
745 1253 782 1289 in
800 1252 873 1290 illis
893 1252 1015 1290 multo
1035 1253 1198 1290 celerius
1215 1253 1425 1292 declaravit
1440 1284 1448 1293 .
1479 1269 1596 1306 quam

131 1314 232 1350 enirn
267 1314 542 1364 rempublicam
577 1314 908 1364 septingentorum
944 1327 1132 1351 annorum
1169 1315 1294 1365 spatio
1326 1329 1440 1353 nemo
1471 1330 1597 1366 neque

130 1375 240 1413 bellis
261 1389 387 1426 neque
408 1376 562 1413 casibus
585 1375 667 1413 aliis
689 1375 963 1413 labefactatam
985 1389 1071 1414 esse
1092 1384 1217 1421 norat,
1234 1390 1318 1414 eam
1341 1377 1481 1428 exiguo
1502 1386 1597 1417 tem-

131 1449 221 1487 pore
254 1439 307 1478 ita
339 1438 536 1476 concussit
568 1445 611 1475 ut
646 1451 783 1489 parum
821 1439 979 1476 abesset
1012 1438 1102 1488 quin
1137 1438 1314 1476 funditus
1349 1448 1597 1479 everteretur.

133 1499 283 1536 Etenim
312 1513 415 1538 more
435 1501 619 1551 majorum
647 1501 848 1551 antiquato
871 1508 908 1537 et
928 1500 1112 1537 institutis
1133 1508 1303 1537 veterum
1324 1501 1490 1548 abolitis,
1513 1510 1594 1540 tum

130 1561 298 1611 privatos
319 1561 492 1600 homines
512 1562 713 1612 injustitia,
735 1562 901 1612 ignavia,
926 1562 1140 1613 iniquitate,
1164 1563 1333 1608 avaritia,
1360 1569 1439 1601 tum
1472 1565 1594 1615 ipsam

130 1623 320 1674 rempubl.
342 1631 379 1661 et
398 1632 619 1675 contemptu
641 1625 831 1662 sociorum
853 1632 891 1662 et
911 1625 1147 1676 appetitione
1172 1625 1385 1662 alienorum
1406 1634 1444 1664 et
1464 1627 1596 1677 negle-

131 1685 457 1736 ctujurisjurandi
481 1694 595 1736 atque
617 1686 817 1732 foederum,
833 1687 1006 1738 replevit.
1067 1687 1167 1723 Nam
1189 1694 1296 1724 tanto
1318 1689 1468 1737 gravius
1486 1689 1597 1727 Grae-

131 1759 198 1784 cos
215 1761 328 1797 quam
348 1749 466 1785 nostri
482 1749 715 1793 afflixerunt,
731 1755 774 1785 ut
790 1756 929 1798 praeter
945 1756 1103 1786 caeteras
1120 1749 1278 1799 injurias
1294 1750 1464 1787 caedibus
1481 1752 1596 1789 etiam

131 1815 172 1846 et
193 1809 444 1847 seditionibus
466 1812 662 1847 turbarent
681 1810 869 1855 civitates,
892 1811 992 1848 unde
1015 1811 1249 1848 immortales
1272 1811 1478 1850 inimicitiae
1501 1813 1597 1852 inter

130 1869 215 1908 illas
236 1871 438 1909 exsistent.
498 1871 597 1908 Belli
618 1878 721 1909 certe
739 1872 895 1922 quidem
916 1872 1014 1909 adeo
1032 1872 1162 1922 cupidi
1184 1872 1280 1910 adeo
1297 1874 1486 1912 temerarii
1507 1876 1598 1913 facti

132 1940 234 1977 sunt,
256 1942 310 1977 ut,
331 1947 452 1984 quum
487 1934 744 1984 superioribus
776 1934 1012 1984 temporibus
1041 1934 1230 1972 cautiores
1259 1934 1341 1972 aliis
1368 1935 1532 1974 fuissent
1559 1937 1597 1974 in

130 1994 321 2044 ejusmodi
350 1996 480 2040 rebus,
501 2008 626 2044 neque
655 1993 851 2031 societatis
867 1994 930 2044 jus
952 2008 1024 2032 nec
1046 2003 1290 2045 acceptorum
1321 1996 1595 2034 beneficiorum

131 2056 317 2093 memoria
341 2057 388 2093 ab
418 2055 626 2094 inferendis
653 2055 767 2093 armis
798 2068 863 2093 eos
893 2055 1128 2098 deterrerem
1164 2069 1285 2106 quum
1315 2056 1417 2094 enim
1447 2058 1501 2095 eis
1531 2071 1598 2097 rex

131 2116 337 2154 Persarum
358 2117 405 2155 ad
428 2117 573 2155 bellum
603 2123 738 2155 contra
758 2129 828 2153 nos
848 2124 1003 2166 gestum
1026 2117 1190 2167 amplius
1211 2117 1380 2168 quinque
1403 2119 1519 2158 millia
1540 2127 1597 2159 ta-

130 2179 277 2217 lentum
304 2180 608 2231 suppeditasset,
631 2192 749 2229 quum
772 2179 858 2217 Chii
881 2192 927 2216 ex
948 2180 1128 2217 omnibus
1157 2180 1271 2217 sociis
1299 2180 1450 2217 illorum
1478 2195 1599 2220 causa

129 2241 416 2292 prompfflssime
445 2241 569 2278 navali
598 2240 731 2291 praelio
753 2240 1018 2290 dimicassent,
1039 2254 1159 2291 quum
1180 2241 1354 2279 Thebani
1377 2244 1541 2280 maxima
1562 2244 1596 2281 vi

130 2304 298 2354 pediturn
331 2303 384 2341 eis
412 2310 552 2354 praesto
582 2302 757 2347 fuissent,
778 2315 898 2352 quum
928 2302 1089 2352 primum
1120 2302 1377 2353 principatum
1410 2304 1598 2342 obtinuis-

131 2372 219 2403 sent
246 2372 285 2403 et
304 2365 498 2403 Thebanis
531 2364 698 2402 insidiati
729 2372 832 2409 sunt,
854 2371 892 2402 et
921 2372 1055 2402 contra
1076 2363 1281 2401 Persarum
1312 2378 1442 2414 regern
1466 2365 1598 2404 Clear-

130 2427 245 2465 chum
275 2440 363 2465 cum
393 2427 566 2465 exercitu
595 2427 796 2474 miserunt,
818 2433 857 2463 et
877 2426 1060 2464 Chiorum
1091 2426 1283 2477 principes
1314 2426 1417 2463 cives
1440 2426 1476 2463 in
1497 2427 1598 2464 exsi-

129 2488 221 2526 lium
241 2495 418 2539 egerunt,
439 2495 478 2525 et
505 2488 676 2525 triremes
698 2499 832 2525 ornnes
853 2500 873 2525 e
894 2487 1094 2525 navalibus
1116 2489 1330 2525 abstractas
1352 2500 1484 2524 secum
1506 2501 1595 2526 ave-

129 2557 280 2589 xerunt.

185 2613 248 2650 33.
281 2611 365 2649 Nee
391 2610 451 2649 his
475 2610 626 2649 delictis
647 2611 821 2649 contenti
842 2609 977 2648 iisdem
999 2609 1237 2660 temporibus
1258 2614 1296 2645 et
1315 2608 1446 2646 Asiam
1468 2617 1598 2649 vasta-

130 2681 232 2721 runt,
253 2680 291 2711 et
309 2673 456 2710 insulas
477 2677 680 2719 vexarunt,
700 2679 739 2710 et
760 2672 913 2709 Italicas
934 2679 972 2708 et
994 2671 1144 2707 Siculas
1170 2669 1339 2720 respubl.
1361 2670 1599 2721 abrogarunt

131 2743 171 2774 et
188 2744 373 2787 tyrannos
394 2736 690 2781 constituerunt,
710 2743 749 2773 et
769 2735 1081 2784 Peloponnesum
1104 2732 1322 2769 afflixerunt
1341 2739 1377 2769 et
1399 2733 1598 2770 seditioni-

131 2799 205 2835 bus
230 2811 274 2835 ac
295 2797 405 2835 bellis
433 2797 737 2848 compleverunt.
794 2798 923 2838 Quam
950 2795 1050 2832 enim
1072 2794 1123 2831 illi
1144 2793 1337 2831 civitatem
1366 2806 1442 2831 non
1472 2807 1596 2846 oppu-

132 2857 324 2910 gnarunt?
353 2871 452 2909 quos
468 2872 488 2896 e
504 2859 619 2897 sociis
637 2872 713 2897 non
732 2859 868 2910 injuria
881 2855 1092 2894 laeserunt?
1124 2869 1199 2894 non
1218 2855 1323 2893 Eleis
1350 2855 1428 2906 agri
1446 2866 1592 2907 partem

133 2919 390 2959 ademerunt?
417 2933 496 2959 non
516 2920 802 2959 Corinthiorum
833 2931 967 2970 agrurn
996 2917 1168 2970 populati
1196 2916 1314 2956 sunt?
1348 2929 1422 2954 non
1452 2918 1595 2956 Manti-
