1870 3277
709 198 786 235 AD
817 194 1125 236 NICOCLEM.
1598 195 1639 233 ll

189 295 454 342 reverentiam,
475 305 517 335 ut
546 298 632 349 plus
653 299 839 337 habeatur
863 299 953 338 fidei
983 306 1061 337 tuae
1084 298 1326 337 affirmationi
1345 310 1458 349 quam
1480 297 1642 335 aliorum

187 357 424 408 dejerationi.
482 361 582 398 Cum
610 362 788 398 omnibus
818 361 1035 412 hospitibus
1066 361 1198 398 urbem
1219 359 1356 398 exhibe
1385 367 1505 397 tutam
1539 366 1576 396 et
1605 359 1642 395 in

186 420 446 458 contractibus
466 435 629 472 aequam,
655 429 733 458 tum
758 421 855 458 inter
885 421 1054 459 advenas
1075 433 1142 458 eos
1163 420 1315 458 maximi
1335 420 1453 457 facito
1482 433 1557 456 non
1579 419 1643 469 qui

186 477 289 516 dona
322 481 388 517 tibi
419 482 625 527 advehunt,
655 482 722 519 sed
752 482 815 531 qui
837 494 859 518 a
880 489 916 518 te
936 487 1146 532 expetunt:
1178 493 1281 524 nam,
1311 481 1342 517 si
1372 480 1431 516 his
1458 479 1643 516 honorem

185 537 377 586 habueris,
398 542 499 591 apud
526 548 685 579 caeteros
706 541 847 592 majore
869 541 990 591 gloria
1020 541 1107 578 eris.
1166 541 1298 577 Exime
1326 540 1472 577 civibus
1502 539 1644 576 multas

183 596 396 637 formidinis
415 613 565 646 causas,
588 614 713 650 neque
734 601 980 638 meticulosos
1003 614 1069 638 eos
1090 613 1178 637 esse
1201 600 1295 637 velis
1316 599 1381 649 qui
1403 599 1496 636 nihil
1516 598 1642 635 delin-

185 665 330 706 quunt:
361 673 448 697 narn
476 674 552 710 quo
579 668 619 698 tu
639 674 704 698 eos
735 662 772 697 in
793 669 831 697 te
861 673 946 698 esse
973 661 1100 698 animo
1127 659 1424 704 consuefeceris‚
1447 658 1584 696 eodem
1605 665 1644 695 et

185 716 265 766 ipse
286 718 322 754 in
345 719 428 756 illos
449 721 534 757 eris.
594 721 698 757 Nihil
720 734 787 770 per
807 721 1043 758 iracundiam
1061 721 1179 771 agito,
1196 720 1263 757 sed
1278 719 1387 763 iram,
1406 732 1525 769 quum
1546 724 1642 755 tem-

183 790 256 826 pus
276 780 500 828 postulabit,
521 780 714 818 simulato.
756 780 1021 818 Aerimoniam
1042 788 1148 818 tuam
1171 781 1292 831 proba
1310 778 1558 829 indagatione
1581 790 1640 815 re-

184 850 266 875 rum
285 852 372 889 quae
398 848 583 890 geruntur
611 841 795 885 omnium,
825 841 1067 879 clementiam
1093 842 1332 891 mitigatione
1352 839 1640 891 suppliciorum.

184 899 466 939 Auctoritatem
481 901 624 951 imperii
645 909 749 939 tuere
770 915 846 938 non
861 901 1066 952 asperitate
1086 915 1159 939 nec
1176 901 1323 939 saevitia
1343 913 1555 951 poenarum,
1570 900 1639 938 sed

181 959 387 998 excellenti
406 962 604 1011 sapientia,
628 968 668 999 ut
688 968 726 998 te
746 975 826 999 suae
846 961 959 999 saluti
973 974 1106 999 omnes
1129 961 1264 998 melius
1279 973 1393 1010 quam
1414 961 1639 1010 semetipsos

180 1020 384 1058 consulere
405 1021 648 1059 arbitrentur.
704 1021 919 1060 Bellicosus
940 1029 1024 1059 esto
1039 1021 1198 1059 scientia
1213 1021 1266 1058 rei
1282 1020 1451 1058 militaris
1470 1027 1510 1057 et
1524 1032 1640 1071 appa-

180 1087 276 1126 ratu,
295 1082 479 1132 pacificus
505 1082 598 1119 nibil
621 1088 760 1132 praeter
780 1082 845 1132 jus
865 1089 905 1119 et
933 1094 1084 1132 aequum
1105 1081 1362 1119 vendicando.
1421 1080 1524 1129 Erga
1545 1079 1639 1117 civi-

178 1148 279 1179 tates
313 1142 580 1180 imbeciHIOres
612 1143 730 1180 talem
759 1150 796 1180 te
816 1143 959 1194 praebe,
992 1142 1130 1192 quales
1161 1142 1199 1178 in
1225 1148 1263 1179 te
1291 1140 1524 1191 potentiores
1551 1152 1639 1178 esse

178 1203 309 1241 velles.
368 1204 457 1241 Noli
483 1205 532 1241 de
562 1205 675 1241 rebus
702 1203 899 1254 quibusvis
926 1202 1178 1248 contendere,
1207 1202 1276 1239 sed
1299 1201 1348 1238 de
1381 1201 1424 1237 iis
1451 1201 1639 1238 duntaxat

177 1276 341 1312 quarum
368 1264 527 1301 victoria
551 1263 618 1300 tibi
643 1264 842 1313 profutura
868 1270 938 1300 est.
995 1261 1311 1299 Contemnendos
1342 1260 1531 1304 existima,
1558 1273 1634 1297 non

177 1336 244 1361 eos
263 1325 328 1374 qui
349 1324 491 1362 utiliter
517 1324 789 1369 succumbunt,
809 1323 878 1361 sed
898 1322 963 1372 qui
981 1335 1068 1359 cum
1091 1322 1233 1359 damno
1254 1333 1325 1357 suo
1346 1320 1518 1357 vincunt.
1549 1319 1637 1356 Ma-

178 1386 381 1434 gnanimos
395 1391 499 1435 puta,
512 1397 588 1422 non
603 1396 669 1421 eos
685 1384 750 1433 qui
764 1386 907 1432 majora
920 1383 1133 1432 suscipiunt
1145 1394 1259 1431 quam
1271 1381 1461 1418 sustinere
1473 1380 1638 1430 possint,

180 1445 248 1482 sed
264 1445 328 1495 qui
345 1452 383 1483 et
393 1445 556 1483 honesta
574 1443 798 1482 desiderant
812 1452 849 1482 et
863 1457 950 1494 quae
967 1442 1245 1493 aggrediuntur
1259 1441 1442 1492 perficere
1459 1447 1637 1490 possunt.

179 1505 385 1551 AEtnulare‚
404 1519 481 1543 non
500 1519 567 1543 eos
593 1508 658 1557 qui
677 1505 863 1543 latissime
892 1504 1089 1555 imperium
1120 1510 1395 1554 propagarunt,
1416 1502 1484 1539 sed
1505 1502 1568 1552 qui
1596 1501 1635 1539 id

177 1566 278 1615 quod
299 1565 441 1604 habent
455 1567 664 1606 rectissime
680 1565 1016 1609 administrarunt;
1045 1570 1160 1615 teque
1178 1564 1224 1601 ab
1238 1563 1339 1601 omni
1353 1570 1458 1613 parte
1477 1564 1634 1600 beatum

176 1628 256 1664 fore
275 1635 378 1678 puta,
400 1640 476 1665 non
498 1628 527 1665 si
544 1629 720 1667 omnibus
736 1626 955 1665 hominibus
975 1639 1063 1664 cum
1086 1626 1294 1663 terroribus
1308 1630 1348 1661 et
1366 1623 1542 1673 periculis
1563 1623 1634 1661 im-

177 1689 331 1739 perites,
347 1689 413 1726 sed
433 1689 476 1733 si,
496 1689 611 1727 talem
633 1696 670 1727 te
692 1689 867 1740 praebens
885 1687 1040 1737 qualem
1061 1685 1174 1724 decet
1194 1693 1232 1723 et
1252 1698 1298 1722 ea
1317 1696 1456 1735 gerens
1477 1697 1564 1734 quae
1594 1684 1631 1721 in

179 1751 394 1800 praesentia,
415 1751 619 1788 mediocria
638 1750 834 1788 desideres
855 1749 1043 1786 ethorum
1065 1747 1172 1784 nullo
1187 1758 1332 1784 careas.

233 1813 269 1848 8.
301 1812 351 1848 In'
371 1811 572 1849 amicitiam
603 1812 728 1862 recipe
760 1824 836 1848 non
872 1809 1077 1860 quoslibet,
1109 1808 1174 1845 sed
1209 1814 1275 1845 tua
1299 1812 1435 1844 natura
1467 1805 1633 1856 dignos;

178 1885 303 1923 neque
320 1886 405 1910 cum
426 1873 565 1922 quibus
582 1872 863 1923 jucundissime
884 1877 1032 1920 tempus
1053 1876 1240 1913 conteras,
1255 1867 1322 1905 sed
1342 1878 1502 1916 quorum
1519 1879 1636 1916 opera

176 1935 307 1971 urbem
339 1934 480 1984 optime
509 1935 713 1983 gubernes.
772 1932 987 1983 Diligenter
1019 1929 1199 1980 inquirito
1229 1929 1266 1966 in
1293 1936 1382 1966 tuos
1413 1928 1635 1972 familiares,

178 2001 292 2044 teque
312 1995 405 2032 scito
424 1995 538 2032 talem
560 1995 607 2031 ab
627 1994 672 2031 iis
694 1993 870 2031 omnibus
898 1992 962 2041 qui
983 1990 1265 2028 consuetudine
1288 1995 1355 2025 tua
1374 2001 1451 2024 non
1473 1994 1634 2024 utuntur

172 2055 387 2105 judicatum
409 2055 466 2099 iri,
485 2055 619 2102 quales
647 2054 698 2091 illi
726 2053 864 2090 fuerint
894 2065 980 2090 cum
1010 2052 1150 2100 quibus
1170 2049 1320 2087 vixeris.
1380 2048 1443 2086 Sic
1474 2048 1570 2085 alios
1591 2048 1636 2086 iis

178 2117 329 2168 praefice
342 2118 455 2155 rebus
469 2130 565 2166 quas
580 2116 661 2167 ipse
675 2129 748 2152 non
764 2115 876 2166 geris,
886 2122 928 2151 ut
941 2114 1006 2151 tibi
1021 2112 1319 2150 adscribendum
1335 2111 1434 2148 scias
1448 2110 1632 2161 quicquid

176 2178 228 2215 illi
250 2178 423 2216 fecerint.
478 2176 628 2214 Fideles
654 2176 845 2220 existima,
874 2188 949 2212 non
977 2187 1044 2212 eos
1064 2174 1130 2224 qui
1159 2172 1288 2210 omnia
1313 2177 1352 2209 et
1380 2171 1484 2208 dicta
1512 2178 1579 2208 tua
1599 2177 1639 2208 et

178 2241 280 2277 facta
298 2239 504 2284 laudarint,
521 2238 588 2276 sed
608 2238 672 2288 qui
693 2238 805 2275 etiarn
827 2243 951 2275 errata
966 2244 1006 2273 et
1020 2235 1162 2273 delicta
1182 2232 1508 2284 reprehenderint.
1557 2232 1636 2270 Po-

178 2307 356 2338 testatem
374 2300 424 2339 da
437 2299 690 2351 prudentibus
712 2298 829 2336 libere
850 2298 1003 2336 dicendi
1025 2296 1269 2340 sententiam,
1288 2303 1344 2339 ut,
1373 2295 1403 2332 si
1422 2294 1560 2344 quibus
1587 2294 1637 2331 de

178 2363 291 2400 rebus
315 2361 516 2404 dubitaris,
544 2366 687 2409 praesto
709 2359 785 2396 sint
810 2359 874 2409 qui
894 2358 980 2395 illas
1001 2370 1078 2394 una
1097 2363 1224 2393 tecum
1246 2354 1486 2405 expendant.
1544 2354 1636 2390 Dis-

179 2436 290 2461 cerne
310 2435 376 2460 eos
396 2423 461 2472 qui
480 2428 559 2459 arte
579 2427 825 2457 assentantur
841 2419 888 2457 ab
909 2418 983 2456 illis
1001 2417 1127 2468 quiex
1148 2415 1417 2454 benevolentia
1431 2422 1468 2451 te
1483 2413 1634 2457 colunt,

179 2497 226 2522 ne
246 2484 405 2534 improbi
431 2483 586 2520 meliore
611 2481 831 2519 conditione
853 2482 929 2518 sint
948 2492 1061 2530 quam
1084 2478 1173 2516 boni
1192 2478 1273 2515 viri.
1331 2476 1432 2514 Audi
1458 2475 1551 2525 quid
1572 2475 1636 2512 alii

178 2545 226 2582 de
242 2545 324 2582 aliis
337 2544 481 2586 dicant,
496 2554 728 2592 operamque
750 2541 842 2578 dato
863 2546 918 2584 ut,
939 2540 1074 2590 quales
1092 2545 1131 2576 et
1146 2538 1301 2589 quinam
1324 2536 1400 2573 sint
1414 2548 1490 2573 non
1507 2535 1634 2571 minus

178 2606 200 2643 ii
215 2605 277 2655 qui
294 2605 427 2642 dicunt
443 2616 557 2654 quam
579 2603 600 2640 ii
620 2602 667 2640 de
686 2601 825 2652 quibus
843 2601 990 2644 dicunt,
1010 2611 1238 2649 cognoscas.
1276 2596 1414 2633 Iisdem
1437 2594 1635 2645 suppliciis

178 2667 289 2704 affice
321 2664 632 2708 calumniatores,
662 2662 802 2712 quibus
837 2661 1117 2711 delinquentes.
1177 2659 1326 2707 Impera
1359 2655 1426 2693 tibi
1457 2654 1526 2705 ipsi
1556 2668 1634 2692 non

179 2727 302 2763 minus
333 2738 447 2774 quam
474 2724 647 2766 caeteris;
679 2723 792 2772 idque
819 2721 980 2758 maxime
1004 2721 1148 2770 regium
1169 2723 1318 2768 putato,
1346 2715 1376 2753 si
1403 2715 1519 2752 nullis
1548 2715 1635 2752 libi-

180 2786 330 2822 dinibus
357 2785 515 2828 servias,
541 2784 609 2822 sed
638 2783 871 2833 cupiditates
901 2782 1024 2831 magis
1053 2780 1088 2816 in
1120 2784 1312 2829 potestate
1341 2776 1485 2813 habeas
1517 2788 1633 2825 quam

180 2847 282 2883 cives
302 2852 402 2882 tuos.
459 2845 616 2882 Nullam
637 2843 931 2881 familiaritatem
948 2849 1086 2878 temere
1108 2851 1152 2876 ac
1172 2838 1253 2875 sine
1267 2836 1412 2874 ratione
1434 2835 1632 2879 contrahe,

178 2906 245 2943 sed
278 2905 321 2941 iis
348 2904 514 2954 gaudere
540 2903 810 2955 congressibus
831 2914 1026 2945 assuesce,
1051 2900 1115 2949 qui
1136 2907 1172 2937 te
1200 2905 1236 2935 et
1257 2896 1445 2947 sapientia
1465 2901 1634 2945 augeant

177 2974 210 3005 et
236 2965 380 3003 virtutis
400 2965 500 3014 apud
514 2965 608 3002 alios
630 2964 824 3014 opinione.
