1870 3277
745 163 817 201 DE
848 162 1002 200 PACE.
1533 162 1607 199 113

136 274 207 301 sua
233 268 313 302 tam
335 262 540 301 infeliciter
567 269 763 310 curarunt,
782 270 826 300 ut
850 274 920 300 nos
943 262 1078 313 paucis
1102 262 1211 300 annis
1233 263 1375 314 elapsis
1395 274 1609 312 emergere-

135 336 220 361 mus
247 329 287 361 et
315 324 421 362 salus
450 336 579 362 eorum
609 324 647 361 in
675 329 867 374 potestate
887 330 1020 361 nostra
1040 323 1113 361 sita
1135 323 1270 361 esset?
1299 336 1376 361 non
1396 323 1610 361 Athenien-

136 384 233 422 sium
251 384 412 436 improbi
434 393 597 423 conatus
624 384 838 422 effecerunt
863 390 906 421 ut
931 385 1045 422 urbes
1072 383 1453 422 Lacedaemoniorum
1479 390 1608 435 partes

136 446 417 496 sequerentur?
447 460 524 485 non
550 445 698 497 injuriae
724 446 921 484 Laconum
948 445 1102 483 easdem
1128 445 1284 483 studere
1305 444 1609 483 Atheniensibus

135 507 373 557 coegerunt?
403 521 478 546 non
495 509 544 546 ob
562 513 756 545 oratorum
776 507 1058 557 improbitatem
1075 507 1154 557 ipse
1171 506 1336 557 populus
1356 506 1607 556 oligarchiam

133 569 354 620 concupivit
378 568 614 620 temporibus
636 567 1023 618 Quadringentorum
1046 566 1329 613 constitutam?
1359 579 1437 603 non
1455 565 1505 604 ob
1524 567 1606 603 Tri-

133 629 244 679 ginta
267 636 519 681 tyrannorum
544 628 734 667 insaniam
759 629 954 679 popularis
981 636 1104 667 status
1124 628 1344 679 cupidiores
1364 626 1456 665 facti
1476 640 1608 666 sumus

133 703 248 739 quam
270 690 293 728 ii
314 691 380 741 qui
401 690 551 742 Phylen
576 690 847 741 occuparunt?
903 690 1033 740 Atque
1061 689 1159 728 adeo
1186 689 1398 727 minoribus
1425 689 1541 727 etiarn
1569 689 1607 725 in

133 752 247 789 rebus
267 759 305 790 et
326 752 550 803 quotidiana
569 753 647 790 vita
666 752 835 790 cernitur
854 752 999 789 multos
1021 751 1063 789 iis
1085 759 1125 789 et
1146 751 1242 789 cibis
1263 757 1302 789 et
1321 749 1607 788 exercitationi-

133 813 204 850 bus
225 812 404 851 delectari
425 814 566 864 quibus
584 820 624 852 et
644 826 786 864 corpus
808 819 847 851 et
868 812 1036 851 animum
1061 812 1227 858 laedunt,
1247 818 1462 862 contraque
1489 810 1536 849 ab
1564 810 1609 848 iis

133 874 273 924 quibus
302 882 464 926 utraque
493 875 580 914 haec
599 876 826 926 juvarentur
854 881 1038 925 tanquam
1067 873 1268 912 laboriosis
1289 878 1328 911 et
1347 872 1521 911 molestis
1541 873 1609 910 ab·

132 934 296 980 horrere,
315 936 430 986 idque
449 936 528 974 fieri
548 949 637 975 cum
659 936 827 987 quadarn
847 935 1028 986 opinione
1051 934 1294 980 constantiae,
1314 934 1345 972 si
1365 945 1388 972 a
1407 946 1526 984 pravo
1548 933 1607 970 in-

133 995 269 1034 stituto
295 1009 372 1034 non
398 996 641 1036 recesserint.
699 998 776 1039 Qui
796 996 911 1048 igitur
931 996 1120 1034 deteriora
1142 995 1379 1041 melioribus,
1399 995 1436 1031 in
1458 995 1504 1032 iis
1525 995 1608 1032 sine

133 1057 274 1107 quibus
295 1058 422 1096 vivere
452 1066 653 1109 nequeunt
677 1065 716 1096 et
740 1072 828 1109 quae
855 1058 980 1109 magis
1001 1065 1153 1104 curant,
1173 1057 1393 1108 praeferant,
1413 1056 1505 1107 quid
1526 1056 1608 1093 miri

133 1125 192 1156 est
212 1119 242 1156 si
264 1119 378 1169 quale
400 1119 448 1156 sit
467 1121 583 1158 maris
604 1120 804 1171 imperium
821 1119 1000 1170 ignorant
1029 1118 1154 1172 deque
1175 1131 1221 1162 eo
1240 1119 1338 1156 inter
1356 1131 1398 1157 se
1417 1125 1610 1169 pugnant,

134 1180 182 1217 de
203 1193 280 1230 quo
299 1179 394 1217 nihil
414 1193 584 1230 unquam
606 1181 854 1232 cogitationis
875 1179 1162 1231 susceperunt?

187 1241 251 1279 36.
283 1240 423 1290 Regna
446 1241 537 1278 item
564 1241 692 1279 videte
717 1254 804 1291 quae
833 1242 872 1279 in
902 1241 1029 1279 liberis
1057 1240 1276 1278 civitatibus
1304 1240 1608 1285 constituuntur,

132 1313 248 1350 quam
276 1301 419 1339 multos
443 1302 612 1340 habeant
632 1310 840 1348 amatores,
861 1303 928 1353 qui
948 1302 1040 1340 dum
1062 1315 1108 1340 ea
1129 1303 1329 1340 obtineant
1348 1302 1503 1352 quidvis
1524 1315 1610 1353 per-

132 1363 211 1413 peti
232 1376 308 1400 non
325 1370 533 1401 recusent:
563 1364 702 1414 quibus
723 1364 816 1415 quid
837 1363 1095 1415 periculorum
1122 1363 1215 1413 quid
1242 1375 1502 1400 aerumnarum
1529 1375 1606 1400 non

131 1423 260 1462 inest?
315 1425 458 1462 Annon
490 1438 580 1463 mox
607 1425 806 1464 dominatu
837 1432 1033 1476 suscepto,
1055 1431 1114 1463 tot
1141 1424 1252 1462 malis
1279 1423 1542 1476 implicantur,
1564 1432 1609 1463 ut

133 1498 295 1523 necesse
318 1485 490 1525 habeant
509 1499 599 1524 cum
620 1487 806 1525 universis
826 1487 974 1525 civibus
995 1486 1138 1524 bellum
1160 1499 1311 1536 gerere,
1331 1493 1370 1524 et
1389 1499 1457 1524 eos
1477 1485 1608 1525 odisse

131 1560 153 1585 a
172 1547 311 1597 quibus
327 1547 462 1586 offensi
482 1561 560 1586 non
582 1555 683 1594 sunt,
702 1555 743 1586 et
763 1549 893 1587 amicis
916 1548 1113 1599 sociisque
1134 1548 1213 1586 suis
1233 1547 1423 1592 diffidere,
1441 1560 1487 1585 ac
1508 1547 1611 1586 salu-

132 1616 210 1648 tem
230 1623 336 1649 suam
354 1610 675 1649 mercenariorum
697 1610 859 1648 militum
881 1610 971 1648 fidei
992 1609 1152 1648 credere
1169 1621 1267 1659 quos
1284 1621 1486 1660 nunquam
1506 1608 1610 1647 vide-

132 1679 234 1718 runt,
255 1679 294 1710 et
312 1672 496 1710 custodes
515 1685 590 1709 non
610 1671 736 1709 minus
756 1671 961 1709 formidare
979 1683 1092 1722 quam
1114 1670 1376 1716 insidiatores,
1396 1677 1436 1707 et
1455 1670 1510 1708 ita
1529 1682 1611 1708 sus-

132 1738 263 1781 pectos
284 1732 428 1771 habere
456 1745 589 1770 omnes
619 1740 660 1770 ut
690 1731 1090 1780 conjunctissimorum
1118 1731 1233 1769 etiam
1259 1743 1492 1782 congressus
1519 1731 1609 1769 hor-

132 1792 264 1831 reant?
320 1794 403 1831 Nec
423 1793 462 1831 id
484 1806 574 1831 sane
598 1794 763 1844 injuria:
795 1806 914 1844 quum
936 1805 1013 1830 non
1041 1793 1221 1844 ignorent
1249 1792 1458 1843 superioris
1483 1793 1610 1830 aetatis

133 1861 318 1905 tyrannos
347 1854 448 1892 male
475 1855 648 1906 periisse,
678 1855 774 1893 alios
803 1868 825 1892 a
849 1855 1089 1906 parentibus,
1116 1854 1214 1892 alios
1240 1866 1260 1891 a
1290 1853 1431 1901 liberis,
1462 1853 1558 1892 alios
1589 1867 1611 1892 a

129 1915 324 1961 fratribus,
352 1916 448 1954 alios
488 1917 537 1954 ab
578 1917 758 1954 uxoribus
793 1916 1029 1961 interfectos,
1058 1921 1098 1952 et
1135 1928 1258 1965 genus
1296 1914 1411 1952 etiam
1438 1915 1609 1966 ipsorum

129 1976 304 2014 funditus
328 1990 417 2014 esse
439 1978 724 2028 exstirpatum3
756 1983 886 2014 tamen
915 1976 1085 2014 infinitas
1114 1975 1214 2014 ultro
1243 1975 1484 2014 calamitates
1517 1977 1607 2014 sub·

132 2044 239 2075 eunt.
298 2037 413 2081 Quod
446 2037 477 2075 si
503 2037 571 2075 viri
599 2037 792 2089 principes
817 2044 856 2075 et
878 2037 1044 2074 maxima
1070 2036 1220 2086 praediti
1246 2037 1477 2074 auctoritate
1501 2044 1609 2075 tanta

134 2099 235 2136 mala
258 2099 314 2136 sic
337 2099 581 2144 adamarunt,
603 2106 765 2136 caeteros
788 2098 885 2136 tales
905 2111 967 2136 res
986 2097 1206 2136 desiderare
1227 2097 1313 2148 quis
1334 2096 1522 2136 miretur?

188 2163 252 2198 37.
284 2161 422 2211 Neque
443 2173 534 2199 vero
554 2161 693 2211 ignoro
712 2173 797 2207 vos,
818 2173 938 2211 quum
958 2159 1170 2198 orationem
1197 2159 1245 2197 de
1269 2159 1444 2210 tyrannis
1471 2171 1608 2210 appro-

133 2221 244 2266 betis,
261 2222 406 2273 imperii
419 2222 705 2260 dissuasionem
719 2221 860 2273 iniquis
876 2221 1011 2259 animis
1029 2222 1218 2272 accipere.
1278 2221 1361 2258 Usu
1382 2221 1484 2258 enim
1500 2221 1609 2259 vobis

133 2284 260 2322 evenit
274 2284 443 2321 omnium
462 2283 726 2335 turpissimum
742 2290 780 2321 et
794 2283 1064 2335 pigerrimum:
1091 2295 1194 2328 nam,
1207 2295 1294 2333 quae
1308 2282 1347 2320 in
1361 2281 1444 2320 aliis
1460 2283 1608 2333 perspi-

133 2345 231 2391 citis,
252 2358 298 2383 ea
324 2345 362 2382 in
388 2345 497 2383 vobis
524 2344 616 2396 ipsis
645 2344 845 2395 ignoratis.
904 2344 1021 2395 Atqui
1052 2343 1270 2394 prudentiae
1299 2356 1376 2382 non
1407 2343 1608 2380 minimum

132 2405 226 2444 illud
254 2406 406 2457 signum
435 2412 508 2452 est,
530 2406 577 2443 de
610 2406 742 2444 iisdem
770 2407 886 2444 rebus
916 2406 965 2443 ad
992 2405 1159 2443 eundem
1183 2404 1343 2443 modum
1369 2405 1406 2441 in
1429 2404 1609 2442 omnibus

126 2467 314 2517 judicare.
371 2468 546 2511 Quorum
568 2467 676 2506 vobis
697 2468 790 2506 nihil
810 2480 980 2518 unquam
997 2479 1101 2504 curae
1122 2466 1218 2504 fuit:
1249 2479 1338 2504 nam
1354 2465 1512 2516 imperia
1526 2465 1608 2516 qui-

133 2529 219 2567 dem
251 2530 450 2580 tyrannica
478 2537 516 2567 et
544 2529 706 2567 molesta
735 2537 771 2567 et
798 2529 1013 2580 perniciosa
1040 2540 1118 2566 non
1146 2528 1229 2566 aliis
1255 2533 1407 2565 tantum
1427 2526 1496 2564 sed
1516 2526 1608 2577 ipsis

134 2591 246 2629 etiam
271 2592 445 2642 tyrannis
472 2591 632 2642 putatis,
652 2591 853 2642 imperium
875 2603 963 2628 vero
984 2590 1101 2627 maris
1122 2595 1165 2626 ut
1185 2588 1393 2625 maximum
1415 2586 1606 2625 bonorum

135 2652 386 2698 admiramini,
416 2665 535 2703 quum
564 2665 697 2690 revera
725 2651 821 2690 nihil
848 2663 868 2689 a
897 2649 1132 2689 monarchiis
1164 2647 1317 2686 differat
1349 2648 1418 2687 sed
1446 2646 1606 2686 easdem

136 2725 290 2762 prorsus
312 2721 350 2751 et
370 2713 540 2751 actiones
560 2720 598 2751 et
617 2713 857 2751 calamitates
879 2724 1011 2750 secum
1031 2710 1172 2748 trahat.
1229 2708 1503 2747 Thebanorum
1523 2709 1608 2759 qui-

139 2773 226 2810 dem
243 2786 304 2810 res
320 2774 418 2812 male
432 2787 472 2812 se
489 2774 630 2812 habere
645 2774 802 2825 putatis,
816 2773 919 2825 quod
937 2771 1107 2811 finitimis
1121 2770 1271 2809 molesti
1283 2770 1449 2816 sint,vos
1466 2776 1608 2815 autem,

138 2846 256 2883 quum
283 2834 399 2872 nihilo
428 2835 506 2872 sitis
534 2835 569 2872 in
599 2835 724 2874 socios
752 2834 937 2886 aequiores
969 2845 1086 2884 quam
1107 2832 1159 2870 illi
1187 2831 1225 2870 in
1249 2832 1420 2878 Boeotos,
1441 2830 1549 2869 nulla
1569 2831 1606 2868 in

140 2908 178 2932 re
199 2895 246 2933 ab
267 2894 391 2933 officio
411 2897 585 2935 aberrare
606 2909 834 2948 persuasum
854 2896 1015 2934 habetis.

864 2971 887 2997 Q
