1870 3277
530 193 750 231 CONTRA
782 189 1217 229 DEMOSTHENEM.
1515 187 1591 224 439

157 296 326 347 proditor
346 302 383 333 et
403 303 615 345 corruptus,
635 295 741 345 quasi
760 294 819 331 isti
837 294 1019 331 rationem
1038 292 1199 329 habituri
1219 291 1295 328 sint
1311 297 1388 328 tuae
1415 289 1594 340 improbi-

159 352 262 402 tatis,
283 364 401 406 tuque
421 369 552 407 poenas
572 369 649 393 non
681 355 837 392 daturus
865 354 915 390 sis
937 365 1069 390 eorum
1097 351 1307 389 facinorum
1333 350 1371 387 in
1391 350 1527 400 quibus
1554 362 1594 387 es

158 417 431 467 deprehensus,
453 425 557 455 tanto
572 417 742 454 Demade
762 414 953 457 audacior,
974 412 1078 463 quod
1093 412 1154 449 ille
1171 424 1258 449 cum
1272 412 1350 462 jam
1368 411 1597 462 explicasset

158 491 227 528 pro
247 479 432 516 concione
451 491 574 515 mores
595 490 683 515 suos
703 483 818 526 atque
838 474 1156 524 desperationem,
1177 485 1221 510 ac
1241 472 1478 522 profiteretur
1497 485 1538 509 se
1558 479 1598 510 et

160 540 330 589 accipere
349 547 388 576 et
407 545 650 588 accepturum
671 550 770 580 esse,
790 542 917 572 tamen
934 534 1067 571 faciem
1088 534 1141 571 eis
1163 545 1270 571 suam
1291 532 1490 570 ostendere
1519 545 1596 570 non

161 613 276 638 ausus
294 601 376 645 fuit,
395 613 518 649 neque
535 605 690 636 senatus
706 596 885 634 delationi
901 595 1236 633 contradicendum
1249 594 1418 645 putavit:
1447 594 1600 632 tametsi

161 661 224 699 ille
244 675 284 699 se
305 661 521 699 auctoritati
540 666 696 696 senatus
709 671 776 707 per
793 657 987 695 decretum
1003 669 1079 693 non
1095 656 1294 702 commisit,
1309 668 1434 707 neque
1446 668 1598 706 poenam

162 722 295 772 capitis
316 723 353 759 in
381 734 422 758 se
448 720 593 765 statuit,
612 720 643 757 si
668 726 712 756 ut
736 719 801 768 qui
820 719 1021 768 pecuniam
1043 717 1257 767 accepisset
1277 730 1300 753 a
1317 724 1454 754 senatu
1474 715 1599 753 defer-

163 790 277 820 retur.
335 781 395 818 Tu
414 793 502 818 vero
531 793 651 829 usque
677 778 772 816 adeo
792 778 908 816 fretus
939 777 1041 815 fuisti
1068 777 1287 827 eloquentia
1313 784 1377 814 tua
1403 784 1440 814 et
1465 776 1598 814 horum

161 844 370 882 bonitatem
390 841 667 892 contempsisti,
690 847 733 877 ut
751 846 788 877 te
809 851 1076 890 persuasurum
1097 845 1250 888 putares
1275 837 1485 888 judicibus,
1507 850 1599 875 con-

161 905 288 942 cilium
308 911 439 941 contra
464 910 503 941 te
534 902 656 940 solum
682 901 827 939 dixisse
852 900 989 938 falsum
1019 912 1064 937 ac
1089 908 1128 937 te
1157 899 1279 937 solum
1304 898 1486 936 detulisse
1512 911 1600 936 cum

163 977 296 1002 aurum
315 977 389 1001 non
412 964 619 1013 acceperis.
677 961 724 999 Et
742 961 823 1012 quis
843 961 915 999 ista
933 960 1091 998 credat?

221 1026 280 1063 19.
311 1025 464 1070 Videte,
485 1023 757 1068 Athenienses,
771 1022 863 1072 quid
879 1021 1016 1059 facturi
1037 1021 1129 1059 sitis.
1185 1020 1399 1071 Accepistis
1420 1033 1442 1058 a
1458 1020 1601 1071 populo

163 1099 242 1123 rem
255 1089 334 1134 jam
356 1085 569 1123 confectam
587 1098 596 1127 3
629 1083 907 1121 Demosthenes
937 1082 1114 1133 supplicii
1132 1095 1251 1120 causa
1269 1082 1307 1119 in
1328 1094 1393 1119 eos
1411 1082 1474 1131 qui
1494 1081 1601 1119 dela-

164 1148 266 1185 tione
286 1153 464 1184 tenentur
483 1145 680 1183 constituti
700 1145 841 1195 primus
861 1144 898 1181 in
912 1143 1097 1194 judicium
1120 1142 1331 1180 adducitur.
1388 1143 1470 1180 Nos
1490 1155 1603 1180 accu-

165 1209 344 1253 savimus,
359 1208 444 1259 jure
463 1207 616 1258 publico
635 1207 775 1244 nemini
794 1206 1026 1243 condonato.
1085 1206 1220 1243 Utrum
1247 1205 1433 1256 neglectis
1452 1205 1497 1242 iis
1516 1218 1603 1255 quae

166 1270 253 1307 acta
271 1276 358 1308 sunt
380 1269 554 1306 omnibus
575 1267 771 1305 dimittetis
790 1280 876 1305 eum
903 1267 967 1317 qui
991 1267 1134 1317 primus
1154 1266 1203 1304 ad
1221 1279 1290 1303 vos
1309 1266 1504 1316 ingressus
1533 1272 1606 1312 est,

166 1338 202 1369 et
221 1344 306 1381 quae
321 1338 400 1368 tum
420 1329 562 1380 populo
581 1337 660 1366 tum
677 1328 944 1380 Areopagitico
974 1328 1119 1365 senatui
1139 1334 1219 1365 tum
1248 1327 1424 1364 omnibus
1443 1326 1605 1364 homini-

168 1394 238 1428 bus
257 1404 369 1441 aequa
387 1392 467 1428 visa
483 1397 583 1434 sunt,
603 1403 648 1427 ea
663 1402 730 1427 vos
751 1401 911 1439 quorum
930 1388 1052 1426 omnis
1067 1395 1128 1426 est
1147 1388 1354 1425 auctoritas
1373 1387 1531 1434 tolletis,
1549 1393 1606 1425 at-

168 1467 242 1504 que
260 1454 331 1504 ipsi
349 1453 625 1503 improbitatem
648 1451 803 1488 istorum
822 1452 859 1488 in
880 1463 948 1487 vos
967 1448 1186 1499 recipietis?
1215 1462 1262 1486 an
1283 1461 1370 1485 vero
1385 1448 1606 1486 mortalibus

169 1516 343 1554 omnibus
370 1527 571 1552 commune
599 1513 812 1563 exemplum
840 1512 1058 1564 proponetis
1085 1510 1197 1549 vestri
1223 1510 1259 1547 in
1293 1510 1505 1560 proditores
1533 1510 1610 1547 odii

171 1582 285 1627 atque
306 1577 343 1613 in
363 1589 429 1613 eos
441 1576 506 1625 qui
519 1576 690 1626 pecuniae
702 1586 828 1611 causa
839 1573 1040 1611 utilitatem
1052 1571 1183 1623 populi
1198 1570 1481 1621 neglexerunt?
1511 1571 1608 1609 Haec

171 1638 272 1675 enim
292 1637 420 1675 omnia
437 1650 540 1675 nunc
559 1649 676 1687 penes
694 1648 761 1673 vos
782 1642 884 1680 sunt,
903 1647 970 1672 vos
986 1634 1090 1671 mille
1110 1633 1306 1684 quingenti
1325 1645 1480 1670 numero
1492 1632 1608 1670 totius

171 1699 332 1737 civitatis
360 1699 520 1736 salutem
540 1698 578 1734 in
605 1697 780 1734 manibus
809 1695 972 1741 habetis,
997 1695 1082 1733 haec
1109 1695 1189 1732 dies
1209 1701 1451 1744 vestrumque
1475 1693 1607 1731 suffra-

173 1760 277 1810 gium
304 1767 370 1798 aut
396 1760 433 1797 in
465 1772 604 1809 magna
634 1758 836 1796 securitate
868 1756 1140 1807 rempublicam
1173 1754 1391 1799 collocabit,
1425 1754 1455 1792 si
1487 1755 1540 1792 ita
1567 1762 1612 1792 ut

172 1833 325 1871 aequum
345 1827 404 1858 est
422 1819 672 1870 pronunciare
692 1817 839 1862 voletis,
859 1825 924 1854 aut
943 1817 1112 1855 efficietis
1132 1823 1174 1853 ut
1193 1828 1300 1866 spem
1320 1827 1453 1853 omnes
1473 1815 1610 1852 malam

171 1882 402 1932 concipiant,
420 1881 450 1918 si
469 1880 564 1918 tales
579 1893 704 1918 mores
722 1878 1019 1917 introduxeritis.

227 1944 291 1980 20.
322 1942 408 1979 Non
428 1940 582 1992 percelli
595 1941 756 1983 debetis,
773 1939 1042 1984 Athenienses,
1057 1951 1178 1989 neque
1193 1936 1521 1976 commiseratione
1538 1937 1615 1974 De-

176 2003 399 2048 mosthenis,
422 2003 452 2040 si
471 2002 616 2053 sapitis,
641 2001 852 2039 communis
872 2008 911 2038 et
928 2012 1040 2050 aequa
1063 1999 1167 2037 urbis
1194 2006 1336 2037 nostrae
1357 1998 1528 2036 defensio
1556 2006 1616 2036 est

177 2064 399 2102 amittenda.
456 2064 580 2101 Nemo
600 2063 699 2100 enim
719 2070 885 2100 vestrum
905 2061 1032 2110 coegit
1046 2061 1158 2098 istum
1179 2059 1379 2111 pecuniam
1397 2059 1560 2097 alienam
1575 2060 1615 2096 in

177 2133 341 2164 vestram
359 2125 531 2163 fraudem
553 2124 742 2175 accipere,
761 2123 824 2174 qui
844 2136 911 2173 per
928 2135 994 2159 vos
1011 2121 1183 2172 pecuniae
1201 2121 1289 2172 plus
1315 2121 1405 2158 satis
1431 2119 1618 2171 possidet,

179 2201 305 2238 neque
329 2200 485 2225 causam
505 2186 633 2224 dicere
652 2185 699 2223 de
721 2184 908 2223 confessis
936 2183 1169 2228 criminibus,
1190 2195 1275 2220 cum
1306 2194 1377 2219 suo
1404 2181 1558 2219 decreto
1578 2194 1619 2219 se

179 2249 315 2300 capitis
335 2248 620 2287 condemnarit:
651 2247 718 2284 sed
740 2245 943 2297 superioris
975 2245 1055 2295 ejus
1074 2245 1161 2282 vitae
1187 2243 1309 2281 insitae
1329 2242 1460 2281 sordes
1486 2249 1526 2280 et
1548 2242 1619 2279 im-

179 2310 347 2360 probitas
367 2309 451 2347 haec
469 2311 504 2347 in
524 2316 638 2359 caput
657 2309 740 2358 ejus
761 2313 1042 2345 converterunt.
1100 2305 1228 2343 Nolite
1248 2304 1360 2355 igitur
1379 2303 1519 2341 moveri
1540 2302 1621 2353 plo-

180 2379 264 2409 ratu
284 2372 364 2422 ejus
384 2380 422 2409 et
441 2369 799 2409 lamentationibus:
829 2368 949 2405 multo
969 2368 1068 2405 enim
1088 2366 1235 2417 aequius
1249 2365 1362 2404 fuerit
1376 2364 1542 2402 misereri
1564 2377 1620 2402 re-

182 2432 305 2483 gionis
324 2439 479 2477 nostrae,
502 2445 617 2482 quam
634 2432 705 2468 iste
725 2431 785 2468 his
811 2429 922 2467 factis
943 2429 979 2466 in
1006 2428 1176 2478 pericula
1194 2426 1358 2477 conjicit,
1380 2438 1464 2475 quae
1487 2437 1554 2461 vos
1575 2437 1621 2461 ex

183 2506 222 2531 se
243 2500 353 2531 natos
381 2495 571 2539 obsecrat,
604 2492 731 2529 liberis
766 2498 880 2542 atque
906 2490 1087 2527 uxoribus
1112 2487 1247 2526 vestris
1273 2486 1484 2537 productis,
1518 2493 1558 2522 ut
1585 2492 1624 2523 et

181 2555 411 2606 proditorem
426 2554 663 2593 ulciscamini
680 2560 718 2591 et
729 2566 768 2591 se
788 2551 983 2595 tueamini,
998 2563 1066 2601 pro
1086 2563 1162 2600 qua
1175 2548 1337 2599 majores
1356 2547 1473 2584 nostri
1494 2546 1623 2584 multis

183 2616 346 2666 egregiis
372 2616 508 2666 praeliis
534 2614 744 2653 commissis
772 2627 854 2653 eam
882 2613 987 2650 vobis
1015 2611 1170 2648 liberam
1201 2608 1453 2653 tradiderunt,
1479 2608 1517 2644 in
1548 2620 1625 2657 qua

185 2677 307 2714 multa
335 2677 497 2715 illustria
522 2676 699 2727 exempla
727 2675 859 2713 relicta
884 2680 974 2711 sunt
998 2671 1145 2709 virtutis
1177 2670 1456 2708 defunctorum.
1514 2668 1625 2707 Hanc

186 2738 386 2782 intuentes,
406 2738 673 2783 Athenienses,
693 2745 730 2774 et
749 2736 868 2787 patria
884 2747 970 2784 quae
986 2734 1021 2770 in
1037 2733 1109 2770 hac
1130 2732 1226 2769 fiunt
1240 2731 1422 2769 sacrificia
1441 2736 1479 2767 et
1498 2743 1629 2768 monu-

188 2806 317 2835 menta
335 2798 514 2848 majorum
536 2799 715 2837 cordatos
730 2797 880 2848 judices
895 2794 1073 2845 suffragia
1085 2794 1180 2831 ferre
1200 2793 1322 2830 decet.
1380 2791 1431 2829 Et
1449 2804 1533 2829 cum
1550 2791 1628 2828 De-

189 2859 408 2897 mosthenes
433 2872 500 2897 vos
521 2860 748 2910 decepturus
770 2867 807 2896 et
827 2856 1053 2894 seducturus
1080 2853 1446 2892 commiserationem
1467 2852 1632 2890 movebit

188 2927 229 2958 et
244 2920 477 2970 lacrymabit,
499 2932 565 2958 vos
586 2920 687 2958 urbis
707 2931 844 2969 corpus
868 2917 1059 2954 intuentes
1079 2922 1118 2952 et
1138 2922 1282 2965 partam
1303 2915 1336 2952 ei
1365 2913 1453 2951 olim
1473 2912 1628 2962 gloriam
