1870 3277
595 184 826 222 HELENA-3
856 183 1151 220 LAUDATIO.
1530 183 1602 219 135

136 292 236 331 runt,
252 286 320 322 sed
336 285 382 323 de
401 287 546 336 optimo
562 287 693 337 judice
710 284 916 335 deligendo
939 297 1014 321 non
1033 295 1097 321 eas
1119 285 1244 320 minus
1266 284 1380 321 fuisse
1403 283 1601 328 sollicitas,

134 359 247 396 quam
280 347 328 384 de
358 359 399 384 re
434 347 517 396 ipsa
551 347 763 390 laborasse,
796 346 907 384 facile
942 353 1114 396 apparet.
1173 343 1511 382 Considerandum
1543 352 1604 381 est

134 413 262 445 autem
291 408 415 458 qualis
444 407 558 445 fuerit
587 414 626 445 et
653 406 843 457 judicium
877 407 924 444 de
956 420 1001 443 eo
1028 404 1250 443 faciendum
1278 417 1354 441 non
1376 418 1396 441 e
1417 406 1603 442 victarum

134 469 346 513 iracundia,
376 468 443 506 sed
474 482 523 506 ex
555 468 702 505 illarum
733 469 902 504 omnium
933 466 1138 511 sententia,
1171 478 1288 516 quum
1324 468 1404 513 ejus
1438 474 1604 503 mentem

135 542 215 579 prae
236 530 384 567 caeteris
406 529 647 579 delegerunt.
707 528 811 564 Nihil
835 528 933 565 enim
958 527 1135 578 prohibet
1155 540 1176 564 a
1197 527 1479 577 potentioribus
1506 526 1604 564 male

134 589 255 640 accipi
275 590 389 627 etiam
410 590 656 632 innocentes;
687 602 772 625 eum
798 595 925 624 autem
950 588 1135 625 honorem
1164 586 1340 637 adipisci,
1360 594 1402 623 ut
1422 586 1486 636 qui
1506 599 1606 624 mor-

136 650 224 688 talis
253 657 311 688 est
338 651 495 687 dearum
521 649 642 700 judex
670 650 749 694 fiat,
769 648 807 686 id
831 661 920 685 vero
947 649 1169 699 contingere
1192 661 1267 685 non
1289 654 1416 697 potest
1436 647 1508 685 nisi
1528 647 1606 685 viro

135 711 249 748 laude
268 711 469 761 sapientiae
490 710 824 761 praestantissimo.

189 774 253 809 22.
285 773 405 809 Miror
424 778 552 809 autem
573 785 658 809 esse
681 783 902 822 quenquam
924 771 989 820 qui
1014 771 1110 807 male
1132 770 1204 807 sibi
1229 770 1472 808 consuluisse
1497 769 1607 807 illum

135 840 258 885 putet,
275 833 338 883 qui
361 847 450 871 cum
469 847 516 870 ea
536 834 660 871 vivere
683 832 896 870 decreverit
916 839 1070 882 propter
1090 845 1206 882 quarn
1229 831 1337 868 multi
1360 845 1406 868 ex
1429 831 1610 868 semideis

135 895 253 932 emori
273 895 488 932 voluerunt.
546 895 606 931 An
628 907 715 932 vero
737 907 813 931 non
837 893 1082 944 desipuisset,
1105 893 1171 943 qui
1193 893 1287 930 deas
1308 892 1354 929 de
1376 893 1498 930 forma
1519 905 1610 929 con-

137 955 296 993 tendere
318 956 448 1002 sciret,
470 955 501 992 si
526 956 685 992 formam
715 956 797 1005 ipse
826 954 1034 1004 sprevisset
1061 967 1132 992 nec
1160 954 1198 990 id
1227 953 1436 991 maximum
1467 953 1610 991 donum

137 1017 405 1062 existimasset,
428 1016 532 1067 quod
553 1017 599 1054 ab
620 1016 694 1053 illis
716 1029 871 1066 quoque
893 1014 1047 1052 maximi
1066 1015 1145 1052 fieri
1167 1015 1351 1052 vidisset?

191 1080 255 1115 23.
287 1078 383 1120 Quis
411 1091 502 1115 vero
536 1077 759 1128 conjugium
792 1077 953 1114 Helenae
985 1084 1210 1127 aspernatus
1242 1084 1358 1121 esset,
1393 1090 1469 1127 qua
1502 1083 1612 1128 rapta

140 1138 267 1177 Graeci
288 1153 362 1176 non
382 1152 495 1177 secus
517 1152 560 1176 ac
589 1139 619 1176 si
646 1146 728 1176 tota
750 1138 905 1176 Graecia
934 1146 1088 1175 vastata
1116 1138 1250 1175 fuisset
1283 1137 1471 1188 indignati
1503 1145 1609 1183 sunt,

139 1207 178 1238 et
199 1201 350 1238 barbari
370 1201 422 1238 ita
443 1200 716 1251 superbierunt
736 1200 846 1249 quasi
873 1213 943 1237 nos
973 1212 1106 1237 ornnes
1136 1199 1413 1249 superassent?
1471 1199 1610 1250 Neque

138 1274 229 1299 vero
250 1263 456 1299 obscurum
479 1268 538 1298 est
558 1262 697 1311 quibus
719 1261 854 1298 animis
877 1262 1029 1310 utrique
1054 1260 1219 1297 fuerint:
1251 1273 1354 1305 nam,
1374 1273 1493 1310 quum
1520 1268 1611 1298 ante

140 1322 247 1360 alteri
272 1323 402 1360 alteris
428 1323 549 1360 multa
572 1321 728 1359 crimina
757 1321 992 1365 intulissent,
1016 1328 1168 1372 propter
1188 1321 1264 1358 alia
1284 1321 1377 1357 nihil
1399 1328 1612 1367 moverunt,

139 1384 187 1421 ob
208 1383 306 1421 hanc
327 1391 455 1422 autem
477 1390 625 1421 tantum
646 1382 792 1420 bellum
815 1382 1072 1427 concitarunt,
1093 1395 1169 1419 non
1192 1382 1316 1420 solum
1338 1382 1403 1418 irae
1425 1382 1616 1432 magnitu-

141 1443 244 1490 dine,
265 1444 334 1482 sed
353 1451 392 1482 et
412 1444 655 1495 longitudine
676 1444 856 1495 temporis
877 1451 915 1481 et
935 1451 1189 1495 apparatuum
1211 1444 1344 1495 copiis,
1358 1451 1546 1495 quantum
1565 1444 1615 1482 ad

141 1518 227 1542 eum
258 1506 360 1544 diem
390 1506 537 1543 nullum
568 1507 693 1543 fuerat
726 1519 910 1556 unquam.
971 1506 1054 1543 Etsi
1085 1513 1213 1544 autem
1245 1513 1420 1557 potestas
1451 1506 1616 1543 dabatur

143 1566 271 1605 alteris
301 1568 453 1605 Helena
482 1567 630 1605 reddita
650 1568 878 1618 urgentibus
899 1567 1007 1605 malis
1029 1567 1194 1613 liberari,
1216 1567 1346 1605 alteris
1368 1580 1414 1605 ea
1433 1566 1616 1617 neglecta

143 1641 256 1666 omne
289 1629 471 1680 deinceps
504 1635 656 1680 tempus
685 1629 810 1666 aetatis
841 1628 944 1665 domi
974 1642 1105 1666 secure
1133 1628 1300 1680 degere:
1331 1628 1456 1666 neutri
1484 1635 1615 1666 tamen

144 1689 228 1728 haec
241 1691 467 1729 voluerunt:
497 1691 567 1729 sed
582 1690 635 1728 illi
655 1698 693 1728 et
707 1691 822 1727 urbes
837 1689 1013 1727 exscindi
1029 1698 1066 1727 et
1080 1703 1193 1741 agros
1210 1690 1351 1728 vastari
1367 1691 1551 1735 siverunt,
1568 1703 1616 1728 ne

146 1751 295 1789 Graecis
326 1765 409 1789 eam
442 1752 662 1797 redderent,
686 1751 724 1788 hi
754 1764 910 1801 peregre
941 1764 1222 1789 consenescere
1244 1758 1283 1789 et
1303 1765 1394 1789 suos
1416 1763 1616 1802 nunquam

144 1813 280 1851 intueri
301 1827 416 1864 quarn
432 1812 506 1850 hac
526 1812 660 1850 relicta
677 1813 831 1849 domum
851 1813 986 1849 reverti
1004 1811 1233 1849 maluerunt.
1294 1811 1343 1849 Et
1358 1811 1441 1849 haec
1454 1818 1619 1862 egerunt

145 1887 221 1912 non
241 1874 344 1924 quod
365 1874 425 1911 vel
448 1873 714 1911 Alexandrum
735 1872 792 1910 vel
821 1872 1044 1909 Menelaum
1076 1872 1172 1909 tanti
1201 1872 1387 1917 facerent,
1410 1872 1480 1910 sed
1510 1872 1618 1910 alteri

144 1948 213 1987 pro
233 1935 340 1981 Asia,
361 1935 466 1973 alteri
487 1948 557 1985 pro
582 1935 739 1984 Europa
757 1933 1007 1978 dimicabant,
1029 1932 1293 1970 existimantes
1311 1933 1349 1970 in
1373 1940 1457 1971 utra
1476 1947 1617 1985 corpus

145 1996 227 2047 ejus
247 1997 446 2042 incoleret,
467 2009 551 2033 eam
574 1995 766 2046 regionem
791 1995 999 2032 feliciorem
1020 1994 1114 2032 fore.

202 2059 266 2095 24.
297 2058 427 2095 Tanta
454 2064 555 2095 certe
582 2056 773 2107 cupiditas
800 2055 957 2093 incessit
986 2055 1162 2093 laborum
1183 2061 1221 2093 et
1241 2055 1494 2106 expeditionis
1515 2055 1619 2094 illius

147 2132 225 2157 non
247 2119 394 2157 Graecis
423 2125 572 2157 tantum
598 2125 635 2155 et
660 2118 831 2164 barbaris
860 2117 928 2154 sed
959 2116 1032 2154 diis
1061 2116 1189 2162 etiam,
1212 2124 1254 2154 ut.
1280 2129 1327 2154 ne
1348 2117 1445 2155 filios
1465 2117 1620 2168 quidem

145 2193 236 2219 suos
266 2193 289 2218 a
316 2180 475 2231 Trojani
502 2179 593 2217 belli
620 2178 906 2217 discriminibus
938 2178 1077 2215 abesse
1105 2177 1278 2221 vellent3
1310 2191 1415 2222 nam,
1444 2178 1620 2228 quamvis

147 2241 389 2293 praevidisset
403 2240 557 2292 Jupiter
577 2240 698 2278 fatum
721 2239 972 2290 Sarpedonis,
988 2240 1137 2276 Aurora
1158 2239 1397 2283 Memnonis,
1412 2239 1621 2289 Neptunus

150 2303 291 2354 Cygni,
321 2303 454 2341 Thetis
483 2303 659 2346 Achillis,
691 2309 820 2340 tamen
851 2314 917 2339 eos
947 2300 1136 2339 cohortati
1168 2300 1318 2338 caeteris
1349 2300 1622 2351 adjunxerunt,

148 2364 412 2402 existimantes
441 2363 644 2415 gloriosius
671 2363 725 2401 eis
753 2364 834 2400 fore
862 2363 893 2400 si
918 2362 965 2400 de
987 2362 1065 2399 filia
1083 2361 1193 2399 Jovis
1216 2362 1443 2399 dimicantes
1464 2374 1622 2399 occum-

149 2426 284 2464 berent
310 2438 427 2476 quam
454 2425 484 2462 si
512 2424 768 2475 periculorum
792 2423 943 2461 illorum
965 2431 1141 2474 expertes
1163 2423 1266 2460 domi
1288 2430 1624 2460 consenescerent.

152 2486 248 2530 Quis
269 2499 360 2524 vero
379 2486 536 2524 miretur
559 2498 626 2523 eos
648 2486 697 2524 de
719 2486 797 2523 suis
819 2485 904 2522 filiis
929 2483 983 2521 ita
1008 2483 1221 2521 statuisse?
1251 2496 1370 2534 quum
1399 2483 1470 2533 ipsi
1496 2483 1547 2520 dii
1577 2496 1624 2521 eo

151 2548 254 2586 bello
267 2548 388 2585 multo
401 2547 526 2585 acrius
539 2554 579 2585 et
591 2547 855 2585 vehementius
873 2544 1037 2596 praeliati
1051 2544 1128 2581 sint
1143 2557 1257 2594 quam
1271 2551 1405 2581 contra
1422 2543 1623 2593 gigantes:

154 2622 242 2647 nam
263 2609 348 2647 illos
369 2609 526 2660 quidem
548 2609 763 2660 conjunctis
784 2608 927 2647 viribus
949 2606 1237 2659 propulsarunt,
1259 2613 1413 2656 propter
1431 2606 1533 2644 hane
1552 2605 1625 2657 ipsi

154 2670 251 2708 inter
269 2683 354 2709 sese
376 2671 617 2708 dimicarunt.

210 2735 273 2770 25.
306 2733 429 2771 Recte
450 2739 579 2771 autem
598 2739 636 2771 et
654 2731 707 2768 illi
729 2731 784 2769 sic
806 2735 1026 2774 senserunt,
1047 2736 1085 2766 et
1103 2728 1187 2765 haec
1213 2727 1304 2764 mihi
1328 2727 1629 2778 grandiloquen-

157 2794 211 2831 tia
229 2806 414 2832 concessa
431 2800 514 2832 est:
547 2806 634 2832 nam
656 2792 794 2844 insigni
817 2790 1075 2843 pulcritudine
1096 2789 1257 2840 praedita
1280 2789 1363 2835 fuit,
1384 2802 1463 2839 qua
1487 2790 1524 2826 in
1547 2796 1630 2827 tota

158 2867 284 2892 rerum
324 2861 462 2892 natura
499 2855 592 2892 nihil
624 2862 684 2892 est
715 2853 918 2905 augustius
955 2851 1047 2890 nihil
1086 2850 1290 2901 pretiosius
1325 2850 1415 2888 nihil
1449 2851 1628 2889 divinius.

161 2915 283 2966 Cujus
304 2914 400 2965 vires
419 2915 512 2954 hinc
532 2916 646 2955 facile
668 2916 959 2966 intelliguntur:
991 2926 1120 2951 eorum
1149 2913 1249 2952 enirn
1275 2926 1364 2964 quae
1392 2914 1450 2952 vel
1480 2914 1629 2952 fortitu-
