1870 3277
703 178 775 215 DE
805 177 969 215 PACE.
1495 177 1565 214 101

103 277 265 316 Rhodiis
291 284 330 316 et
355 277 564 328 Byzantiis,
587 279 655 317 sed
676 291 764 317 cum
795 278 981 317 universis
1009 278 1244 324 hominibus,
1266 286 1305 317 et
1328 279 1569 330 pactionibus

107 339 287 378 utendum
309 353 383 377 non
406 339 464 377 his
486 353 581 391 quas
601 353 703 377 nunc
723 339 879 389 quidam
907 340 1157 391 scripserunt,
1179 340 1248 378 sed
1269 340 1341 377 illis
1362 354 1450 390 quae
1478 354 1566 378 cum

104 415 192 452 rege
213 401 415 439 Persarum
437 408 475 439 et
492 402 794 439 Lacedaemoniis
815 402 1131 447 intercesserunt,
1146 416 1233 452 quae
1249 403 1389 453 jubent
1405 403 1566 440 Graecos

103 476 187 501 esse
212 463 351 501 liberos
373 471 411 501 et
430 463 610 514 praesidia
630 476 676 500 ex
699 463 834 501 alienis
863 464 1021 501 urbibus
1042 464 1181 501 deduci
1209 470 1248 501 et
1277 476 1367 501 suas
1396 464 1568 514 singulos

103 524 278 562 civitates
309 532 453 562 tenere.
513 524 585 561 His
614 524 715 562 enirn
744 538 869 575 neque
884 525 1069 576 justiores
1097 526 1330 576 reperiemus
1352 538 1475 576 neque
1496 526 1566 562 rei-

104 586 268 636 publicae
292 586 476 623 utiliores.

158 648 194 683 7.
226 646 313 684 Scio
343 646 536 696 equidem,
557 646 588 684 si
609 646 672 684 hic
694 646 846 685 dicendi
876 647 990 685 finem
1018 648 1160 693 fecero,
1182 661 1242 686 me
1263 648 1387 685 visum
1409 647 1452 684 iri
1473 660 1566 698 opes

104 714 142 744 et
170 707 396 757 dignitatem
429 707 648 758 reipublicae
678 709 929 753 imminuere;
961 710 1048 760 quis
1075 711 1175 748 enirn
1195 724 1350 760 aequum
1372 723 1456 748 esse
1476 723 1568 748 cen-

105 775 186 805 seat
205 775 247 805 ut
266 769 439 806 Thebani
461 769 646 820 Thespias
667 778 706 807 et
726 770 892 808 Plataeas
913 778 1149 822 caeterasque
1175 773 1286 810 urbes
1307 785 1403 822 quas
1433 779 1569 810 contra

98 829 367 880 jusjurandum
390 838 630 881 occuparunt
650 837 819 877 teneant,
841 845 912 869 nos
932 845 1021 870 vero
1052 833 1158 871 nulla
1185 833 1310 872 coacti
1335 834 1568 871 necessitate

103 890 146 928 iis
168 904 263 941 quas
284 890 473 929 habemus
493 892 706 930 cedamus?
737 893 805 930 sed
825 894 855 931 si
877 894 923 931 ab
945 893 1051 932 initio
1072 895 1118 932 ad
1140 895 1251 932 finem
1270 908 1391 945 usque
1413 908 1473 932 me
1496 895 1571 933 dis-

104 960 293 990 serentem
315 960 459 990 attente
481 953 691 1000 audieritis,
708 968 869 992 summae
891 955 1068 992 amentiae
1090 957 1224 1007 opinor
1242 963 1281 994 et
1301 956 1460 993 insaniae
1481 969 1571 994 con-

104 1012 333 1051 demnabitis
354 1027 420 1052 eos
437 1014 501 1064 qui
521 1014 745 1066 injustitiam
767 1017 958 1054 lucrosam
978 1030 1060 1055 esse
1077 1024 1216 1068 putant
1234 1025 1272 1055 et
1292 1017 1435 1055 alienas
1457 1018 1571 1055 urbes

104 1075 139 1111 vi
160 1082 306 1121 tenent,
327 1089 451 1126 neque
477 1077 728 1114 considerant
755 1085 912 1128 quantae
933 1078 1171 1117 calamitates
1191 1079 1377 1130 consequi
1403 1080 1568 1118 soleant.

107 1136 159 1173 Et
178 1136 261 1174 haec
283 1144 374 1175 sunt
393 1151 480 1188 quae
503 1151 567 1188 per
589 1145 708 1176 totam
731 1139 942 1176 orationem
963 1140 1072 1177 vobis
1095 1140 1302 1178 ostendere
1323 1142 1506 1178 conabor.

160 1200 195 1236 8.
228 1199 397 1238 Primum
428 1206 556 1237 autem
576 1199 625 1237 de
645 1214 740 1251 pace
769 1201 1027 1252 disputemus,
1048 1215 1092 1239 ac
1114 1202 1361 1252 dispiciamus
1382 1202 1567 1252 quidnam

103 1259 197 1296 illud
229 1259 278 1297 sit
305 1260 409 1310 quod
441 1261 478 1297 in
507 1261 715 1311 praesentia
745 1269 986 1312 expetamus.
1046 1263 1134 1305 Quo
1163 1276 1251 1300 vere
1281 1263 1569 1313 prudenterque

103 1321 324 1368 constituto,
344 1322 391 1359 de
421 1322 503 1359 aliis
527 1336 694 1372 quoque,
717 1323 753 1360 in
779 1323 852 1360 hoc
879 1323 1077 1373 negotium
1101 1323 1204 1361 velut
1229 1323 1426 1375 exemplar
1446 1324 1569 1374 quod-

103 1382 193 1420 dam
214 1383 423 1433 intuentes,
444 1384 584 1421 rectius
603 1384 924 1422 consultabimus.

157 1446 193 1482 9.
225 1445 286 1482 An
307 1458 395 1482 vero
423 1458 499 1483 non
527 1447 624 1484 bene
652 1446 713 1496 agi
740 1447 941 1484 nobiscum
973 1452 1202 1493 statuemus,
1224 1445 1251 1485 si
1283 1452 1324 1484 et
1352 1447 1571 1498 respublica

104 1514 233 1545 nostra
253 1507 288 1543 in
310 1514 392 1544 tuto
414 1507 623 1545 collocetur
645 1514 683 1545 et
702 1521 835 1546 eorum
855 1522 942 1558 quae
962 1508 1010 1545 ad
1027 1509 1144 1546 vitam
1165 1508 1382 1559 degendam
1403 1510 1571 1548 attinent

104 1569 222 1619 copiis
256 1582 467 1619 augeamur
498 1576 536 1606 et
564 1569 664 1607 inter
692 1582 762 1607 nos
793 1570 864 1620 ipsi
895 1571 1184 1608 consentiamus
1215 1579 1254 1608 et
1281 1571 1383 1622 apud
1406 1572 1569 1611 Graecos

103 1638 266 1669 caeteros
290 1630 412 1681 gloria
430 1630 664 1668 floreamus?
705 1631 790 1681 Ego
811 1638 912 1669 certe,
929 1630 1085 1681 quidem
1102 1632 1290 1677 existimo,
1309 1632 1340 1669 si
1357 1632 1442 1671 haec
1458 1634 1569 1671 nobis

104 1692 348 1743 contigerint,
364 1693 495 1730 urbem
518 1700 689 1729 nostram
706 1693 785 1729 fore
808 1692 1083 1730 felicissimam.
1143 1694 1193 1730 At
1210 1693 1354 1730 bellum
1377 1694 1436 1731 his
1458 1695 1570 1733 rebus

104 1755 279 1792 omnibus
308 1767 377 1792 nos
408 1754 607 1805 spoliavit:
639 1766 728 1791 nam
751 1761 788 1791 et
809 1767 901 1804 opes
931 1762 1082 1792 nostras
1110 1754 1261 1800 minuit,
1283 1762 1321 1792 et
1341 1755 1376 1792 in
1398 1756 1572 1806 pericula

104 1817 224 1854 multa
243 1830 313 1853 nos
334 1816 517 1867 conjecit,
538 1822 577 1853 et
598 1815 701 1866 apud
724 1815 884 1853 Graecos
903 1816 939 1854 in
961 1817 1089 1854 odium
1112 1817 1288 1861 adduxit,
1308 1819 1486 1855 omnibus
1508 1819 1574 1856 de-

107 1878 222 1928 nique
254 1878 381 1915 modis
410 1876 552 1914 afflixit.
613 1876 653 1914 Si
682 1885 809 1914 autem
841 1891 936 1928 pace
965 1878 1069 1915 sacta
1099 1891 1144 1916 ea
1170 1879 1462 1929 praestiterimus
1483 1893 1571 1930 quae

103 1941 297 1977 communi
328 1938 469 1976 foedere
499 1938 788 1989 praecipiuntur,
808 1946 845 1976 et
867 1940 1064 1989 republica
1085 1946 1214 1977 nostra
1235 1940 1317 1977 sine
1338 1940 1450 1978 ullius
1472 1942 1571 1991 peri-

104 2001 179 2038 culi
211 2009 313 2038 metu
342 2002 525 2045 fruemur,
546 2000 696 2037 liberati
726 2000 838 2037 bellis
866 2009 904 2038 et
930 2002 1070 2052 pugnis
1103 2009 1141 2039 et
1173 2002 1268 2039 inter
1305 2015 1372 2040 nos
1402 2004 1570 2042 excitato

105 2076 209 2101 nunc
237 2063 420 2106 tumultu,
442 2069 480 2098 et
501 2061 624 2099 indies
652 2075 746 2111 opes
774 2070 924 2100 nostras
946 2063 1187 2113 augebimus,
1210 2063 1323 2101 levati
1356 2065 1506 2102 tributis
1533 2059 1592 2103 et·

105 2124 335 2162 trierarchiis
368 2123 526 2173 aliisque
557 2122 647 2160 belli
679 2124 913 2169 muneribus,
946 2131 984 2161 et
1018 2137 1131 2174 agros
1163 2138 1298 2162 secure
1327 2126 1500 2164 colemus
1533 2135 1572 2165 et

104 2200 207 2224 mare
242 2185 509 2236 navigabimus
540 2191 579 2222 et
604 2185 679 2222 alia
705 2186 862 2235 negotia
892 2187 1144 2224 tractabimus
1172 2201 1258 2238 quae
1288 2201 1388 2226 nunc
1414 2197 1571 2240 propter

103 2248 247 2286 bellum
270 2248 447 2299 neglecta
463 2248 608 2296 jacent.
669 2246 785 2284 Urbis
806 2255 993 2298 praeterea
1013 2249 1159 2286 reditus
1176 2249 1445 2299 conduplicari
1467 2251 1571 2288 vide-

103 2312 242 2358 bimus,
259 2319 297 2350 et
316 2318 545 2349 mercatores
563 2317 601 2347 et
617 2309 788 2361 hospites
805 2318 844 2348 et
859 2311 1082 2362 inquilinos,
1099 2312 1161 2362 qui
1183 2312 1276 2349 nulli
1293 2326 1395 2350 nunc
1415 2313 1570 2359 adsunt,

106 2374 325 2424 frequentes
344 2374 421 2410 huc
438 2371 647 2410 confluere.
707 2371 768 2416 Et,
782 2373 886 2422 quod
905 2374 1112 2411 maximum
1131 2380 1204 2418 est,
1218 2374 1309 2412 socii
1330 2374 1438 2412 nobis
1459 2383 1571 2412 erunt

105 2448 238 2473 omues
260 2434 447 2478 homines,
468 2446 542 2470 non
564 2432 688 2470 coacti
709 2433 779 2470 sed
799 2434 987 2480 volentes,
1008 2448 1136 2486 neque
1156 2435 1208 2472 illi
1231 2448 1300 2473 nos
1323 2436 1357 2472 in
1382 2436 1493 2473 rebus
1509 2449 1569 2474 se-

104 2496 239 2534 cundis
269 2496 531 2533 observabunt
558 2499 714 2543 propter
739 2496 969 2544 potentiam,
999 2496 1035 2533 in
1067 2496 1248 2547 periculis
1277 2496 1470 2542 deserent,
1500 2497 1570 2534 sed

105 2569 191 2596 vere
212 2563 250 2595 et
277 2563 409 2594 sancte
437 2555 663 2592 societatem
695 2561 810 2605 atque
840 2556 1045 2594 amicitiam
1077 2557 1218 2594 colent.
1288 2556 1452 2602 Adhaec,
1480 2572 1568 2608 quae

106 2631 208 2656 nunc
235 2619 336 2656 bello
356 2625 394 2655 et
415 2616 564 2667 magnis
593 2617 812 2666 sumptibus
839 2630 1064 2669 recuperare
1091 2631 1167 2655 non
1196 2630 1418 2667 possumus,
1437 2632 1483 2657 ea
1502 2633 1570 2671 per

106 2681 255 2732 legatos
281 2681 461 2720 facillime
482 2678 726 2729 recipiemus.
787 2680 869 2718 Nec
896 2681 997 2718 enim
1027 2681 1169 2731 putetis
1190 2680 1247 2717 vel
1272 2681 1569 2734 Cersobleptem

106 2749 259 2793 propter
275 2743 561 2780 Chersonesum
576 2739 635 2777 vel
653 2740 700 2778 de
720 2742 946 2792 Amphipoli
962 2742 1181 2792 Philippum
1199 2742 1342 2780 bellum
1360 2744 1568 2791 facturum,

108 2803 138 2839 si
165 2815 186 2839 a
209 2815 337 2840 rerum
368 2803 578 2840 alienarum
609 2801 822 2851 cupiditate
850 2817 921 2840 nos
951 2816 1035 2841 esse
1056 2803 1222 2840 viderint
1247 2804 1407 2842 alienos.
1467 2806 1568 2844 Nam

108 2877 210 2901 nunc
225 2863 379 2913 quidem
400 2876 536 2901 -nos
554 2862 651 2900 euim
670 2863 807 2913 opibus
825 2865 963 2902 nostris
981 2878 1057 2902 non
1071 2872 1276 2903 contentos
1292 2866 1401 2916 plura
1417 2880 1569 2918 semper

109 2931 292 2976 appetere
321 2932 484 2963 cernunt
503 2948 553 2953 —
578 2936 654 2962 non
690 2924 825 2974 injuria
858 2933 1033 2964 metuunt
1064 2934 1235 2965 nostram
1266 2928 1398 2965 urbem
1427 2935 1465 2966 et
1493 2928 1569 2966 suis
