1870 3277
257 189 307 223 80
854 189 1142 227 lSOCRATIS

257 293 453 330 mineant:
484 293 616 344 itaque
636 300 674 331 et
695 293 774 344 agri
796 293 935 330 vastati
959 300 1063 337 sunt,
1084 300 1124 330 et
1145 291 1320 330 civitates
1340 303 1496 337 eversae,
1517 297 1554 328 et
1573 291 1731 342 privatae

255 354 359 392 aedes
388 355 589 400 desolatae,
617 361 655 392 et
684 355 845 392 inversoe
877 354 1108 405 respublicae
1138 361 1176 391 et
1207 354 1314 405 leges
1351 353 1561 403 abrogatae,
1589 353 1731 403 quibus

255 416 346 453 dum
364 418 573 455 utebantur
586 417 800 454 felicissimi
817 416 1045 454 Graecorum
1064 416 1230 453 fuerunt.
1279 415 1412 452 Status
1429 422 1557 452 autem
1575 427 1732 452 suarum

255 477 325 515 sibi
348 491 473 515 rerum
494 485 571 516 tam
597 477 737 515 infidus
766 491 811 515 ac
841 478 1027 515 adversus
1054 485 1127 523 est,
1149 486 1191 515 ut
1216 477 1318 515 cives
1347 489 1438 514 suos
1465 477 1588 528 magis
1615 490 1732 527 quam

254 539 387 578 hostes
414 546 610 583 metuant3
642 546 680 576 et
705 546 855 576 tantum
884 539 992 576 abest
1018 548 1060 577 ut
1087 553 1217 577 secum
1246 540 1281 576 in
1306 538 1469 589 gratiam
1493 538 1674 576 redierint
1696 545 1735 576 et

255 601 459 639 facultates
490 601 651 638 invicem
685 600 1021 646 communicarint‚
1044 608 1085 638 ut
1106 614 1128 638 a
1151 601 1425 651 congressibus
1452 599 1635 649 omnique
1660 599 1732 636 hu-

254 663 439 700 manitate
471 662 717 707 abhorreant,
749 669 865 713 atque
894 662 918 699 ii
949 663 1014 712 qui
1045 676 1123 701 rem
1156 662 1301 700 liabent
1330 662 1534 713 pecuniam
1562 662 1601 699 in
1630 675 1734 700 mare

255 724 482 774 demergere
504 724 664 761 mallent
682 737 797 774 quam
818 724 1082 774 indigentibus
1103 725 1300 775 impertiri,
1315 732 1353 761 et
1372 723 1565 762 tenuiores
1587 736 1609 761 a
1630 723 1735 761 locu-

254 785 479 836 pletioribus
500 785 646 836 eripere
664 798 781 836 quam
802 785 900 823 forte
921 785 1077 824 fortuna
1096 786 1267 823 invenire
1283 786 1407 836 magis
1425 793 1582 836 optent:
1614 784 1734 822 sacris

256 848 452 897 abrogatis
473 847 510 884 in
533 848 608 885 aris
631 860 717 886 sese
739 855 932 891 mactant;
965 855 1004 885 et
1024 861 1129 885 nunc
1148 847 1279 899 plures
1304 847 1417 885 unius
1446 847 1550 884 urbis
1577 846 1734 884 exsules

255 916 347 947 sunt
366 923 481 959 quam
504 909 669 947 antehac
690 910 808 947 totius
830 909 1105 960 Peloponnesi.
1166 910 1215 947 Et
1235 923 1354 960 quum
1376 916 1433 947 tot
1453 909 1552 946 mala
1573 922 1733 946 enume-

255 979 336 1009 rata
363 972 453 1017 sint,
474 971 585 1022 plura
613 971 928 1022 praetermisimus
951 984 1066 1022 quam
1090 972 1381 1009 recensuimus:
1414 971 1505 1008 nihil
1527 971 1628 1008 enim
1650 971 1733 1008 duri

255 1040 323 1070 aut
343 1033 470 1070 acerbi
492 1033 569 1071 dici
591 1039 720 1084 potest
741 1033 847 1083 quod
869 1046 949 1070 non
971 1033 1021 1070 ibi
1040 1033 1290 1070 concurrerit.
1349 1032 1522 1075 Quorum
1543 1032 1636 1082 quia
1651 1033 1732 1083 jam

255 1094 348 1132 alios
377 1095 493 1146 cepit,
523 1095 618 1133 alios
646 1095 750 1132 brevi
778 1095 939 1132 satietas
968 1094 1118 1145 capiet:
1149 1094 1310 1144 aliquod
1331 1094 1372 1131 iis
1394 1094 1502 1131 malis
1523 1094 1733 1131 remedium

253 1157 422 1195 invenire
456 1157 682 1209 studebunt.
742 1156 882 1206 Neque
917 1156 1018 1194 enim
1051 1161 1187 1206 putare
1219 1155 1369 1193 debetis
1402 1154 1486 1191 fore
1518 1162 1559 1192 ut
1585 1156 1622 1192 in
1651 1155 1734 1193 istis

256 1220 368 1257 rebus
403 1219 655 1271 acquiescant
675 1232 683 1256 :
724 1231 812 1256 nam
846 1230 943 1268 quos
979 1217 1165 1255 secundae
1199 1230 1258 1254 res
1293 1217 1517 1267 fatigarunt,
1548 1215 1734 1254 adversas

255 1281 374 1333 longo
407 1288 578 1332 tempore
610 1280 674 1331 qui
708 1279 955 1318 tolerabunt?
1013 1281 1143 1321 Quare
1175 1292 1252 1316 non
1281 1285 1430 1316 tantum
1461 1279 1491 1315 si
1523 1278 1735 1329 pugnando

256 1343 472 1390 vicerimus,
489 1343 558 1380 sed
578 1343 693 1380 etiam
715 1341 747 1379 si
767 1341 886 1392 quieti
903 1340 1272 1392 exspectaverimus,
1290 1353 1356 1378 eos
1376 1346 1525 1377 mutata
1546 1340 1736 1378 sententia

255 1404 433 1443 videbitis
463 1417 573 1443 suam
604 1403 768 1442 salutem
797 1403 835 1440 in
867 1409 999 1440 nostra
1029 1403 1212 1440 societate
1239 1402 1512 1440 collocaturos.
1572 1403 1622 1440 Et
1647 1416 1734 1453 quae

256 1480 405 1518 sperem
424 1467 509 1505 haec
530 1472 634 1504 sunt.
707 1478 724 1495 ν

310 1530 377 1567 29.
405 1529 574 1567 Tantum
596 1535 725 1566 autem
746 1529 859 1566 abest
878 1535 920 1566 ut
941 1527 1084 1578 aliquid
1104 1541 1234 1566 eorum
1252 1542 1339 1579 quae
1357 1529 1589 1580 imperantur
1608 1529 1735 1567 facere

257 1591 385 1636 velim,
411 1597 466 1636 ut,
496 1590 526 1627 si
559 1589 652 1626 nihil
685 1589 822 1626 horum
857 1590 966 1627 fieret
994 1602 1121 1639 neque
1156 1589 1235 1626 ulla
1271 1590 1380 1627 nobis
1415 1590 1561 1627 auxilia
1592 1598 1735 1641 praesto

258 1660 401 1699 essent,
425 1652 730 1702 Graecorumque
752 1650 815 1688 alii
835 1664 906 1689 nos
927 1650 1114 1688 laederent
1135 1650 1195 1688 alii
1219 1651 1475 1702 negligerent,
1496 1665 1543 1689 ne
1570 1652 1627 1689 sic
1652 1652 1735 1703 qui-

258 1715 346 1754 dem
374 1714 422 1752 de
452 1713 643 1752 sententia
673 1712 919 1759 decederem,
948 1713 1017 1750 sed
1045 1712 1175 1750 omnia
1202 1712 1373 1764 pericula
1399 1713 1488 1750 belli
1516 1713 1646 1764 potius
1672 1726 1738 1752 ex·

258 1785 475 1829 spectarem
511 1788 629 1827 quam
668 1775 717 1812 ad
756 1782 834 1813 tam
872 1781 1003 1825 turpes
1042 1774 1240 1825 pactiones
1280 1775 1573 1813 descenderem.
1633 1775 1735 1814 Nam

258 1841 459 1892 utriusque
491 1839 544 1877 rei
580 1852 642 1877 me
674 1838 853 1890 puderet,
887 1837 968 1875 sive
1002 1837 1165 1888 majores
1200 1838 1490 1883 damnaremus,
1523 1839 1635 1889 quasi
1668 1852 1736 1890 per

258 1901 435 1954 injuriam
456 1900 660 1939 Messeniis
681 1913 794 1950 agros
815 1899 1069 1945 ademissent,
1091 1899 1169 1937 sive
1190 1912 1275 1945 nos,
1293 1900 1322 1937 si
1344 1900 1398 1937 illi
1419 1906 1522 1938 recte
1540 1908 1578 1938 et
1594 1913 1736 1939 conve-

260 1964 411 2001 nienter
429 1962 658 2008 tenuissent,
677 1967 817 2013 praeter
831 1961 896 2012 jus
918 1967 957 1998 et
975 1973 1131 2011 aequum
1152 1960 1359 2011 quicquam
1382 1961 1429 1999 de
1450 1961 1524 1999 illis
1544 1962 1735 2001 concede-

259 2037 402 2063 remus.
461 2024 635 2066 Quorum
657 2030 839 2061 neutrum
856 2021 1077 2061 faciendum
1096 2029 1169 2067 est,
1187 2023 1256 2060 sed
1273 2023 1310 2060 id
1327 2024 1584 2074 spectandum
1605 2031 1648 2063 u't
1666 2038 1736 2077 pro

259 2087 450 2138 dignitate
463 2093 595 2124 nostra
605 2086 750 2124 bellurn
770 2085 1099 2127 administremus,
1112 2098 1239 2136 neque
1255 2099 1320 2124 eos
1335 2086 1401 2136 qui
1416 2087 1548 2125 urbem
1565 2095 1736 2127 nostram

261 2149 461 2188 celebrant
486 2147 678 2185 mendacii
706 2139 939 2197 arguamus:
971 2147 1024 2184 ita
1050 2147 1208 2198 quidem
1229 2161 1362 2197 gerere
1379 2160 1450 2185 nos
1471 2148 1673 2197 debemus,
1695 2158 1737 2189 ut

259 2212 313 2249 illi
334 2210 639 2262 magnitudinem
660 2209 819 2247 laudum
840 2216 1058 2247 nostrarum
1079 2222 1155 2247 non
1176 2210 1380 2247 videantur
1400 2212 1583 2250 assecuti.
1627 2221 1629 2223 “

318 2274 382 2310 30.
413 2271 601 2322 Equidem
621 2270 798 2309 existimo
819 2270 995 2321 graviora
1017 2270 1074 2308 his
1095 2271 1204 2308 malis
1225 2285 1304 2309 non
1325 2284 1410 2309 esse
1431 2273 1652 2319 metuenda,
1668 2275 1736 2313 sed

262 2335 394 2374 hostes
415 2346 461 2372 ea
481 2340 520 2371 et
539 2332 821 2370 deliberaturos
837 2340 876 2370 et
891 2340 1046 2371 acturos
1064 2346 1149 2370 esse
1170 2334 1311 2383 quibus
1332 2346 1403 2371 nos
1426 2335 1599 2386 erigent:
1630 2337 1737 2387 quod

261 2398 292 2435 si
320 2410 388 2447 spe
415 2394 586 2432 frustrati
607 2401 645 2432 et
665 2394 712 2431 ab
732 2393 835 2430 omni
856 2401 965 2444 parte
986 2394 1236 2432 circumventi
1262 2395 1449 2433 fuerimus
1471 2409 1515 2434 ac
1536 2411 1584 2435 ne
1605 2399 1736 2436 urbem

262 2458 420 2509 quidem
442 2455 607 2507 amplius
629 2454 725 2493 tueri
745 2455 999 2506 potuerimus,
1019 2455 1193 2493 difficilia
1210 2455 1366 2507 quidem
1384 2464 1476 2495 sunt
1490 2471 1578 2508 quae
1593 2458 1736 2504 dicam,

263 2520 331 2559 sed
352 2519 479 2557 dicam
502 2524 630 2555 tamen
651 2523 691 2554 et
708 2516 827 2554 libere
847 2524 1056 2567 aperteque
1084 2517 1225 2555 dicam.
1284 2518 1438 2556 Etenim
1459 2518 1658 2558 honestius
1678 2528 1739 2559 est

262 2595 308 2621 ea
327 2579 526 2633 praedicari
550 2579 654 2631 apud
674 2584 827 2616 exteros
848 2578 1022 2626 Graecos,
1044 2586 1252 2630 nostraque
1274 2580 1411 2618 virtute
1432 2580 1601 2631 dignius,
1621 2594 1737 2633 quam

262 2657 309 2681 ea
328 2656 416 2693 quae
437 2642 548 2680 nobis
569 2640 727 2692 quidam
748 2638 928 2678 suadent.

318 2706 383 2742 31.
415 2703 479 2740 Sic
500 2703 600 2740 enim
627 2714 794 2740 censeo:
821 2707 1002 2752 parentes
1030 2707 1184 2739 nostros
1213 2715 1300 2740 cum
1330 2702 1515 2740 uxoribus
1542 2710 1581 2741 et
1607 2704 1737 2743 liberis

263 2773 303 2806 et
330 2765 518 2815 reliquam
544 2763 648 2802 bello
676 2763 851 2801 inutilem
872 2763 1024 2800 turbam
1046 2776 1066 2800 e
1088 2763 1242 2801 civitate
1263 2763 1491 2801 mittendam
1512 2777 1611 2811 esse,
1632 2772 1672 2804 et
1689 2780 1737 2804 ex

263 2828 322 2866 his
352 2826 448 2864 alios
475 2825 514 2862 in
537 2825 721 2871 Siciliam,
742 2825 836 2863 alios
857 2825 893 2863 in
917 2825 1079 2871 Italiam,
1100 2825 1195 2863 alios
1219 2826 1410 2877 Cyrenen,
1432 2826 1526 2864 alios
1546 2827 1583 2864 in
1605 2829 1738 2867 Asiam

264 2912 316 2918 —-
335 2900 433 2939 quos
454 2886 493 2923 hi
512 2899 649 2924 omnes
673 2886 838 2925 libentes
866 2886 1080 2938 suscipient
1099 2894 1137 2924 et
1158 2900 1252 2938 agro
1281 2887 1410 2938 amplo
1440 2889 1674 2940 assignando
1699 2898 1740 2929 et

263 2949 415 2990 caeteris
436 2947 486 2986 ad
508 2947 651 2986 victum
672 2948 900 2987 necessariis
925 2950 1040 2987 rebus
1070 2949 1381 3001 suppeditandiS‚
1409 2950 1471 2989 alii
1503 2959 1546 2989 ut
1576 2954 1737 3003 gratiam
