1870 3277
683 186 1090 226 TRAPEZITICUS.
1551 186 1627 223 247

159 287 283 326 literas
311 300 375 325 eas
401 288 630 338 postulantis
658 302 735 327 non
763 288 1024 333 tradidissem,
1044 287 1083 324 id
1110 293 1149 324 et
1174 287 1272 337 patri
1293 292 1331 324 et
1357 287 1447 325 mihi
1475 287 1622 338 gravis-

158 350 275 387 simas
293 349 503 388 calumnias
521 351 763 402 pariturum.]
820 350 943 388 Nobis
963 349 1077 400 igitur
1097 348 1398 386 deliberantibus
1419 348 1626 388 consultis-

158 412 298 450 simum
325 412 525 450 videbatur
546 418 588 449 ut
609 412 790 463 [dicerem
819 411 949 448 omnia
969 423 1028 448 me
1047 411 1238 447 facturum
1261 423 1350 460 quae
1372 410 1533 461 Satyrus
1554 410 1624 448 im-

156 480 346 523 perasset,
381 473 438 521 et]
466 474 651 524 pecunias
679 485 776 523 quas
809 472 847 509 in
882 478 1062 523 promptu
1088 471 1271 509 haberem
1298 471 1508 517 traderem,
1536 485 1626 521 quae

153 547 243 572 vero
269 535 371 586 apud
397 537 513 573 istum
542 541 686 579 essent,
706 547 772 571 eas
796 546 874 570 non
898 533 1012 571 modo
1037 544 1234 582 negarem,
1255 532 1325 570 sed
1344 531 1461 569 etiam
1481 532 1627 570 foenore
1669 566 1672 567 ⁷

157 596 287 646 plures
314 596 512 647 accepisse
538 603 617 633 tum
646 596 694 633 ab
722 595 796 633 isto
823 601 905 632 tum
926 595 973 632 ab
994 594 1078 632 aliis
1105 594 1341 638 simularem,
1361 593 1489 631 omnia
1515 593 1626 632 deui-

157 672 231 709 que
262 660 429 697 facerem
459 672 526 709 per
557 671 643 708 quae
673 657 748 694 illis
782 657 946 695 maxime
976 656 1278 707 persuaderetur
1310 655 1403 693 mihi
1433 668 1513 694 non
1540 669 1625 694 esse

157 722 355 771 pecunias.

213 783 250 819 6.
283 783 395 820 Tunc
416 782 724 834 igitur‚judices,
740 782 925 833 putabam
942 781 1146 820 Pasionem
1169 782 1260 819 mihi
1277 787 1420 819 cuncta
1438 781 1522 819 haec
1543 794 1630 819 sua-

159 843 249 880 dere
278 857 328 881 ex
358 844 650 882 benevolentia:
681 857 721 882 re
744 857 835 882 vero
866 857 955 881 cum
988 843 1116 894 Satyri
1143 843 1281 894 legatis
1308 850 1518 888 transacta,
1538 847 1627 880 eum

158 904 321 941 fortunis
343 904 436 942 meis
457 905 672 943 tetendisse
693 905 851 943 insidias
871 905 1139 942 animadverti.
1198 905 1299 942 Nam
1327 917 1445 954 quum
1474 905 1627 956 Byzan-

159 964 254 1002 tium
275 965 527 1016 navigaturus
548 979 634 1004 mea
653 965 821 1017 recipere
841 965 994 1011 vellem,
1013 966 1082 1004 iste
1103 965 1400 1017 pulcherrimam
1424 962 1494 1004 sib'i
1514 979 1627 1004 occa-

158 1026 304 1063 sionem
324 1039 410 1064 esse
430 1027 560 1064 datam
583 1034 687 1065 ratus
708 1034 769 1065 est
789 1050 836 1056 —
855 1028 995 1078 quippe
1015 1027 1120 1078 quod
1139 1035 1178 1066 et
1196 1028 1362 1078 pecunia
1383 1027 1483 1078 apud
1506 1042 1547 1066 se
1568 1042 1627 1066 re-

157 1087 282 1136 posita
301 1100 444 1138 magna
464 1094 567 1125 esset
586 1101 630 1126 ac
650 1088 770 1139 digna
791 1088 1045 1139 impudentia,
1063 1096 1101 1126 et
1121 1102 1195 1140 ego
1221 1089 1353 1126 multis
1380 1089 1626 1127 audientibus

159 1161 364 1199 negassem
387 1162 446 1186 me
467 1149 677 1200 quicquam
694 1150 849 1196 habere,
867 1163 1059 1200 nemoque
1077 1150 1272 1201 ignoraret
1287 1163 1361 1196 me,
1378 1163 1494 1201 quum
1512 1164 1629 1202 pecu-

158 1211 240 1249 nias
269 1211 386 1261 legati
416 1217 603 1262 peterent,
623 1212 768 1249 fassum
795 1225 881 1250 esse
911 1212 994 1250 aliis
1024 1212 1139 1249 etiam
1166 1225 1227 1250 me
1253 1212 1393 1250 debere
1414 1236 1479 1259 —-,
1500 1213 1629 1263 adque

158 1271 259 1317 haec,
276 1272 443 1322 judices,
465 1274 639 1323 putabat,
658 1274 688 1311 si
708 1274 769 1311 hic
790 1274 1034 1319 mansissem,
1055 1287 1114 1311 me
1136 1287 1159 1311 a
1179 1273 1334 1311 civitate
1359 1273 1497 1324 Satyro
1517 1274 1628 1312 dedi-

158 1341 240 1370 tum
268 1334 324 1377 iri,
347 1334 404 1371 sin
426 1334 501 1371 alio
520 1347 581 1371 me
604 1335 868 1379 contulissem,
890 1347 929 1372 se
950 1334 1065 1372 facile
1095 1347 1209 1385 posse
1234 1334 1431 1385 negligere
1450 1335 1628 1384 querelas

158 1407 281 1439 meas,
298 1395 356 1432 sin
378 1395 559 1432 rediisem
575 1395 612 1432 in
629 1395 813 1440 Pontum,
831 1409 892 1433 me
911 1409 988 1432 una
1007 1408 1095 1433 cum
1116 1402 1224 1446 patre
1245 1396 1529 1446 periturum,—-
1543 1396 1628 1435 haec

157 1455 273 1506 igitur
293 1456 469 1507 cogitans
492 1469 552 1494 me
573 1456 752 1494 fraudare
772 1456 947 1507 pecuniis
964 1456 1143 1494 instituit.
1200 1457 1257 1494 Ac
1274 1457 1378 1507 apud
1395 1470 1454 1494 me
1470 1457 1628 1507 quidem

158 1517 377 1563 simulabat,
401 1531 441 1555 se
468 1518 504 1554 in
531 1517 741 1568 praesentia
772 1517 897 1555 minus
918 1530 941 1555 a
960 1517 1129 1567 pecunia
1158 1523 1333 1567 paratum
1360 1517 1523 1555 reddere
1549 1531 1627 1555 non

158 1591 296 1628 posse:
327 1579 542 1629 sed,quum
563 1591 643 1616 rem
665 1584 771 1616 certo
792 1591 1030 1629 cognoscere
1049 1579 1185 1616 volens
1202 1579 1460 1617 Philomelum
1481 1587 1521 1617 et
1541 1581 1627 1618 Me-

159 1653 356 1678 nexenum
376 1640 424 1678 ad
445 1654 531 1679 eum
559 1641 762 1685 misissem,
783 1640 1109 1690 inficiatusapud
1135 1653 1202 1678 eos
1229 1647 1288 1678 est
1309 1653 1350 1678 se
1371 1653 1497 1679 meum
1518 1642 1628 1692 quic-

158 1714 274 1751 quam
305 1701 458 1739 habere.
517 1701 653 1739 Tantis
685 1702 802 1752 igitur
833 1702 880 1739 ab
913 1701 1016 1738 omni
1047 1707 1154 1751 parte
1182 1702 1291 1739 malis
1320 1714 1507 1753 oppresso
1537 1703 1629 1740 mihi

159 1764 252 1816 quid
272 1765 388 1802 animi
409 1765 531 1803 fuisse
552 1765 748 1804 censetis?
795 1764 898 1802 Nam
919 1764 949 1802 si
971 1771 1154 1810 tacerem,
1171 1765 1210 1802 id
1230 1766 1498 1816 consequebar
1516 1772 1558 1803 ut
1580 1767 1628 1804 ab

158 1827 231 1864 isto
247 1827 422 1878 pecuniis
438 1826 637 1865 fraudarer
654 1841 662 1871 ;
693 1829 752 1864 sin
772 1826 952 1872 dicerem,
970 1832 1011 1863 ut
1025 1832 1064 1863 et
1080 1838 1145 1864 eas
1163 1826 1281 1864 nihilo
1297 1827 1385 1878 plus
1403 1827 1627 1878 reciperem,

159 1895 199 1926 et
214 1889 319 1939 apud
337 1888 515 1940 Satyrum
531 1889 624 1926 mihi
641 1889 873 1938 simulatque
888 1888 987 1939 patri
1007 1887 1218 1926 maximum
1239 1888 1383 1927 crimen
1404 1889 1626 1928 conflarem.

161 1949 362 2000 Optimum
378 1950 496 2000 igitur
516 1964 602 1988 esse
623 1950 715 1987 duxi
734 1950 946 2000 quiescere.

215 2013 252 2047 7.
284 2011 381 2048 Post
398 2011 499 2057 haec,
513 2010 682 2062 judices,
698 2010 790 2048 mihi
809 2012 1010 2048 nuntiatur
1029 2018 1067 2048 et
1087 2017 1235 2062 patrem
1251 2025 1404 2050 carcere
1422 2011 1629 2050 liberatum

160 2086 262 2117 esse,
285 2078 324 2110 et
358 2073 541 2124 Satyrum
570 2073 624 2110 ita
654 2072 838 2123 poenitere
874 2072 1046 2109 omnium
1076 2086 1163 2123 quae
1192 2073 1365 2118 fecisset,
1391 2080 1435 2111 ut
1461 2074 1561 2124 patri
1591 2080 1630 2111 et

160 2134 276 2172 fidem
304 2145 413 2171 suam
437 2133 651 2172 arctissime
674 2133 933 2179 obstrinxerit,
954 2140 992 2170 et
1016 2133 1123 2184 prius
1151 2133 1353 2184 imperium
1373 2134 1630 2185 amplificant,

159 2203 198 2235 et
214 2208 339 2234 meam
354 2208 523 2234 sororem
544 2209 615 2234 suo
634 2195 713 2233 filio
733 2209 891 2234 uxorem
912 2195 1179 2247 desponderit.
1239 2196 1312 2234 His
1334 2196 1451 2235 Pasio
1472 2196 1630 2242 auditis,

160 2271 279 2309 quum
309 2271 370 2295 me
401 2263 534 2308 aperte
557 2257 623 2308 jus
653 2270 782 2295 meum
811 2263 1106 2308 persecuturum
1137 2257 1264 2303 sciret,
1286 2258 1433 2295 Cittum
1463 2270 1629 2308 puerum

160 2319 315 2364 occulit,
331 2318 396 2369 qui
411 2318 505 2369 quid
521 2318 569 2356 de
583 2318 758 2369 pecuniis
773 2323 901 2356 aetum
917 2324 1020 2356 esset
1032 2318 1214 2357 conscius
1228 2326 1323 2357 erat.
1371 2320 1496 2364 Quem
1510 2332 1630 2370 quum

161 2393 235 2431 ego
255 2379 486 2431 quaesiturus
515 2379 784 2424 accessissem,
807 2379 912 2430 quod
934 2393 994 2417 me
1015 2379 1162 2418 nullam
1189 2380 1354 2419 actionis
1375 2393 1471 2417 rneae
1491 2381 1630 2431 proba-

161 2442 304 2479 tionem
325 2440 602 2479 evidentiorem
621 2440 764 2479 habere
784 2453 900 2492 posse
920 2441 1129 2487 crederem,
1147 2441 1359 2480 orationem
1379 2441 1490 2479 affert
1507 2442 1630 2480 auda-

161 2505 356 2543 cissimam
395 2511 434 2542 et
468 2497 766 2554 iniquissimam,
804 2517 865 2542 me
899 2512 938 2543 et
976 2505 1239 2543 Menexenum
1277 2518 1437 2555 puerum
1476 2505 1543 2555 qui
1580 2507 1630 2544 ad

161 2580 336 2605 mensam
354 2567 507 2605 sederet
527 2566 746 2617 corrupisse
762 2572 800 2604 et
820 2579 893 2604 sex
912 2568 960 2605 ab
979 2579 1025 2604 eo
1046 2566 1194 2604 talenta
1212 2579 1280 2617 per
1299 2566 1473 2604 fraudem
1495 2567 1630 2606 abstu-

162 2628 252 2667 lisse
269 2642 278 2666 :
310 2642 358 2666 ne
378 2641 467 2666 vero
487 2627 524 2665 id
546 2627 696 2666 facinus
726 2628 835 2679 argui
855 2634 894 2666 et
911 2641 980 2678 per
1000 2633 1193 2665 tormenta
1212 2626 1353 2665 veritas
1373 2627 1518 2678 exquiri
1538 2641 1630 2679 pos-

165 2697 238 2735 set,
258 2689 413 2727 dicebat
443 2702 514 2727 nos
542 2688 765 2728 occultasse
791 2702 965 2740 puerum,
986 2701 1088 2725 nunc
1110 2701 1198 2725 vero
1224 2687 1273 2726 ad
1296 2700 1338 2726 se
1365 2689 1630 2727 accusandum

166 2747 307 2795 venire,
321 2759 360 2788 et
380 2759 467 2788 eum
489 2750 687 2800 postulare
707 2763 822 2800 quem
844 2749 916 2800 ipsi
937 2748 1257 2787 occuluissemus.
1316 2749 1415 2788 Haec
1432 2763 1552 2800 quum
1572 2751 1630 2789 di-

164 2818 282 2856 ceret,
302 2818 341 2849 et
365 2811 640 2862 indignabatur
660 2819 703 2851 et.
718 2811 1017 2864 lacrymabatur,
1037 2816 1074 2846 et
1093 2822 1154 2846 me
1174 2809 1224 2847 ad
1245 2809 1535 2861 polemarchum
1555 2820 1631 2851 tra-

165 2872 297 2918 hebat,
310 2884 514 2922 sponsores
534 2873 752 2922 postulans,
769 2885 894 2922 neque
916 2871 1021 2922 prius
1043 2870 1204 2915 destitit,
1221 2884 1338 2921 quam
1355 2885 1422 2910 sex
1441 2873 1629 2912 talentum

169 2945 388 2985 sponsores.
399 2933 433 2971 ei
454 2933 664 2972 dedissem.
722 2933 834 2972 Voca
852 2932 942 2970 mihi
962 2932 1095 2970 harum
1118 2944 1242 2971 rerum
1263 2939 1396 2972 testes.

291 2994 309 3006 Ι
