1870 3277
264 174 337 209 448
844 166 1116 206 DlNARCHI

264 271 425 309 civitatis
447 271 657 322 proditores
676 272 755 322 jam
779 271 963 320 supplicio
989 268 1161 307 addictos
1183 268 1392 312 absolvere,
1419 274 1456 305 et
1482 268 1702 319 injustorum

262 345 307 370 ac
340 332 567 370 nefariorum
606 332 799 369 hominum
835 331 1019 380 quosdam
1063 329 1303 379 pertransire,
1336 328 1489 378 quando
1517 329 1625 366 vobis
1656 328 1703 365 ad

262 393 497 443 puniendum
536 406 601 430 eos
640 391 872 429 immortales
910 391 961 429 dii
997 392 1236 435 detexerunt,
1272 389 1488 426 universum
1522 391 1703 441 populum

260 454 369 492 istius
391 454 645 492 adversarium
666 455 809 491 factum
826 465 913 490 esse
933 453 1228 503 conspicientes.

314 518 352 552 4.
383 516 434 553 At
452 528 538 566 ego,
555 529 618 566 per
638 515 772 552 Jovem
794 521 1037 561 servatorem,
1056 514 1205 565 pudore
1231 512 1442 558 suffundor,
1459 512 1549 549 dum
1569 512 1704 549 cohor-

261 583 361 614 tatos
391 590 456 615 vos
483 584 521 614 et
547 590 570 613 a
596 576 704 613 nobis
734 576 911 613 incitatos
938 582 1087 626 oportet
1113 575 1160 612 ad
1191 574 1376 625 judiciuin
1403 573 1705 624 suppliciumque

261 632 463 688 morti'jarn
484 637 623 674 addicti
651 636 849 681 accedere,
872 643 910 673 et
928 649 1054 674 nonne
1081 649 1149 673 vos
1179 636 1250 686 ipsi
1271 635 1559 672 commissorum
1589 635 1636 672 ab
1657 647 1703 672 eo

259 699 457 736 criminum
496 699 758 748 inspectores;
801 705 838 734 et
875 697 999 734 omnis
1039 697 1191 747 quidem
1226 696 1389 747 populus
1422 708 1546 745 neque
1579 701 1704 732 tutum

259 772 380 809 neque
395 759 544 810 justum
572 771 656 796 esse
685 758 909 796 existimans
932 758 1031 796 filios
1060 771 1150 796 suos
1179 757 1368 795 curandos
1395 758 1427 794 ei
1447 756 1597 794 tradere
1617 769 1704 793 eum

256 821 489 871 epheborum
510 832 602 858 cura
619 820 867 869 abrogarunt,
890 833 954 857 vos
975 833 1062 857 vero
1083 819 1277 870 popularis
1298 818 1478 869 potentiae
1507 831 1552 855 ac
1574 818 1703 868 legum

256 881 452 927 custodes,
485 881 623 931 quibus
651 879 854 930 judicandi
879 880 1099 916 facultatem
1129 892 1210 916 sors
1241 878 1469 929 fortunaque
1495 879 1533 915 in
1562 878 1705 929 populo

255 944 405 989 detulit,
426 943 556 980 talium
585 955 708 980 rerum
730 941 977 979 machinatori
994 940 1143 977 veniam
1169 940 1320 985 dabitis,
1339 941 1480 990 quique
1509 941 1703 978 universa-

256 1018 338 1042 rum
367 1005 525 1043 civitatis
555 1004 683 1054 legum
706 1004 820 1041 finem
843 1003 993 1048 tenetis,
1020 1002 1244 1053 impunitum
1265 1002 1482 1052 largitorem
1503 1014 1704 1040 munerum

256 1066 497 1115 omniumque
518 1065 682 1116 pessime
708 1071 1012 1115 perpetratarum
1032 1075 1159 1100 rerum
1184 1072 1379 1100 auctorem
1408 1062 1621 1108 dimittetis,
1641 1063 1705 1113 qui

255 1149 305 1155 —
320 1134 363 1164 ut
382 1127 498 1178 paulo
518 1133 605 1164 ante
632 1126 805 1164 dicebam
821 1125 995 1163 —tertio
1015 1137 1089 1162 uon
1112 1124 1230 1162 semel
1251 1123 1419 1161 omnium
1447 1123 1704 1174 improborum

252 1195 370 1238 caput
399 1187 504 1225 solus
535 1187 763 1224 enunciatus
795 1193 866 1232 est,
896 1186 1084 1236 tertioque
1114 1186 1195 1236 jam
1222 1184 1367 1235 pridem
1388 1184 1600 1222 secundum
1631 1184 1705 1223 hoc

255 1262 367 1286 suum
400 1248 597 1286 decretum
628 1248 739 1286 morti
772 1246 981 1285 addictus?
1029 1246 1134 1289 Quid
1166 1246 1281 1297 igitur
1309 1245 1550 1297 exspectatis,
1584 1245 1703 1284 Athe-

255 1309 439 1348 nienses?
469 1316 507 1347 et
532 1309 660 1361 qualia
677 1322 840 1360 quaeque
870 1308 944 1346 alia
963 1308 1107 1359 majora
1129 1308 1173 1346 iis
1196 1320 1283 1359 quae
1305 1307 1409 1344 dicta
1429 1312 1519 1344 sunt
1538 1306 1705 1356 quaeritis

254 1366 494 1422 intelligere?
537 1372 675 1409 Nonne
697 1385 762 1410 vos
784 1371 875 1409 estis
896 1377 935 1409 et
957 1370 1116 1421 majores
1141 1370 1257 1407 vestri
1281 1368 1345 1419 qui
1375 1367 1619 1405 Timotheum
1639 1368 1704 1418 qui

255 1434 565 1485 Peloponnesum
584 1433 927 1483 circumnavigarat
946 1439 984 1469 et
1011 1431 1137 1469 navali
1157 1430 1287 1482 praelio
1315 1430 1627 1468 Lacedaemonios
1654 1430 1703 1467 ad

254 1496 463 1547 Corcyram
493 1495 649 1540 vicerat,
675 1495 741 1545 qui
768 1494 867 1531 filius
900 1499 981 1531 erat
1012 1492 1183 1530 Cononis
1215 1492 1280 1542 qui
1305 1490 1453 1528 Graecis
1485 1491 1702 1528 libertatem

249 1557 409 1608 peperit,
430 1564 468 1594 et
487 1556 645 1593 Samum
665 1565 704 1593 et
725 1555 949 1592 Methonem
963 1561 1001 1591 et
1021 1553 1197 1603 Pydnam
1219 1552 1511 1603 Potidaeamque
1527 1552 1700 1602 aliasque

250 1618 406 1668 insuper
421 1616 553 1667 viginti
572 1617 684 1653 urbes
704 1622 871 1666 ceperat,
893 1627 1016 1665 neque
1037 1615 1195 1652 istorum
1217 1614 1338 1665 gratia
1359 1627 1445 1651 eum
1461 1613 1703 1651 excusastis?

250 1690 375 1729 neque
404 1678 485 1729 ejus
512 1677 692 1728 temporis
716 1675 865 1728 judicio
893 1688 1048 1726 quoque
1078 1675 1250 1713 obstricti
1271 1674 1521 1726 jurejurando
1548 1681 1702 1712 senten-

250 1739 341 1778 tiam
373 1739 478 1777 fertis
505 1745 563 1776 tot
589 1737 810 1789 praetulistis
841 1737 1041 1783 beneficia,
1061 1750 1203 1782 verum,
1225 1737 1314 1787 quia
1341 1736 1540 1787 pecuniam
1569 1749 1654 1773 eum
1680 1749 1702 1773 a

250 1801 358 1839 Chiis
389 1800 624 1850 Rhodiisque
651 1798 883 1850 Aristophon
915 1799 1113 1849 accepisse
1132 1798 1344 1848 inquiebat,
1372 1804 1527 1835 centurn
1547 1797 1701 1834 talentis

250 1861 492 1900 mulctastis?
541 1861 659 1899 Hunc
679 1874 765 1898 vero
797 1860 1001 1898 scelestum
1030 1860 1219 1897 hominem
1240 1872 1284 1897 ac
1313 1859 1559 1910 proditorem,
1587 1870 1700 1908 quem

250 1938 327 1963 non
359 1937 458 1962 unus
489 1923 545 1960 vir
577 1923 646 1960 sed
676 1922 877 1960 universus
911 1922 1108 1972 Areopagi
1140 1928 1296 1958 senatus
1328 1921 1458 1958 habita
1489 1920 1700 1970 quaestione

250 1999 408 2024 munera
438 1979 717 2036 pecuniamque
742 1990 877 2021 contra
905 1996 972 2020 vos
1004 1983 1200 2033 accepisse
1227 1982 1436 2020 declaravit
1462 1988 1499 2019 et
1521 1980 1698 2025 convicit,

252 2048 315 2098 qui
343 2046 482 2084 multas
503 2044 707 2097 possidens
729 2057 820 2095 opes
849 2053 886 2082 et
907 2044 1080 2081 mascula
1101 2057 1237 2081 carens
1262 2043 1383 2094 prole,
1407 2056 1451 2080 ac
1479 2042 1531 2080 rei
1559 2041 1700 2079 nullius

251 2108 404 2157 indigus
434 2120 594 2158 quorum
621 2119 717 2157 opus
746 2105 887 2142 babere
912 2105 1091 2156 potuerit,
1114 2117 1194 2142 non
1223 2106 1273 2142 ob
1294 2105 1445 2142 oblatas
1473 2110 1607 2141 contra
1631 2114 1699 2153 pa·

249 2169 357 2206 triam
379 2168 600 2219 largitiones
620 2180 703 2205 sese
725 2167 905 2204 abstinuit
918 2166 1147 2217 insitamque
1163 2166 1442 2217 improbitatem
1457 2179 1534 2203 non
1548 2163 1697 2208 celavit,

250 2230 319 2268 sed
338 2237 468 2267 natam
489 2228 541 2266 illi
560 2228 662 2279 apud
681 2241 749 2266 vos
775 2228 891 2265 fidem
911 2228 1066 2266 omnino
1085 2227 1264 2278 perdidit,
1284 2227 1405 2278 iisque
1428 2227 1562 2277 quibus
1583 2231 1698 2262 antea

248 2293 419 2330 aemulari
446 2292 632 2336 dicebam,
660 2298 792 2328 contra
820 2291 904 2329 illos
933 2304 1017 2329 sese
1043 2291 1235 2342 opposuit,
1261 2303 1305 2328 ac
1333 2290 1548 2327 simulatam
1587 2299 1696 2325 suam
1729 2329 1731 2332 ,

249 2355 476 2405 probitatem
497 2366 584 2392 cum
605 2359 707 2390 esset
722 2353 819 2389 falsa
838 2366 906 2403 pro
926 2366 1016 2391 vera
1032 2353 1250 2390 ostentavit.

303 2419 340 2454 5.
371 2417 469 2458 Quae
503 2427 591 2453 cum
623 2413 756 2451 animis
787 2414 923 2450 vestris
956 2414 1235 2464 perpendentes
1267 2425 1543 2462 memoresque,
1573 2411 1694 2448 Athe-

249 2480 413 2524 nienses,
439 2477 682 2530 praesentium
708 2483 933 2528 temporum,
954 2490 1040 2526 quae
1061 2476 1136 2514 fide
1157 2490 1234 2514 non
1262 2488 1459 2514 munerum
1480 2473 1694 2525 corruptela

246 2541 435 2591 indigent,
458 2540 584 2577 odisse
617 2539 808 2590 improbos
829 2538 995 2588 taliaque
1024 2551 1044 2575 e
1064 2539 1261 2588 republica
1285 2544 1455 2576 monstra
1472 2537 1693 2588 perturbare

245 2616 314 2640 vos
333 2602 522 2647 convenit,
544 2608 583 2639 et
611 2594 784 2638 omnibus
817 2599 1020 2637 ostendere
1041 2599 1256 2636 hominibus
1282 2599 1388 2649 quod
1417 2611 1494 2635 non
1515 2598 1598 2635 haec
1622 2610 1691 2648 po-

246 2663 325 2713 puli
342 2663 546 2701 multitudo
564 2674 640 2700 una
658 2675 745 2700 cum
767 2661 995 2711 quibusdam
1017 2660 1227 2698 oratoribus
1254 2672 1297 2696 ac
1319 2658 1478 2696 militum
1502 2658 1692 2708 praefectis

246 2733 424 2774 corrupta
443 2725 501 2770 sit,
523 2737 646 2775 neque
676 2723 814 2761 servire
843 2722 988 2773 gloria-2⁵,
1011 2721 1175 2759 scientes
1196 2720 1301 2770 quod
1316 2719 1466 2772 justitia
1485 2725 1693 2769 mutuaque

247 2785 453 2823 concordia
477 2786 602 2831 facile,
629 2785 702 2822 diis
731 2784 965 2830 faventibus,
995 2782 1107 2833 siqui
1129 2781 1237 2819 nobis
1263 2781 1403 2832 injuste
1434 2786 1691 2831 opponantur,

246 2846 484 2889 ulciscimur;
515 2859 716 2884 munerum
740 2858 829 2883 vero
849 2844 1070 2896 corruptelis
1092 2857 1136 2881 ac
1165 2842 1442 2894 proditionibus
1464 2848 1578 2892 atque
1607 2841 1690 2879 istis

246 2908 430 2946 similibus
450 2908 571 2955 malis,
590 2921 677 2959 quae
695 2906 767 2945 illis
786 2906 876 2957 ipsis
888 2906 1103 2945 horninibus
1118 2905 1259 2950 insunt,
1275 2903 1382 2942 nulla
1396 2903 1530 2943 civitas
1543 2902 1684 2941 servari
