1870 3277
256 159 332 194 438
846 160 1115 199 DINARCHI

256 271 407 309 operam
428 261 593 306 navavit,
614 261 677 311 qui
699 274 772 298 non
796 262 942 301 obstitit
961 278 1038 314 quo
1065 265 1187 302 minus
1209 264 1410 303 adversarii
1427 265 1586 303 civitatis
1613 279 1694 304 om-

256 320 319 356 nia
334 320 573 358 confecerint
589 335 675 372 quae
697 322 909 369 voluerunt,
930 326 993 374 qui
1013 338 1096 363 sese
1112 326 1321 363 immutavit
1335 334 1374 363 et
1393 327 1518 376 populi
1538 340 1693 364 causam

257 380 436 427 deseruit,
456 395 542 419 eum
563 396 629 421 vos
656 385 956 423 conservabitis?
1015 386 1116 432 Non,
1144 386 1173 423 si
1200 386 1280 423 sani
1307 387 1407 424 eritis
1428 394 1466 423 et
1483 395 1583 425 recte
1612 395 1691 424 tum

254 442 358 479 vobis
378 449 458 480 tum
477 444 694 495 reipublicae
720 446 952 484 consuletis:
984 447 1250 497 amplectimini
1272 448 1397 498 potius
1417 448 1555 485 bonam
1577 449 1694 485 fortu-

254 515 355 549 nam,
377 517 463 554 quae
476 506 580 543 vobis
602 506 842 544 ulciscendos
856 508 993 545 obtulit
1011 515 1180 546 oratores
1194 508 1258 558 qui
1275 510 1352 546 suis
1369 509 1543 546 sordibus
1564 509 1693 546 urbem

255 564 435 603 humilem
455 565 714 611 reddiderunt,
735 574 774 604 et
790 575 921 606 cavete
940 591 991 597 ——-
1010 569 1333 619 quemadmodum
1353 583 1420 608 vos
1440 570 1596 607 deorum
1625 570 1693 605 im-

256 627 468 665 mortalium
507 628 661 665 oracula
693 642 794 679 saepe
826 638 1052 668 monuerunt
1073 653 1123 658 —-
1142 632 1238 668 tales
1270 631 1388 669 duces
1419 639 1457 668 et
1485 639 1692 668 senatores.

255 688 395 726 Audite
416 689 539 739 ipsum
562 689 772 727 oraculum.
832 691 966 729 Recita
985 692 1194 729 oraculum.

816 793 1135 831 ORACULUM.

313 872 372 908 18.
402 870 606 914 Quomodo
638 871 750 920 igitur
780 871 915 908 eodem
942 873 1067 909 animo
1097 873 1213 909 futuri
1240 885 1385 918 sumus,
1415 871 1693 910 Athenienses?

254 932 448 982 quomodo
466 930 750 969 consentiemus
770 944 901 969 omnes
921 932 969 969 de
986 932 1203 982 reipublicae
1223 933 1447 977 commodis,
1469 933 1499 968 si
1519 931 1637 970 duces
1656 940 1694 969 et

253 993 499 1043 magistratus
526 999 686 1043 accepta
706 993 866 1042 pecunia
894 994 1025 1043 patriae
1055 993 1259 1031 utilitatem
1286 994 1534 1043 neglexerint,
1562 999 1601 1030 et
1629 1005 1693 1030 vos

251 1054 404 1104 quidem
431 1062 471 1091 et
498 1053 662 1104 populus
691 1054 890 1091 universus
911 1053 948 1091 in
968 1054 1179 1105 periculum
1207 1054 1418 1092 adducetur
1436 1055 1484 1092 de
1505 1054 1587 1092 solo
1605 1054 1695 1091 civi·

253 1116 340 1155 tatis
359 1123 397 1154 et
416 1116 489 1153 aris
508 1123 622 1165 atque
644 1115 735 1153 f0cis
756 1123 795 1153 et
813 1117 993 1154 uxoribus
1014 1129 1058 1155 ac
1079 1116 1219 1162 liberis,
1240 1116 1301 1153 isti
1320 1124 1449 1154 autem
1468 1116 1564 1153 inter
1579 1128 1620 1153 se
1636 1128 1693 1152 re-

252 1177 441 1216 conciliati
460 1177 496 1214 in
516 1177 764 1215 concionibus
794 1177 949 1228 quidem
977 1177 1038 1215 alii
1065 1177 1158 1216 alios
1177 1177 1358 1215 conviciis
1384 1177 1628 1228 proscindent
1650 1189 1695 1214 ac

252 1239 301 1277 de
322 1237 508 1276 industria
534 1239 797 1288 exagitabunt‚
816 1239 989 1289 privatim
1021 1245 1147 1277 autem
1167 1246 1284 1288 agent
1307 1238 1441 1276 eadem
1461 1238 1694 1289 decipientes

252 1312 320 1337 vos
339 1299 404 1350 qui
420 1299 543 1336 verbis
562 1311 691 1336 eorum
712 1299 889 1338 facillime
907 1299 1087 1338 creditis?
1129 1300 1231 1343 Quid
1250 1300 1350 1337 enirn
1370 1306 1430 1337 est
1449 1300 1606 1338 oratoris
1627 1312 1694 1350 po-

253 1360 394 1412 pularis
413 1367 452 1399 et
471 1360 599 1398 infesti
618 1360 676 1406 iis,
696 1361 760 1410 qui
780 1361 1052 1412 rempublicam
1068 1361 1318 1398 concionibus
1337 1369 1376 1398 et
1394 1359 1556 1398 decretis
1570 1372 1693 1410 oppu-

254 1421 400 1472 gnant?
429 1428 495 1459 aut
512 1421 602 1471 quid
619 1422 725 1458 aiunt
742 1428 858 1459 aetate
876 1430 1001 1459 vestra
1020 1421 1246 1472 superiores,
1268 1421 1550 1459 Demosthenes
1565 1429 1603 1458 et
1622 1420 1695 1457 Po-

252 1482 417 1534 lyeucte‚
449 1483 576 1521 studio
608 1489 789 1533 perpetuo
819 1482 1023 1521 habuisse?
1053 1483 1167 1533 idque
1197 1496 1283 1520 curn
1313 1496 1358 1520 eo
1388 1490 1557 1532 ternpore
1589 1482 1696 1519 nulla

252 1544 385 1583 clades
406 1545 681 1596 rempublicam
699 1544 877 1595 urgeret?
907 1558 983 1582 non
1003 1558 1044 1583 se
1069 1553 1202 1582 mutuo
1222 1545 1454 1584 accusasse?
1484 1558 1559 1582 non
1579 1548 1695 1593 maJe-

253 1607 362 1644 statis
396 1605 496 1644 laesae
515 1606 734 1643 criminatos
761 1605 874 1643 esse?
903 1619 978 1643 non
1007 1606 1232 1644 violatarum
1260 1606 1391 1657 legum
1417 1605 1554 1644 fecisse
1580 1606 1694 1644 reos?

255 1667 325 1704 Est
339 1680 428 1704 vero
444 1667 578 1705 horum
596 1667 802 1718 quicquam
815 1668 917 1717 quod
930 1667 1095 1705 feceritis
1110 1680 1192 1713 VOS,
1207 1667 1271 1718 qui
1287 1681 1353 1705 vos
1368 1661 1500 1706 curare
1513 1668 1696 1719 populum

252 1728 495 1779 profitemini,
516 1728 580 1779 qui
602 1728 763 1766 salutern
785 1736 948 1766 vestram
969 1729 1006 1765 in
1020 1728 1155 1766 horum
1173 1728 1354 1780 suffragio
1376 1729 1500 1767 dicitis
1516 1742 1601 1767 esse
1616 1729 1695 1766 col-

250 1789 440 1828 locatam?
471 1790 664 1841 Scripsisti
685 1798 725 1827 tu
748 1790 959 1836 decretum,
981 1790 1278 1835 Demosthenes,
1308 1804 1394 1829 cum
1415 1791 1533 1829 multa
1552 1791 1696 1829 atrocia

251 1858 289 1888 et
324 1852 513 1889 contraria
549 1852 699 1901 legibus
740 1852 934 1889 Demades
968 1851 1229 1889 decrevisset?
1267 1851 1491 1902 prohibuisti
1527 1852 1693 1902 aliquam

250 1912 438 1951 actionem
457 1926 571 1963 quam
592 1913 654 1949 ille
675 1920 892 1964 susceptam
907 1920 1041 1951 contra
1061 1913 1243 1964 populum
1264 1913 1566 1951 administravit?
1597 1913 1694 1950 Nul—

249 1975 326 2012 lam
345 1976 512 2026 penitus.
568 1975 785 2025 Majestatis
804 1988 909 2012 reum
929 1974 1050 2013 fecisti
1070 1987 1155 2012 eum
1172 1974 1236 2025 qui
1249 1981 1381 2012 contra
1398 1974 1638 2024 plebiscitum
1658 1983 1696 2012 et

248 2037 353 2089 leges
375 2037 493 2075 multa
513 2036 771 2088 perpetravit?
803 2036 1009 2087 Nunquam
1030 2049 1208 2087 prorsus3
1238 2036 1307 2073 sed
1326 2048 1462 2073 aeream
1481 2035 1513 2073 ei
1528 2042 1693 2073 statuam

250 2099 290 2136 in
310 2099 392 2136 foro
412 2098 505 2148 erigi
525 2111 659 2148 passus
679 2111 720 2136 es
740 2104 778 2135 et
796 2098 878 2147 pari
897 2097 1040 2135 honore
1062 2098 1183 2135 victus
1200 2098 1238 2135 in
1258 2097 1364 2135 curIa
1383 2109 1470 2134 cum
1497 2094 1696 2134 Harmodii

251 2167 291 2198 et
318 2160 587 2210 Aristogitonis
612 2160 775 2210 posteris
806 2160 889 2197 frui.
947 2159 1098 2197 Deinde
1129 2160 1193 2197 ubi
1223 2159 1390 2211 populus
1418 2144 1694 2197 benevolentiae

251 2228 330 2258 tuae
349 2221 560 2272 periculum
572 2221 674 2266 fecit,
691 2228 756 2258 aut
769 2221 830 2258 ubi
847 2221 1005 2259 oratoris
1019 2221 1200 2259 auxilium
1214 2228 1253 2258 et
1263 2222 1338 2258 vim
1351 2221 1583 2259 declaratam
1602 2221 1694 2258 vidi-

250 2281 364 2320 mus?
396 2282 522 2320 Anibi
540 2294 608 2320 vos
625 2281 787 2319 disertos
807 2294 892 2320 esse
913 2282 1063 2328 dicetis,
1080 2283 1144 2320 ubi
1159 2283 1230 2320 hos
1250 2281 1484 2333 deceperitis,
1499 2295 1586 2320 cum
1602 2284 1694 2320 sub·
1731 2316 1735 2320 ,

251 2343 340 2381 inde
373 2343 510 2381 dicatis
543 2355 621 2380 non
651 2342 763 2380 licere
787 2343 891 2379 vobis
917 2342 1046 2393 egredi
1073 2343 1210 2394 patria,
1237 2355 1315 2380 non
1341 2343 1449 2380 vobis
1468 2343 1589 2380 ullum
1610 2356 1693 2382 esse

249 2405 473 2455 confugium
501 2404 572 2442 nisi
602 2403 652 2441 ad
681 2403 814 2441 horum
839 2403 1171 2442 benevolentiam?
1229 2404 1443 2455 Oportebat
1469 2417 1536 2442 vos
1565 2412 1693 2456 aperte

252 2466 363 2504 dictis
383 2473 421 2503 et
439 2466 551 2503 factis
572 2465 795 2503 adversatos
816 2464 978 2502 decretis
1000 2471 1134 2502 contra
1152 2465 1339 2516 populum
1367 2465 1531 2516 scriptis,
1553 2466 1606 2503 sic
1625 2465 1691 2503 de-

253 2540 357 2564 mum
377 2526 568 2578 postulare
588 2526 693 2564 vobis
721 2525 831 2563 fidem
861 2525 989 2562 haberi
1008 2526 1056 2562 ab
1075 2525 1148 2571 his,
1167 2538 1254 2563 cum
1274 2525 1399 2563 dicitis
1421 2526 1527 2563 vobis
1547 2526 1692 2563 nullam

251 2588 386 2626 salutis
403 2601 508 2638 spem
522 2600 605 2625 esse
624 2587 806 2637 reliquam
824 2580 931 2624 eitra
944 2585 1074 2637 populi
1094 2586 1288 2624 auxilium.
1345 2586 1396 2624 At
1414 2599 1481 2624 vos
1499 2587 1536 2624 in
1555 2589 1695 2626 exteris

253 2661 360 2699 spem
380 2649 544 2693 habetis,
562 2661 648 2685 cum
673 2647 929 2698 contentione·
947 2646 1114 2697 quadam
1136 2646 1406 2685 assentationis
1424 2647 1608 2686 adversus
1627 2662 1694 2688 eos

253 2710 318 2760 qui
333 2723 373 2747 se
388 2709 597 2747 Alexandri
616 2708 812 2759 negotium
833 2721 946 2759 agere
966 2708 1207 2753 confitentur,
1227 2714 1266 2745 et
1284 2708 1388 2745 dona
1413 2709 1460 2745 ab
1478 2707 1610 2747 iisdem
1630 2723 1694 2749 ac-

251 2770 404 2821 cepistis
427 2771 474 2808 ob
495 2784 581 2821 quae
601 2776 758 2808 senatus
780 2769 894 2807 modo
915 2782 981 2806 vos
1001 2768 1148 2814 detulit,
1168 2776 1282 2818 atque
1301 2775 1342 2805 tu
1363 2781 1450 2805 cum
1471 2782 1597 2807 coram
1613 2784 1692 2808 om-

251 2832 363 2869 nibus
385 2831 533 2869 Graecis
557 2845 645 2870 eum
672 2831 862 2869 Nicanore
888 2830 940 2868 sis
965 2830 1177 2868 collocutus
1205 2837 1243 2867 et
1269 2828 1458 2880 Olympiae
1478 2831 1615 2880 quibus
1644 2833 1693 2870 de

250 2892 362 2931 rebus
390 2892 538 2930 voluisti
563 2905 749 2943 responsa
768 2891 972 2941 acceperis,
993 2904 1094 2929 nunc
1123 2890 1375 2928 miserabilem
1404 2899 1439 2928 te
1460 2891 1553 2929 facis
1580 2891 1692 2930 homo
