1870 3277
496 187 567 224 DE
596 186 878 224 CLEONYMI
910 184 1271 222 HEREDITATE.
1527 183 1602 220 309

163 299 247 323 cum
269 287 385 325 Dinia
405 289 618 334 exercebat,
637 297 810 326 nostrum
828 288 866 325 in
886 287 1067 324 damnum
1088 292 1357 338 testamentum
1377 285 1604 337 scripsisset,

163 361 239 398 quo
256 362 330 386 non
348 349 538 388 inimicum
557 350 660 387 ultus
681 357 794 394 esset,
810 349 877 387 sed
893 361 963 386 nos
980 348 1166 390 laesissem
1197 349 1441 399 postmodum
1462 355 1603 393 autern,

163 410 313 448 tametsi
336 425 404 448 nos
425 411 460 448 in
485 412 567 449 sinu
595 419 709 461 atque
738 412 774 447 in
802 410 922 447 oculis
948 409 1221 460 propemodum
1251 417 1456 459 gestasset,
1477 417 1604 447 tamen

162 471 380 512 hereditatis
401 486 480 510 suae
501 480 683 517 exsortes,
705 472 742 509 id
769 470 872 521 quod
900 471 936 508 hi
964 471 1082 514 aiunt,
1104 484 1173 508 nos
1199 470 1391 507 declarare
1420 471 1606 509 voluisset

162 533 224 582 qui
248 534 330 585 ejus
350 547 370 571 e
390 535 503 571 fratre
523 541 682 585 nepotes
703 532 898 570 essemus?
957 532 1115 582 Ecquis,
1136 544 1158 569 o
1178 530 1346 582 judices,
1369 531 1483 568 horno
1502 539 1605 569 recte

161 594 313 644 sapiens
335 595 381 632 de
402 594 731 646 propinquissimis
751 602 829 631 tam
851 593 980 643 iniqua
1001 594 1185 631 decernat
1212 591 1411 641 modisque
1433 605 1523 641 erga
1542 606 1606 630 eos

164 662 289 693 utatur
318 663 394 693 tarn
420 655 747 706 repugnantibus?
804 655 1143 692 Verumenimvero
1167 667 1233 704 per
1259 653 1328 690 has
1348 653 1450 703 ipsas
1470 666 1607 691 causa-

164 716 306 754 tionum
334 717 554 767 frigidarum
582 724 620 754 et
646 717 811 754 inanium
842 716 1058 766 praestigias
1084 715 1233 753 facilem
1261 714 1379 759 vobiS,
1400 727 1423 751 0
1446 714 1609 764 judices,

163 779 274 829 hujus
305 779 377 816 litis
404 778 721 829 disceptationem
749 778 1011 815 reddiderunt.
1070 778 1158 814 Sive
1181 777 1280 813 enini
1303 776 1537 827 Cleonymus
1562 790 1608 814 eo

156 839 270 888 jussit
290 839 551 889 magistratum
573 839 714 877 arcessi
743 852 819 890 quo
840 845 1110 876 testamentum
1134 837 1381 881 rescinderet,
1402 838 1609 886 praetensio

162 899 235 936 illis
266 900 386 936 omnis
412 907 472 937 est
499 907 643 951 erepta,
664 899 892 949 praeclusum
921 907 959 936 et
986 899 1239 949 interceptum
1263 910 1374 934 omne
1398 897 1606 948 effugium:

163 959 218 996 sin
250 968 374 998 autem
406 974 533 998 revera
560 968 639 998 tam
671 961 836 998 furiosus
863 960 935 997 fuit
955 960 1203 1010 Cleonymus,
1226 967 1266 996 ut
1293 958 1435 996 minimi
1460 972 1610 1010 semper

162 1034 232 1058 nos
263 1021 403 1060 faceret
435 1022 672 1060 necessarios
711 1035 802 1059 suos
832 1022 895 1072 qui
935 1028 1014 1058 tum
1055 1020 1240 1071 sanguine
1276 1019 1445 1070 proxime
1482 1020 1608 1071 ipsum

162 1081 438 1131 attingeremus
476 1091 555 1120 turn
594 1097 639 1121 eo
674 1096 823 1135 semper
862 1084 919 1120 usi
959 1082 1162 1120 fuissemus
1199 1080 1498 1126 familiarissime,
1520 1082 1607 1132 jure

163 1156 311 1181 summo
330 1158 410 1188 vos,
432 1158 453 1181 ο
467 1145 635 1196 judices,
657 1145 842 1195 ejusmodi
864 1150 1152 1190 testamentum,
1170 1150 1209 1180 ut
1229 1143 1276 1180 ab
1295 1142 1447 1180 homine
1465 1143 1611 1182 furioso

164 1204 344 1254 scriptum
364 1207 628 1244 rescinderetis
647 1207 732 1257 ipsi.

217 1266 254 1302 6.
286 1266 474 1304 Praeterea
506 1267 576 1304 hoc
606 1280 758 1319 quoque
797 1267 1012 1305 meminisse
1042 1280 1110 1304 vos
1146 1273 1185 1304 et
1220 1266 1268 1304 ad
1306 1266 1470 1303 animum
1500 1267 1610 1305 vobis

164 1339 340 1364 revocare
365 1327 491 1365 velim.
549 1328 803 1379 Cleonymum
832 1328 870 1365 hi
900 1328 1006 1366 aiunt
1031 1341 1077 1366 eo
1103 1328 1244 1365 arcessi
1266 1327 1429 1378 jussisse
1455 1327 1608 1365 aedilem

162 1387 275 1438 idque
301 1389 371 1426 sibi
402 1389 595 1438 negotium
625 1389 891 1432 demandasse,
916 1402 992 1439 quo
1019 1389 1212 1427 decretam
1241 1395 1280 1425 et
1308 1389 1488 1439 scriptam
1516 1388 1609 1439 ipsis

163 1448 405 1487 donationem
433 1451 690 1494 confirmaret,
714 1457 751 1487 et
781 1450 1027 1488 nihilominus
1057 1456 1183 1487 tamen
1212 1449 1300 1486 huic
1329 1451 1511 1487 mandato
1539 1450 1610 1487 ad-

164 1512 303 1548 versari
335 1512 673 1562 magistratumque
694 1524 715 1549 a
734 1511 897 1562 collegio
924 1511 1150 1562 deputatum
1172 1524 1248 1547 non
1270 1510 1511 1548 solummodo
1532 1524 1608 1548 non

163 1585 367 1618 arcessere,
388 1573 455 1610 sed
483 1575 595 1610 etiam
623 1573 721 1610 ultro
743 1574 953 1610 venientem
982 1573 1188 1610 excludere
1216 1572 1358 1609 foribus
1385 1571 1467 1609 ausi
1497 1579 1608 1610 sunt:

164 1640 306 1671 etcum
329 1642 485 1684 possent
511 1635 692 1672 alterutro
720 1643 821 1672 certe
851 1635 960 1684 potiri
987 1635 1034 1671 de
1061 1634 1211 1671 duobus
1235 1632 1459 1675 commodis,
1479 1640 1522 1670 ut
1542 1640 1609 1671 aut

164 1695 408 1733 hereditatem
439 1697 511 1734 hoc
539 1697 678 1733 certius
705 1705 818 1746 atque
849 1696 1136 1733 indubitabilius
1164 1695 1347 1732 haberent
1367 1701 1479 1744 atque
1500 1701 1607 1732 tene-

165 1764 260 1801 rent,
280 1765 346 1794 aut
365 1758 565 1808 Cleonymi
594 1759 623 1795 si
654 1759 777 1795 minus
804 1758 986 1795 mandata
1013 1758 1181 1795 facerent
1210 1757 1246 1793 in
1276 1756 1520 1794 offensionem
1550 1757 1606 1794 in-

163 1826 369 1864 currerent,
389 1819 493 1856 illum
525 1814 663 1856 laedere
692 1833 807 1870 quam
833 1820 975 1856 donum
1006 1820 1053 1856 ab
1079 1819 1211 1856 eodem
1242 1817 1433 1868 percipere
1463 1817 1607 1855 malue-

165 1887 263 1916 runt.
321 1881 435 1930 Atqui
466 1881 555 1918 nihil
587 1881 644 1918 his
672 1880 930 1918 incredibilius
959 1893 1043 1918 esse
1069 1887 1214 1930 potest:
1249 1892 1316 1916 eos
1343 1878 1518 1916 videlicet
1545 1879 1609 1928 qui

164 1942 346 1979 arcessito
366 1942 592 1991 magistratu
612 1948 757 1979 tantum
781 1942 925 1979 lucrum
946 1948 1076 1978 essent
1095 1940 1331 1990 acquisituri,
1348 1940 1458 1990 quasi
1480 1940 1609 1977 damni

164 2011 388 2046 metuerent,
410 2017 431 2041 a
451 2004 618 2041 mandati
641 2004 888 2041 exsecutione
915 2002 1166 2044 abstinuisse;
1200 2001 1453 2051 Cleonymum
1481 2007 1606 2038 autem

165 2065 297 2102 horum
327 2065 494 2103 utilitatis
524 2074 666 2103 tantam
696 2078 823 2102 curam
852 2065 1015 2114 gessisse
1042 2072 1084 2101 ut
1110 2070 1149 2101 et
1169 2063 1391 2113 Posidippo,
1410 2062 1474 2112 qui
1501 2076 1608 2100 man-

165 2127 294 2164 datum
324 2128 568 2178 neglexisset,
589 2129 828 2173 irasceretur,
848 2135 885 2166 et
911 2127 1084 2165 Dioclem
1108 2134 1149 2164 ut
1169 2127 1205 2163 in
1227 2127 1434 2165 crastinum
1456 2134 1610 2164 vocaret

165 2191 426 2246 magistratum
462 2200 622 2240 rogaret.
682 2190 844 2235 Quodsi,
873 2203 895 2227 o
923 2189 1003 2233 viri,
1034 2195 1264 2226 testamento
1300 2189 1374 2226 illis
1412 2189 1610 2239 legaverat

166 2251 401 2298 Cleonymus
432 2252 648 2297 facultates,
679 2259 720 2288 ut
754 2251 826 2302 ipsi
864 2251 982 2294 aiunt,
1013 2250 1144 2287 mirum
1182 2250 1272 2287 mihi
1311 2249 1472 2293 videtur,
1503 2250 1606 2300 quod

164 2313 405 2350 emendando
426 2313 569 2350 firmius
589 2314 683 2350 illud
705 2327 744 2350 se
765 2312 989 2350 effecturum
1019 2311 1312 2349 existimaverit:
1342 2311 1475 2360 reliqui
1506 2312 1605 2347 enim

164 2373 352 2419 homines,
389 2387 474 2411 cum
514 2382 785 2412 testamentum
824 2374 1069 2424 scripserunt,
1108 2374 1220 2410 finem
1260 2372 1430 2409 donandi
1474 2372 1607 2408 fecisse

163 2443 313 2487 putant.
372 2436 521 2479 Quodsi
549 2436 688 2473 addere
719 2436 861 2485 aliquid
886 2436 966 2486 jam
998 2435 1147 2485 scriptis
1168 2433 1301 2477 voluit,
1323 2445 1388 2469 cur
1414 2432 1608 2469 codicillos

164 2511 239 2535 non
261 2498 442 2543 condidit,
459 2499 638 2548 quoniam
659 2498 783 2547 ipsum
804 2497 1021 2535 testamenti
1044 2495 1258 2546 exemplum
1281 2507 1302 2532 a
1322 2494 1607 2543 magistratibus

163 2561 310 2597 auferre
333 2573 406 2597 non
429 2560 630 2610 potuerat?
688 2560 737 2597 Et
757 2560 910 2597 abolere
930 2558 1083 2609 quidem
1105 2557 1255 2594 nonnisi
1275 2569 1357 2593 eam
1380 2555 1604 2605 scripturam

165 2630 326 2671 poterat,
346 2636 456 2672 quarn
489 2623 590 2672 apud
622 2622 864 2671 magistratus
891 2622 1141 2671 deposuerat:
1177 2618 1313 2654 licebat
1335 2626 1459 2654 tamen
1483 2617 1606 2655 eidem

163 2683 273 2719 aliam
295 2684 473 2727 condere,
495 2684 523 2720 si
544 2683 791 2727 collibuisset,
811 2695 1039 2731 omnemque
1060 2680 1168 2717 nobis
1188 2680 1223 2716 in
1246 2686 1437 2728 posterum
1458 2687 1605 2716 contro-

163 2744 325 2780 versiam
356 2745 402 2781 ‹le
437 2745 559 2781 medio
594 2745 736 2782 tollere.
797 2746 909 2781 Nunc
947 2745 976 2780 si
1011 2744 1105 2779 forte
1139 2739 1415 2783 concedamus,
1447 2740 1608 2778 voluisse

165 2805 419 2854 Cleonymum
449 2807 599 2843 tabulas
633 2807 850 2849 emendare,
882 2806 963 2855 jam
993 2811 1095 2840 certe
1125 2803 1301 2839 omnibus
1340 2810 1443 2851 patet
1473 2815 1512 2839 se
1542 2815 1604 2839 eas

164 2874 262 2902 recto
285 2866 417 2902 secisse
439 2879 513 2903 non
536 2880 620 2904 esse
640 2868 876 2904 arbitratum.
933 2866 1058 2914 Atque
1079 2877 1125 2901 ex
1150 2863 1220 2900 hoc
1242 2863 1353 2900 etiam
1377 2863 1608 2900 adversario-

165 2941 244 2964 rum
277 2927 545 2977 impudentiam
577 2928 724 2971 discite,
750 2929 812 2977 qui
841 2927 933 2964 illud
960 2933 1229 2963 testamentum
1259 2933 1381 2961 ratum
1410 2939 1494 2962 esse
1515 2938 1605 2960 con-
