1870 3277
271 187 343 224 100
860 189 1144 228 {SOCRATIS

263 293 556 332 concionantur.
617 295 819 333 Enimvero
840 295 1004 332 decebat
1026 308 1106 339 vos,
1137 295 1166 332 si
1200 294 1391 344 publicam
1422 294 1623 332 utilitatem
1649 308 1735 345 spe-

266 357 433 401 ctaretis,
461 357 647 395 attentius
673 371 738 395 eos
770 357 901 393 audire
927 356 991 406 qui
1020 357 1285 394 voluntatibus
1314 356 1452 393 vestris
1485 357 1739 393 adversantur

269 432 384 468 quam
414 421 502 459 illos
523 422 588 472 qui
618 428 866 459 assentantur
888 420 1038 461 omnia:
1071 433 1141 457 nec
1162 420 1263 457 enim
1292 419 1492 469 ignoratis,
1522 421 1569 456 ab
1598 420 1654 456 his
1674 419 1737 469 qui

269 493 314 517 ea
333 493 421 530 quae
443 482 557 520 vultis
584 496 629 520 ex
656 483 728 519 hoc
757 481 843 519 loco
864 481 998 518 dicunt
1026 481 1137 518 facile
1159 495 1226 519 vos
1249 494 1364 532 posse
1387 481 1667 531 decipi—nam
1690 480 1738 517 ad

266 545 501 596 voluptatem
535 547 727 585 audientis
758 546 934 583 instituta
961 545 1083 582 oratio
1112 546 1222 595 quasi
1256 547 1433 583 tenebras
1461 544 1741 582 circumfundit

267 608 474 657 quominus
496 608 532 645 id
553 608 658 658 quod
682 607 925 645 utilissimum
948 613 1008 644 est
1028 607 1261 657 perspiciatis
1282 629 1346 651 —,
1368 608 1415 644 ab
1436 606 1494 643 his
1524 612 1652 643 autem
1674 605 1738 655 qui

268 669 510 707 consulendo
533 676 697 707 vestram
720 669 883 719 gratiam
905 681 980 706 non
1004 677 1248 719 aucupantur
1268 668 1360 705 nibil
1384 675 1440 706 est
1463 668 1541 705 tale
1562 674 1737 704 metuen-

267 731 382 770 dum:
415 732 522 770 nullo
542 734 643 770 enim
663 733 780 769 modo
800 745 866 770 vos
883 744 905 769 a
922 730 1112 768 sententia
1129 731 1340 776 abducent,
1358 730 1429 768 nisi
1447 730 1536 780 quid
1557 728 1739 779 expediat

269 793 556 831 evidentissime
586 793 903 831 demonstrarint.
963 792 1158 830 Praeterea
1185 793 1249 842 qui
1279 792 1359 829 fieri
1381 799 1508 843 potest
1531 799 1572 828 ut
1592 791 1658 827 ulli
1680 789 1738 827 vel

273 854 320 892 de
342 856 544 906 praeteritis
564 863 668 895 recte
684 856 864 907 judicent
880 855 939 893 vel
961 855 1009 893 de
1029 855 1167 893 futuris
1188 855 1397 906 prudenter
1419 855 1646 899 deliberent,
1667 853 1738 890 nisi

268 917 481 955 contrarias
512 918 611 956 inter
632 931 672 956 se
691 917 858 956 rationes
885 917 1101 963 conferant,
1122 924 1161 955 et
1183 929 1313 967 aequos
1344 917 1515 968 utrisque
1543 915 1738 954 auditores

270 991 311 1017 se
331 979 562 1030 praebeant?

322 1042 361 1078 4.
392 1040 513 1078 Miror
540 1040 719 1091 equidem
749 1052 876 1091 neque
905 1053 1017 1079 senes
1046 1040 1175 1078 adbuc
1203 1040 1436 1085 meminisse,
1456 1052 1582 1090 neque
1609 1037 1740 1076 adole-

267 1108 420 1139 scentes
449 1114 470 1139 e
497 1115 694 1152 quoquam
720 1101 931 1145 audivisse,
952 1115 1018 1152 per
1047 1114 1112 1138 eos
1134 1101 1199 1151 qui
1227 1114 1361 1151 pacem
1390 1100 1630 1138 retinendam
1653 1111 1741 1136 esse

267 1171 502 1201 monuerunt
528 1163 620 1201 nihil
648 1175 818 1213 unquam
848 1163 957 1200 nobis
985 1162 1172 1200 accidisse
1195 1163 1296 1208 mali,
1318 1175 1383 1200 eos
1405 1168 1532 1200 autem
1555 1161 1618 1211 qui
1641 1160 1742 1198 bella

266 1230 409 1262 temere
431 1231 685 1275 susceperunt
705 1237 774 1262 nos
797 1223 833 1260 in
856 1224 994 1262 multas
1008 1224 1089 1275 jam
1113 1231 1150 1262 et
1171 1237 1332 1274 magnas
1354 1223 1486 1262 clades
1509 1221 1739 1273 conjecisse.

269 1286 367 1329 Quae
388 1299 457 1323 nos
476 1286 629 1324 minime
650 1286 687 1323 in
709 1286 933 1323 memoriam
956 1299 1197 1331 revocamus,
1219 1285 1300 1330 sed,
1321 1299 1440 1335 quum
1462 1286 1576 1323 rebus
1599 1283 1739 1322 nostris

266 1361 313 1386 ea
329 1347 476 1385 ratione
497 1348 601 1386 haud
623 1347 862 1393 consulatur,
884 1355 1011 1386 tamen
1032 1347 1155 1398 parati
1177 1360 1309 1384 sumus
1330 1354 1368 1384 et
1387 1346 1553 1384 classem
1576 1347 1611 1383 in
1635 1358 1739 1383 mare

267 1409 460 1447 deducere
490 1416 528 1447 et
554 1410 697 1447 tributa
724 1409 900 1447 conferre
922 1416 960 1446 et
980 1408 1157 1446 auxiliari
1177 1415 1215 1446 et
1234 1408 1336 1446 bella
1365 1408 1502 1446 inferre
1526 1408 1741 1459 quibusvis,

266 1471 380 1521 quasi
405 1471 539 1509 alienae
565 1471 670 1508 urbis
697 1471 866 1521 periculo
894 1471 1136 1509 dimicemus.
1195 1471 1323 1521 Hujus
1343 1470 1395 1508 rei
1424 1483 1540 1508 causa
1562 1471 1645 1507 haee
1666 1476 1740 1516 est,

266 1532 371 1582 quod
398 1545 515 1582 quum
547 1532 766 1583 respublica
800 1545 875 1569 non
911 1532 1048 1570 minori
1083 1545 1185 1570 curae
1205 1532 1314 1569 vobis
1346 1545 1430 1569 esse
1455 1532 1599 1570 debeat
1623 1544 1739 1582 quam

267 1593 431 1644 privata,
451 1606 543 1643 erga
563 1593 666 1630 illam
691 1606 768 1630 non
790 1594 925 1630 eodem
950 1593 1077 1630 animo
1099 1593 1223 1631 affecti
1245 1593 1352 1638 estis,
1377 1593 1442 1630 sed
1465 1606 1583 1644 quum
1604 1592 1740 1630 vestris

269 1656 317 1693 de
337 1656 454 1693 rebus
477 1655 711 1700 deliberatis,
733 1655 769 1692 in
791 1654 993 1692 consilium
1023 1655 1213 1692 adhibetis
1235 1667 1299 1692 eos
1320 1654 1384 1705 qui
1406 1654 1611 1705 prudentia
1631 1653 1740 1692 vobis

267 1717 523 1761 antecellunt,
545 1730 665 1767 quum
695 1723 824 1754 autem
852 1716 899 1754 de
926 1717 1126 1767 republica
1151 1717 1396 1763 convenistis,
1418 1717 1561 1755 talibus
1582 1717 1739 1767 quidem

266 1778 441 1816 diffiditis
475 1784 515 1816 et
543 1778 745 1821 invidetis3
788 1778 1093 1828 improbissimos
1125 1792 1215 1816 vero
1250 1792 1379 1816 eorum
1411 1779 1475 1829 qui
1511 1786 1738 1830 suggestum

268 1841 538 1879 conscendunt
557 1840 682 1878 colitis
702 1847 740 1878 et
759 1839 1025 1890 populariores
1045 1853 1131 1878 esse
1151 1840 1290 1878 ducitis
1312 1840 1436 1877 ebrios
1456 1854 1569 1891 quam
1593 1841 1739 1878 sobrios

267 1908 306 1939 et
328 1908 501 1939 amentes
521 1914 638 1952 quam
654 1902 835 1939 cordatos
852 1909 888 1939 et
906 1915 973 1939 eos
991 1902 1055 1952 qui
1072 1902 1266 1953 publicam
1285 1903 1485 1953 pecuniam
1503 1902 1740 1940 distribuunt

267 1976 384 2013 quam
413 1963 485 2001 hos
516 1963 582 2014 qui
614 1962 663 2000 de
701 1976 770 2001 sua
801 1976 841 2000 re
875 1963 1051 2001 familiari
1080 1977 1239 2001 munera
1260 1964 1368 2001 vobis
1395 1965 1550 2002 obeunt.
1609 1966 1740 2007 Quare

268 2024 406 2062 mirum
428 2032 499 2070 est,
517 2037 741 2076 quenquam
762 2038 849 2062 esse
869 2025 934 2075 qui
956 2031 1085 2076 speret
1102 2026 1192 2063 dum
1214 2025 1252 2063 hi
1272 2026 1515 2064 consultores
1532 2026 1741 2065 audiuntur

268 2089 404 2127 melius
426 2096 554 2127 actum
576 2089 622 2127 iri
637 2102 725 2127 cum
745 2089 959 2140 republica.

323 2153 360 2187 5.
392 2151 480 2200 Ego
500 2163 589 2188 vero
608 2163 723 2201 quam
748 2151 911 2188 arduum
933 2151 981 2188 sit
997 2151 1189 2189 adversari
1211 2152 1347 2189 vestris
1364 2152 1639 2203 cupiditatibus
1660 2166 1736 2190 non

268 2213 417 2262 ignoro,
439 2217 490 2257 et,
511 2225 630 2261 quum
652 2212 850 2263 popularis
882 2213 1099 2263 respublica
1125 2214 1186 2257 sit,
1211 2226 1286 2250 non
1308 2226 1394 2250 esse
1416 2213 1647 2259 libertatem,
1667 2215 1739 2252 nisi

267 2275 330 2312 hic
356 2274 615 2312 stolidissimis
636 2274 828 2324 vestrique
855 2274 1200 2324 contemptoribus,
1221 2274 1258 2311 in
1286 2274 1436 2312 theatro
1463 2276 1738 2313 comoediarum

268 2335 464 2373 actoribus
487 2357 534 2362 —-
554 2335 671 2385 idque
702 2335 873 2372 omnium
904 2336 1192 2373 acerbissimum
1223 2342 1296 2385 est,
1317 2335 1354 2373 in
1383 2337 1524 2387 majore
1546 2337 1648 2388 apud
1671 2351 1738 2375 vos

269 2410 335 2434 eos
356 2404 438 2434 e'sse
461 2396 584 2446 gratia
603 2395 666 2446 qui
689 2395 832 2433 delicta
851 2396 954 2433 urbis
976 2404 1119 2434 nostrae
1150 2397 1252 2434 foras
1275 2397 1324 2434 ad
1346 2396 1439 2434 alios
1463 2397 1625 2436 Graecos
1645 2399 1737 2437 effe-

271 2464 375 2503 runt,
395 2470 511 2507 quam
533 2469 598 2494 eos
618 2456 685 2507 qui
705 2456 753 2494 de
774 2456 882 2494 vobis
912 2458 1009 2494 bene
1030 2466 1237 2502 merentur,
1259 2457 1320 2495 his
1340 2471 1431 2495 vero
1453 2459 1517 2508 qui
1547 2461 1739 2510 castigant

273 2527 340 2558 aut
359 2526 519 2558 monent
537 2520 591 2557 ita
610 2519 784 2557 infensos
805 2526 844 2556 et
864 2519 1013 2569 iniquos
1036 2533 1123 2558 esse
1142 2534 1221 2566 vos,
1246 2521 1355 2571 quasi
1375 2528 1511 2558 contra
1531 2523 1739 2573 rempubli-

270 2595 355 2620 cam
377 2582 564 2619 fecissent
582 2594 661 2619 -ε
692 2581 863 2631 quamvis
885 2581 1000 2631 igitur
1020 2581 1104 2620 haec
1125 2582 1178 2619 ita
1199 2582 1289 2627 sint,
1312 2595 1389 2619 non
1411 2588 1540 2620 tamen
1564 2585 1610 2620 ab
1630 2584 1739 2622 insti»

271 2650 355 2681 tuto
377 2655 462 2681 meo
482 2643 676 2681 recedam.
736 2642 825 2680 Non
855 2642 956 2679 enim
986 2642 1063 2681 huc
1093 2643 1216 2694 prodii
1247 2644 1488 2694 gratificandi
1518 2646 1641 2694 gratia
1672 2655 1739 2685 aut

272 2705 522 2755 magistratus
544 2704 738 2742 ambiendi
759 2717 891 2748 causa,
914 2704 981 2741 sed
1004 2711 1046 2742 ut
1065 2718 1111 2742 ea
1129 2717 1215 2754 quae
1244 2704 1367 2742 sentio
1388 2705 1553 2743 dicerem
1574 2707 1737 2756 primum

272 2766 320 2803 de
338 2766 382 2802 iis
402 2765 450 2802 de
470 2765 609 2815 quibus
628 2766 810 2804 consules
828 2766 1014 2811 referunt,
1036 2773 1172 2817 postea
1188 2765 1236 2803 de
1257 2767 1407 2804 caeteris
1429 2767 1649 2818 reipublicae
1671 2783 1735 2808 ne-

271 2827 409 2879 gotiis:
440 2840 513 2865 nec
533 2828 634 2865 enim
654 2828 732 2866 ulla
751 2829 822 2866 erit
842 2828 1008 2868 decretae
1027 2829 1134 2879 pacis
1163 2828 1323 2876 utilitas,
1345 2829 1415 2867 nisi
1443 2831 1592 2869 caeteris
1620 2833 1734 2871 etiam

270 2891 384 2928 rebus
404 2895 510 2927 recte
529 2890 850 2928 consuluerimus.

324 2952 363 2989 6.
393 2950 538 2990 Pacem
567 2950 683 3001 igitur
707 2964 789 2989 esse
819 2951 1035 2989 faciendam
1064 2964 1202 2990 censeo
1223 2964 1299 2990 non
1322 2952 1436 2990 modo
1456 2965 1542 2991 cum
1568 2954 1673 2993 Chiis
1696 2964 1735 2994 et
