1870 3277
227 149 303 183 220
813 142 1097 181 lsOCRATls

228 253 412 290 adversus
433 263 491 289 me
518 249 686 288 absurda
711 248 916 288 commissa
942 248 1030 292 sint,
1058 247 1367 298 indignissimum
1388 248 1552 285 omnium
1576 248 1676 285 acci-

229 314 349 358 deret,
373 312 402 349 si
423 312 445 350 ii
466 313 530 363 qui
551 312 640 350 mihi
655 312 804 349 divitias
821 309 1023 355 dederunt,
1039 316 1182 347 tantam
1205 309 1372 346 habeant
1392 309 1479 346 mihi
1501 310 1676 360 gratiam,

231 383 274 412 ut
293 376 405 412 etiam
427 387 528 412 nunc
544 386 602 411 me
618 374 768 412 colant:
803 385 868 409 vos
885 379 1026 416 autem,
1043 372 1077 408 in
1094 384 1191 421 qnos
1213 383 1295 407 mea
1317 371 1528 421 absumpsi,
1544 383 1676 421 poenas

232 437 393 487 cupiatis
414 436 461 473 de
488 448 547 473 me
575 448 737 473 sumere.
795 434 916 471 Immo
943 434 1068 470 adhuc
1098 433 1289 483 indignius
1310 432 1513 478 videretur,
1539 433 1568 470 si
1592 433 1679 470 Pin-

235 498 368 535 darum
395 505 545 548 poetam
578 496 738 546 majores
771 499 888 533 nostri
916 496 964 533 ob
986 507 1098 532 unam
1122 508 1266 538 vocem,
1289 494 1390 544 quod
1413 494 1557 531 scilicet
1584 494 1681 531 hanc

236 561 366 598 urbem
402 570 792 597 PROPUGNACULUM
836 557 1030 595 GitAEfflAE
1059 556 1279 601 nominavit,
1313 557 1361 593 ita
1388 554 1609 593 lionorarint
1643 560 1685 591 ut

238 635 323 658 euni
345 629 382 659 et
403 634 611 671 proxenum
633 620 795 657 fecerint
814 627 852 656 et
866 619 999 657 decem
1018 618 1182 655 millibus
1201 617 1467 655 drachmarum
1486 616 1684 659 ‹lonarint;

240 683 328 720 milii
351 690 491 727 antem,
513 683 577 732 qui
605 681 745 732 saepius
774 688 812 719 et
838 681 1008 731 pulcrius
1035 681 1164 717 urbem
1195 693 1237 717 ac
1259 680 1420 730 majores
1442 687 1589 717 nostros
1609 679 1688 716 lau-

242 745 340 787 davi,
363 758 409 782 ne
430 752 508 782 tute
528 744 684 794 quidem
707 744 831 781 vivere
851 743 962 781 liceat
982 742 1086 792 quod
1108 743 1196 779 vitae
1218 749 1404 793 superest.
1453 743 1598 778 Contra
1617 741 1687 778 lias

241 807 356 857 igitur
378 815 415 844 et
434 814 594 844 caeteras
614 805 883 843 accusationes
905 805 1159 842 sufficientem
1181 817 1264 841 esse
1285 811 1378 854 puto
1399 818 1484 854 quae
1508 804 1612 842 dicta
1631 811 1690 841 est

245 869 520 906 defensionem.

299 923 386 959 ‘262‘
422 924 480 959 ll.
513 924 569 960 Ac
601 935 648 960 ne
683 922 775 959 illud
805 922 958 972 quidem
995 921 1181 971 gravabor
1209 933 1335 958 coram
1370 922 1476 958 vobis
1511 920 1694 958 veraciter

246 984 402 1034 aperire,
425 983 618 1033 quomodo
645 983 791 1021 scilicet
812 983 847 1019 in
871 982 1048 1032 praesenti
1075 981 1243 1032 periculo
1264 982 1332 1019 sim
1355 981 1526 1025 affectus,
1547 989 1585 1018 et
1603 981 1693 1031 quid

248 1054 362 1082 antea
383 1044 430 1082 de
451 1058 496 1082 eo
518 1045 714 1082 senserim.
773 1044 859 1094 Ego
880 1056 948 1094 pro
968 1057 1027 1081 me
1049 1044 1133 1094 ipso
1153 1056 1312 1094 magnas
1335 1057 1424 1093 spes
1446 1044 1622 1093 gerebam
1643 1043 1697 1080 fe-

248 1107 371 1145 liciter
403 1120 461 1144 me
482 1119 636 1144 causam
660 1106 874 1150 dicturum;
907 1119 994 1144 nam
1015 1106 1101 1143 vitae
1122 1119 1216 1143 meae
1235 1107 1432 1157 gestisque
1457 1106 1697 1144 confidebam

249 1168 445 1219 multaque
465 1176 502 1206 et
523 1169 629 1220 justa
658 1169 840 1220 putabam
869 1181 981 1218 posse
1004 1181 1062 1205 me
1091 1180 1160 1218 pro
1189 1167 1246 1205 his
1274 1168 1425 1206 dicere:
1458 1181 1544 1206 cum
1573 1176 1699 1205 autem

253 1231 325 1268 vidi
347 1231 444 1268 male
471 1229 629 1268 affectos
656 1243 748 1281 erga
775 1230 1004 1280 eloquentiae
1036 1229 1274 1281 disciplinam
1303 1243 1378 1268 non
1399 1243 1465 1268 eos
1495 1230 1617 1267 solum
1638 1230 1702 1280 qui

254 1292 379 1330 solent
397 1293 574 1330 omnibus
594 1305 678 1330 esse
697 1292 848 1336 infensi,
868 1305 994 1328 verum
1022 1292 1134 1329 etiam
1154 1305 1201 1329 ex
1220 1292 1301 1329 aliis
1323 1292 1466 1330 civibus
1487 1292 1703 1342 complures

254 1355 290 1391 in
312 1366 393 1391 eam
420 1362 678 1404 exasperatos,
705 1355 885 1391 timebam
918 1366 964 1390 ne
991 1353 1137 1403 privata
1156 1345 1305 1403 quidem
1336 1366 1422 1391 mea
1446 1366 1562 1391 causa
1583 1353 1704 1403 negli-

256 1423 422 1466 geretur,
441 1429 489 1453 ex
512 1415 679 1466 generali
693 1422 819 1452 autem
837 1414 1081 1452 accusatione
1095 1428 1179 1464 qnoe
1198 1415 1233 1451 in
1250 1415 1442 1465 sophistas
1454 1415 1706 1464 fitindignum

257 1477 398 1527 aliquid
432 1484 594 1527 paterer.
652 1477 728 1514 Sed
758 1476 854 1513 enim
880 1489 995 1525 quum
1018 1476 1284 1526 progrediente
1315 1484 1484 1527 tempore
1506 1477 1705 1527 coepissem

259 1546 436 1588 reputare
456 1545 492 1575 et
513 1537 698 1588 dispicere
719 1538 810 1588 quid
830 1538 1008 1588 praesenti
1027 1538 1182 1587 negotio
1201 1538 1404 1582 conferret,
1424 1538 1593 1576 timorem
1623 1551 1709 1575 eum

262 1613 306 1638 ac
328 1600 619 1650 trepidationem
646 1599 793 1641 dimisi;
828 1612 949 1648 neque
973 1599 1011 1635 id
1037 1606 1190 1644 temere,
1211 1599 1278 1636 sed
1300 1613 1346 1635 ex
1371 1600 1488 1650 justis
1515 1600 1713 1638 momentis

264 1661 494 1699 ratiocinans
526 1673 569 1697 ac
603 1661 809 1697 consolans
842 1673 900 1698 me
931 1661 1078 1710 ipsum:
1111 1673 1196 1697 nam
1228 1661 1327 1698 viros
1357 1674 1486 1711 aequos
1519 1675 1566 1699 ex
1591 1663 1712 1708 vobis,

265 1722 367 1774 apud
387 1735 484 1772 quos
505 1735 578 1772 ego
600 1723 790 1772 loquerer,
811 1721 976 1759 sciebam
992 1734 1067 1758 non
1081 1733 1235 1758 manere
1257 1722 1294 1758 in
1315 1722 1554 1772 opinionibus
1576 1724 1714 1774 injuste

266 1784 473 1836 susceptis,
495 1784 562 1821 sed
583 1784 780 1821 veritatem
800 1782 905 1833 sequi
927 1790 1039 1833 atque
1061 1783 1202 1833 ajusta
1228 1783 1441 1821 dicentibus
1460 1784 1507 1821 de
1529 1786 1717 1823 sententia
1737 1796 1742 1799 ·

267 1847 431 1889 deduci:
467 1853 547 1883 tum
577 1844 855 1897 philosophiam
886 1844 1147 1882 existimabam
1170 1845 1339 1895 pluribus
1368 1847 1602 1896 argumentis
1633 1861 1718 1897 pro-

267 1912 356 1948 bare
378 1923 436 1947 me
457 1922 569 1960 posse
599 1908 735 1958 injuria
756 1907 974 1957 vituperari,
1002 1907 1198 1958 multoque
1219 1908 1365 1958 potiore
1385 1911 1472 1956 jure
1503 1922 1585 1946 eam
1614 1909 1720 1961 diligi

269 1985 382 2023 quam
414 1971 501 2009 odio
532 1970 674 2008 haberi.
734 1970 864 2019 Atque
893 1969 931 2007 in
963 1968 1035 2006 hac
1069 1982 1161 2007 sane
1193 1970 1382 2007 sententia
1411 1970 1537 2008 adhuc
1569 1984 1718 2009 maneO.

274 2035 407 2084 Neque
429 2046 538 2084 porro
563 2031 776 2069 mirandum
803 2037 860 2068 est
886 2031 917 2068 si
937 2044 1013 2081 qua
1034 2031 1176 2082 optima
1203 2032 1328 2069 studia
1356 2032 1519 2082 ignorari
1540 2046 1584 2071 ae
1605 2033 1721 2071 latere

273 2094 483 2145 contingat,
507 2106 631 2144 neque
650 2093 680 2130 si
710 2092 885 2130 nonnulli
911 2092 1048 2130 falsam
1069 2091 1117 2130 de
1137 2092 1181 2129 iis
1210 2093 1423 2143 opinionem
1444 2095 1722 2133 contraxerint:

276 2162 361 2194 narn
382 2156 488 2207 paria
510 2168 602 2206 erga
622 2168 690 2192 nos
709 2154 814 2205 ipsos
835 2161 871 2192 et
891 2167 984 2205 erga
1009 2154 1084 2191 alia
1103 2153 1302 2192 innumera
1320 2169 1389 2193 nos
1411 2157 1488 2207 pati
1509 2156 1723 2207 deprehen-

276 2218 422 2256 demur.
481 2216 580 2253 Urbs
608 2215 748 2266 quippe
769 2222 900 2253 nostra
924 2229 1012 2266 quae
1038 2215 1243 2253 multorum
1273 2217 1459 2255 bonorum
1487 2224 1524 2255 et
1546 2231 1646 2256 nunc
1667 2225 1732 2257 est»

278 2286 316 2317 et
335 2279 423 2316 olim
445 2278 515 2315 fuit
534 2290 652 2315 causa
678 2277 824 2314 civibus
851 2277 930 2315 suis
958 2278 1184 2328 caeterisque
1205 2277 1367 2324 Graecis,
1388 2279 1592 2332 multisque
1621 2294 1725 2318 com·

280 2340 526 2379 moditatibus
540 2339 722 2383 abundat,
738 2339 808 2377 hoe
822 2339 936 2377 habet
949 2339 1353 2386 incommoffissimum,
1364 2341 1467 2391 quod
1482 2349 1635 2393 propter
1648 2356 1729 2380 am·

279 2402 503 2455 plitudinem
525 2409 640 2451 atque
670 2400 878 2438 incolarum
910 2401 1189 2439 multitudinem
1212 2415 1289 2439 non
1317 2402 1415 2441 adeo
1435 2403 1592 2441 oculato
1613 2405 1729 2442 utitur

282 2473 538 2513 accuratoque
553 2461 714 2514 judicic,
733 2462 798 2499 sed
821 2462 999 2500 torrentis
1021 2475 1137 2508 more,
1160 2471 1201 2500 ut
1216 2464 1396 2515 quodque
1416 2465 1638 2516 corripuerit
1653 2466 1730 2504 sive

284 2526 456 2564 homines
481 2525 559 2563 sive
585 2538 656 2571 res,
683 2525 736 2563 sic
764 2525 878 2562 trahit
897 2526 934 2562 in
963 2538 1147 2576 praecepS,
1175 2532 1214 2563 et
1240 2526 1464 2564 contrariam
1490 2527 1628 2565 debitae
1650 2529 1732 2579 opi-

285 2588 434 2625 nionem
455 2587 685 2638 quibusdam
711 2586 881 2637 affingit;
914 2586 1017 2637 quod
1037 2586 1124 2623 huic
1146 2600 1301 2637 qnoque
1327 2588 1488 2638 contigit
1506 2588 1732 2639 disciplinae.

287 2650 384 2691 Quae
405 2661 472 2686 vos
496 2655 716 2699 reputantes
743 2661 809 2699 par
837 2654 896 2686 est
924 2647 1031 2686 nulla
1061 2647 1107 2685 de
1139 2661 1178 2685 re
1213 2648 1293 2686 sine
1326 2649 1470 2687 ratione
1504 2651 1732 2690 sententiam

288 2710 399 2755 ferre,
421 2723 544 2760 neque
565 2709 618 2748 sic
639 2709 764 2748 animo
777 2716 1017 2761 comparatos
1039 2722 1125 2747 esse
1144 2723 1232 2747 cum
1248 2710 1311 2761 jus
1327 2710 1453 2748 dicitis
1473 2712 1564 2749 utin
1580 2713 1733 2763 privatis

289 2771 628 2822 disputationibus,
651 2771 720 2809 sed
742 2784 1043 2823 unamquamque
1063 2784 1141 2809 rem
1161 2772 1365 2822 diligenter
1384 2773 1620 2824 perpendere
1639 2776 1737 2813 veri-

292 2841 484 2884 tatemque
512 2833 708 2884 indagare,
734 2833 982 2884 jurisjurandi
1009 2846 1195 2872 memores
1219 2840 1334 2885 atque
1355 2833 1500 2884 legum,
1522 2837 1735 2874 secundum

292 2908 386 2945 quas
408 2895 637 2933 convenistis
652 2895 876 2945 judicaturi.
935 2896 1006 2935 Est
1027 2899 1153 2934 autem
1174 2909 1251 2934 non
1277 2896 1323 2934 de
1344 2895 1467 2946 parvis
1489 2910 1603 2936 causa
1623 2899 1735 2949 etju-
