1870 3277
274 171 350 207 108
878 168 1165 208 lSOCRATlS

327 274 393 309 24.
426 270 542 316 Quod
571 271 600 309 si
636 271 736 309 ultro
758 271 979 323 reipublicae
1010 278 1155 310 nostrae
1191 272 1420 316 deferretur,
1443 285 1490 310 ne
1516 273 1570 310 sic
1594 272 1750 323 quidem

272 334 354 372 fore
388 332 673 384 accipiendum,
705 347 751 371 ex
779 347 825 372 eo
852 333 943 371 mihi
976 346 1091 385 posse
1112 333 1296 372 videmini
1325 334 1611 385 quamprimum
1637 333 1750 371 intel-

272 395 404 446 ligere.
464 394 543 433 Sed
564 403 726 446 praestat
746 402 784 433 ct
813 395 862 433 de
884 395 943 433 his
970 409 1096 446 pauca
1115 396 1294 447 praefari:
1328 409 1431 442 nam,
1451 397 1543 434 dum
1563 397 1677 434 toties
1703 396 1752 434 ad

275 456 557 508 increpationes
590 457 787 504 devolvor,
807 458 928 495 vereri
962 457 1053 495 mihi
1080 458 1183 496 subit
1212 472 1261 496 ne
1290 459 1354 509 qui
1390 472 1450 497 me
1473 466 1611 509 putent
1635 470 1752 496 accu-

275 518 462 557 sationem
485 525 627 557 nostrae
648 519 814 557 civitatis
836 519 885 556 de
907 519 1096 557 industria
1117 520 1342 558 instituisse.

331 583 397 619 25.
430 581 514 633 Ego
541 595 645 628 vero,
674 582 705 620 si
740 582 844 632 apud
876 589 1031 620 exteros
1066 582 1140 620 hoc
1170 583 1287 621 modo
1319 584 1377 621 liis
1409 583 1459 620 de
1491 583 1605 620 rebus
1637 581 1759 620 disse-

278 656 416 685 rerem,
452 656 498 681 eo
519 643 674 681 nomine
694 644 872 695 culparer
892 643 997 682 haud
1018 644 1180 693 injuria:
1210 658 1331 695 quum
1353 652 1483 683 autem
1511 643 1559 682 ad
1583 656 1651 681 vos
1673 656 1758 681 mea

280 718 322 743 se
343 712 546 744 convertat
560 706 699 751 oratio,
721 719 819 757 quos
841 719 917 744 non
940 706 1045 757 apud
1066 706 1159 744 alios
1191 707 1392 745 traducere
1410 706 1565 752 studeo,
1585 705 1655 742 sed
1676 705 1760 743 istis

281 767 393 805 factis
414 768 609 806 abstinere
630 768 760 819 cupio,
782 768 835 806 uti
863 781 956 820 pax,
979 768 1026 806 de
1048 782 1126 819 qua
1147 769 1272 807 omnis
1293 769 1416 807 oratio
1437 776 1509 814 est,
1537 774 1761 806 constanter

280 836 358 867 eta
377 829 485 867 vobis
505 837 544 868 et
564 831 612 868 ab
634 831 716 868 aliis
735 830 887 868 Graecis
912 838 1062 882 agatur,
1091 844 1248 881 aequum
1276 840 1336 869 est
1356 832 1466 869 istam
1498 831 1717 881 opinionem
1738 843 1761 868 a

281 903 345 928 me
366 892 548 930 amoveri.
606 893 704 930 Fieri
727 899 830 930 certe
852 893 1007 943 quidem
1035 905 1111 930 non
1134 900 1261 943 potest
1281 894 1373 944 quin
1396 902 1433 932 et
1461 894 1525 944 qui
1547 901 1706 931 monent
1725 901 1763 931 et

281 953 347 1003 qui
376 960 564 991 accusant
590 954 714 992 verbis
735 960 893 992 utantur
921 967 997 992 non
1018 955 1096 992 fere
1117 955 1383 1002 dissimilibus,
1404 968 1524 1006 quum
1546 956 1601 993 vis
1625 954 1760 992 utrius-

282 1027 359 1066 que
389 1016 574 1054 orationis
597 1030 712 1067 quam
734 1016 961 1067 longissime
994 1017 1201 1068 discrepet.
1259 1019 1390 1062 Quare
1416 1032 1485 1057 vos
1506 1032 1583 1057 non
1609 1030 1764 1069 semper

284 1077 398 1115 decet
418 1077 466 1115 de
481 1078 540 1115 his
557 1078 624 1130 qui
644 1078 782 1116 eadem
799 1078 933 1116 dicunt
949 1078 1084 1116 eodem
1108 1079 1224 1117 modo
1243 1080 1399 1125 sentire,
1417 1080 1486 1118 sed
1508 1080 1573 1130 qui
1596 1079 1762 1117 nocendi

284 1138 483 1177 voluntate
503 1139 777 1185 convitiantur,
803 1147 844 1176 ut
865 1141 932 1190 qui
952 1140 1233 1191 rempublicam
1254 1154 1425 1180 eversam
1456 1141 1632 1192 cupiunt,
1657 1141 1764 1192 digni

286 1201 377 1240 odio
406 1209 510 1248 sunt,
542 1203 610 1253 qui
637 1209 766 1241 autem
794 1209 935 1241 vestrae
964 1203 1141 1242 utilitatis
1168 1217 1285 1242 causa
1318 1211 1477 1242 monent
1507 1204 1693 1242 laudandi
1726 1211 1767 1242 et

286 1264 422 1315 optimi
443 1264 548 1302 cives
563 1264 783 1315 judicandi,
807 1272 924 1316 atque
942 1265 1040 1303 inter
1059 1265 1130 1303 hos
1151 1266 1182 1303 is
1203 1266 1366 1304 maxime
1385 1267 1448 1314 qui
1476 1265 1766 1304 evidentissime

285 1326 413 1377 possit
432 1326 550 1364 malas
578 1326 752 1364 actiones
773 1333 810 1364 et
830 1334 933 1366 ortas
956 1328 1047 1365 inde
1072 1328 1314 1367 calamitates
1337 1329 1416 1367 suis
1438 1328 1550 1378 quasi
1571 1328 1764 1366 coloribus

288 1387 511 1438 depingere.
570 1388 648 1425 Iste
670 1388 772 1426 enim
800 1389 1086 1439 quamprimum
1108 1389 1279 1427 effecerit
1305 1397 1347 1427 ut
1375 1397 1415 1427 et
1433 1389 1589 1427 oderitis
1611 1402 1656 1427 ea
1676 1402 1765 1439 quae

287 1456 441 1501 oportet
468 1457 507 1488 et
536 1464 596 1488 res
625 1450 804 1489 meliores
826 1451 1070 1489 desideretis.
1130 1452 1180 1489 Et
1204 1452 1289 1489 haec
1311 1459 1401 1489 sunt
1428 1465 1517 1501 quae
1543 1465 1612 1502 pro
1633 1451 1767 1489 defen-

289 1512 398 1550 sione
427 1513 630 1564 asperioris
658 1514 844 1552 orationis
873 1522 951 1552 tam
982 1515 1175 1552 habendae
1203 1528 1320 1565 quam
1339 1515 1484 1553 habitae
1505 1515 1700 1553 afferenda
1728 1516 1766 1553 in

291 1574 460 1612 medium
482 1575 641 1614 censui:
676 1588 780 1614 nunc
801 1589 846 1614 eo
867 1576 984 1614 redeo
1006 1576 1109 1614 unde
1130 1590 1215 1614 sum
1230 1577 1443 1626 digressus.

347 1636 412 1673 26.
443 1636 542 1674 Inde
558 1636 688 1687 igitur,
703 1637 873 1688 inquam,
887 1638 1096 1676 rectissime
1113 1639 1366 1690 perspicietis,
1382 1652 1460 1677 non
1477 1651 1561 1677 esse
1576 1652 1596 1677 e
1616 1639 1768 1690 republ.

292 1703 337 1735 ut
352 1697 514 1749 capiatIS
534 1699 650 1737 maris
672 1699 887 1750 imperium,
910 1701 940 1738 si
968 1701 1305 1738 consideraveritis
1325 1714 1402 1751 quo
1423 1707 1538 1752 pacto
1561 1706 1651 1739 ante
1681 1714 1768 1752 par·

293 1767 370 1799 tarn
405 1760 522 1798 istam
543 1762 758 1812 potentiam
786 1764 877 1800 urbs
904 1763 1119 1801 constituta
1145 1763 1272 1807 fuerit,
1297 1776 1374 1815 quo
1403 1763 1519 1801 modo
1540 1777 1660 1813 quum
1683 1776 1769 1802 eam

288 1821 368 1872 jam
395 1828 642 1861 teneremus:
672 1837 760 1874 quae
787 1824 818 1862 si
847 1824 951 1875 apud
982 1824 1129 1862 animos
1147 1831 1292 1862 vestros
1320 1825 1420 1862 inter
1446 1838 1487 1862 se
1518 1824 1769 1870 contuleritis,

293 1889 482 1933 quantum
502 1882 593 1921 inde
611 1884 799 1922 malorum
820 1886 859 1922 in
878 1887 1012 1924 urbem
1036 1886 1218 1923 invaserit
1233 1886 1483 1936 perspicietis.

349 1945 416 1982 27.
446 1945 691 1995 Respublica
720 1953 824 1983 certe
861 1947 1059 1996 superiore
1092 1954 1266 1997 tempore
1301 1954 1410 1985 tanto
1440 1948 1576 1986 melior
1606 1956 1645 1987 et
1673 1963 1772 2000 prae-

296 2007 461 2046 stantior
488 2007 561 2045 fuit
586 2020 706 2057 quam
727 2020 774 2045 ea
792 2021 880 2058 quae
903 2014 1038 2046 secuta
1060 2014 1131 2054 est,
1155 2017 1302 2059 quanto
1324 2010 1392 2047 viri
1419 2010 1596 2049 meliores
1614 2011 1773 2050 fuerunt

297 2068 488 2107 Aristides
511 2075 549 2106 et
568 2069 852 2108 Themistocles
873 2077 912 2107 et
930 2069 1142 2108 Militiades
1164 2071 1391 2123 Hyperbolo
1411 2079 1451 2110 et
1471 2072 1714 2124 Cleophonte
1737 2082 1776 2113 et

298 2130 382 2169 istis
410 2131 477 2181 qui
497 2144 602 2169 nunc
621 2132 927 2170 concionantur:
958 2132 1128 2183 populus
1158 2140 1289 2171 autem
1311 2135 1376 2185 qui
1397 2142 1476 2172 tum
1497 2136 1773 2186 rempublicam

299 2192 424 2244 gessit
440 2205 517 2230 non
537 2193 727 2231 socordiae
747 2207 824 2231 non
839 2193 980 2244 inopiae
995 2207 1074 2232 non
1096 2194 1222 2232 inanis
1243 2196 1323 2246 spei
1343 2196 1494 2246 plenus,
1515 2197 1585 2234 sed
1604 2197 1635 2235 is
1655 2199 1776 2241 fuisse

300 2254 560 2305 comperietur
577 2254 641 2305 qui
661 2262 699 2292 et
718 2254 924 2306 profligare
944 2261 1077 2306 posset
1097 2268 1229 2294 omnes
1249 2256 1315 2306 qui
1337 2257 1508 2295 Atticam
1529 2257 1776 2308 invasissent,

301 2316 398 2355 etin
418 2316 609 2354 adeundis
629 2330 699 2367 pro
727 2316 883 2356 Graecia
907 2317 1089 2368 periculis
1117 2317 1262 2368 primas
1281 2317 1400 2357 ferret
1427 2320 1475 2357 ob
1496 2319 1772 2367 fortitudinem,

302 2385 532 2429 tantamque
559 2378 630 2416 sibi
660 2378 778 2416 fidem
805 2379 1037 2430 adjungeret
1068 2387 1112 2417 ut
1137 2379 1315 2431 plurimae
1341 2381 1517 2419 civitates
1543 2381 1644 2420 ultro
1669 2397 1710 2421 se
1734 2385 1774 2422 in

302 2439 420 2479 fidem
439 2448 478 2478 et
502 2440 722 2478 clientelam
743 2441 828 2492 ejus
855 2442 1088 2479 conferrent.
1146 2443 1247 2484 Quae
1267 2456 1387 2493 quum
1413 2443 1467 2482 ita
1486 2450 1632 2490 essent,
1653 2445 1776 2483 domi-

304 2509 421 2540 natus
444 2503 516 2541 iste
538 2516 608 2541 nos
636 2503 779 2541 amissa
798 2503 939 2542 veteris
970 2503 1194 2554 reipublicae
1215 2505 1320 2556 apud
1340 2518 1473 2544 omnes
1494 2506 1615 2557 gloria
1635 2507 1671 2544 in
1690 2520 1777 2545 eam

304 2563 640 2615 intemperantiam
659 2564 823 2616 impulit,
846 2577 962 2616 quam
991 2565 1213 2603 mortalium
1238 2579 1353 2605 nemo
1386 2567 1630 2611 laudaverim
1663 2575 1701 2606 et
1720 2569 1775 2607 sic

305 2625 410 2664 cives
437 2632 593 2665 nostros
621 2627 800 2672 instituit,
817 2640 895 2666 non
922 2627 1009 2665 dico
1036 2641 1084 2664 ne
1110 2628 1270 2666 vincant
1289 2641 1357 2666 eos
1379 2641 1402 2666 a
1421 2629 1561 2678 quibus
1581 2629 1686 2668 bello
1714 2643 1778 2681 pe-

305 2687 434 2734 timur,
454 2688 522 2725 sed
544 2694 587 2726 ut
605 2701 655 2726 ne
676 2687 832 2739 quidem
858 2694 972 2726 extra
999 2689 1142 2727 moenia
1159 2689 1197 2726 in
1219 2696 1475 2741 conspectum
1500 2690 1671 2728 hostium
1690 2705 1779 2743 pro-

307 2748 390 2786 dire
416 2749 654 2788 audeamus:
685 2763 804 2801 quum
828 2749 993 2801 majores
1020 2750 1141 2788 nostri
1161 2757 1200 2788 et
1221 2751 1323 2801 apud
1351 2751 1475 2789 socios
1501 2752 1778 2792 benevolentia

307 2818 347 2850 et
366 2811 471 2863 apud
498 2818 662 2851 caeteros
685 2812 850 2851 Graecos
881 2812 1004 2864 gloria
1029 2813 1267 2858 floruissent,
1289 2812 1512 2852 dominatus
1531 2814 1604 2852 iste
1623 2821 1776 2853 tantum

308 2874 420 2912 nobis
432 2873 563 2912 odium
577 2875 853 2922 concitavit,ut
865 2888 1003 2927 parum
1017 2875 1170 2913 abesset
1182 2875 1273 2925 quin
1288 2876 1380 2913 urbs
1394 2876 1777 2923 exscinderetur,nisi

310 2936 627 2976 Lacedaemonios
649 2943 796 2976 veteres
826 2937 960 2976 hostes
990 2937 1326 2976 benevolentiores
1355 2937 1628 2978 habuissemus
1658 2951 1777 2990 quam
