1870 3277
648 190 1033 230 ARCHIDAMUS.
1520 191 1571 225 85

114 291 448 342 celebritatemque
481 295 592 343 parit,
614 293 682 330 sed
711 293 884 343 ingentia
914 291 1126 331 certamina
1153 290 1412 340 suscipienda,
1431 302 1574 340 magna

114 352 285 401 pericula
315 353 389 390 illis
421 353 602 391 adeunda
632 361 723 391 sunt
752 355 818 404 qui
849 354 982 404 gloriae
1015 351 1262 403 splendorem
1295 352 1574 401 expetiverunt.

114 414 286 457 Quarum
318 427 442 451 rerum
476 415 701 466 cupiditate,
732 428 858 466 neque
892 414 1118 465 corporibus
1150 413 1291 450 nostris
1326 425 1459 461 neque,
1485 412 1573 449 vitae

114 488 237 525 neque
257 476 406 513 caeteris
428 476 604 522 omnibus
624 489 711 525 quae
731 476 919 514 habemus
938 474 1175 526 parcendum
1199 480 1271 511 est.
1328 472 1429 509 Nam
1450 473 1481 509 si
1501 473 1575 509 vir-

113 537 185 573 tuti
203 543 343 574 nostrae
363 537 516 574 fortuna
537 537 672 574 faverit
698 544 741 574 ut
764 537 1038 588 rempublicam
1060 537 1096 574 in
1119 535 1324 585 pristinum
1343 532 1496 571 amissae
1518 534 1577 571 di-

113 598 270 648 gnitatis
291 598 449 649 gradum
470 597 733 644 restituamus,
752 602 835 635 tum
855 603 1026 636 veterum
1043 597 1178 635 laudes
1193 595 1475 647 superabimus,
1496 602 1577 632 tum

114 659 279 709 posteris
307 658 398 696 nihil
417 672 494 709 quo
514 659 636 710 gloria
655 659 766 697 nobIS
788 659 1023 697 fortitudinis
1046 658 1280 696 antecellant
1299 656 1437 707 reliqui
1459 656 1577 693 facie-

115 733 215 766 mus‚
230 726 311 757 tum
332 734 398 770 pro
415 721 603 770 dignitate
621 733 746 758 rerum
768 726 961 770 gestarum
983 731 1098 757 nemo
1117 731 1189 757 nos
1210 718 1352 769 poterit
1371 716 1577 755 celebrare.

117 781 196 818 Sed
217 795 286 819 nec
308 782 402 820 illud
424 784 603 833 ignorare
623 781 789 825 debetis,
808 781 949 818 multos
971 787 1123 818 erectos
1141 787 1257 831 atque
1278 779 1424 817 alacres
1443 790 1579 829 exspe-

116 849 221 880 ctare
236 843 327 893 quid
347 844 384 881 in
405 844 478 881 hoc
498 843 663 882 concilio
685 849 892 880 statuatur.
932 841 1102 880 Proinde
1119 841 1189 879 sibi
1208 840 1370 891 quisque
1386 839 1488 890 apud
1505 839 1582 876 ani-

117 917 220 941 mum
242 918 353 942 suum
374 911 578 956 proponat,
592 917 632 942 se
646 904 757 954 quasi
771 904 808 940 in
826 903 1019 941 communi
1037 902 1202 940 Graeciae
1217 902 1369 939 theatro
1384 901 1580 952 specimen

116 966 258 1016 ingenii
276 966 470 1017 animique
487 967 544 1003 sui
565 966 829 1017 praebiturum.

172 1030 237 1064 44.
262 1028 395 1078 Neque
408 1041 497 1066 vero
511 1028 710 1078 multiplex
727 1033 787 1065 est
800 1026 858 1064 his
878 1026 927 1064 de
943 1026 1056 1064 rebus
1077 1024 1318 1063 deliberandi
1337 1024 1448 1062 ratio.
1481 1023 1581 1061 Nam

119 1089 150 1126 si
171 1089 219 1126 ob
244 1088 308 1138 jus
329 1096 503 1126 nostrum
529 1089 715 1126 tuendum
745 1095 927 1139 oppetere
947 1093 1110 1125 mortem
1133 1086 1379 1130 voluerimus,
1401 1098 1476 1122 non
1497 1091 1581 1122 tan—

121 1155 198 1186 tum
222 1149 336 1188 laude
356 1157 393 1188 et
414 1150 549 1201 gloria,
568 1150 636 1188 sed
658 1149 771 1188 etiarn
793 1150 999 1187 securitate
1020 1150 1057 1186 in
1078 1155 1275 1200 posterum
1303 1147 1493 1185 fruemur:
1525 1147 1585 1184 sin.

121 1211 291 1261 pericula
309 1212 570 1257 metuerimus,
592 1211 721 1249 multis
743 1212 865 1249 turbis
892 1211 964 1261 ipsi
994 1223 1064 1248 nos
1095 1209 1390 1260 implicabimus.
1449 1210 1586 1259 Itaque

121 1272 215 1309 alios
252 1273 316 1310 alii
349 1273 538 1311 cohortati
572 1273 706 1323 patriae
744 1271 1013 1309 nutricationis
1047 1271 1264 1308 mercedem
1303 1270 1585 1320 persolvamus,

121 1346 247 1383 neque
267 1333 592 1372 Lacedaemonem
612 1333 892 1372 contumeliose
913 1332 1070 1371 tractari
1091 1338 1130 1370 et
1159 1331 1354 1370 contemni
1381 1332 1585 1382 patiamur,

121 1407 244 1444 neque
265 1408 371 1446 spem
392 1405 430 1432 et
449 1395 776 1446 exspectationem
799 1407 932 1432 eorum
961 1393 1026 1444 qui
1055 1393 1164 1431 nobis
1193 1394 1290 1430 bene
1318 1392 1482 1443 cupiunt
1508 1393 1586 1430 fru-

122 1460 299 1503 stremur,
320 1469 445 1506 neque
464 1456 580 1494 vitam
602 1457 722 1507 pluris
748 1457 987 1494 aestimemus
1007 1469 1123 1506 quam
1144 1455 1304 1505 gloriam
1320 1455 1584 1494 celebritatem

121 1529 194 1566 que
216 1516 318 1566 apud
339 1530 473 1555 omnes
505 1517 680 1555 homines
711 1517 896 1563 obtinere,
918 1517 1133 1567 cogitantes
1160 1516 1265 1567 quod
1287 1515 1507 1566 praeelarius
1527 1524 1585 1554 est

122 1579 283 1617 mortale
294 1585 333 1617 et
345 1579 479 1629 fragile
495 1592 636 1630 corpus
649 1592 735 1616 cum
750 1578 955 1617 immortali
971 1578 1094 1630 gloria
1106 1585 1359 1623 commutare,
1376 1584 1415 1615 et
1431 1578 1584 1623 animae,

121 1640 231 1692 cujus
258 1642 450 1692 possessio
480 1654 692 1692 paucorum
723 1654 909 1678 annorum
941 1647 1017 1685 est,
1039 1639 1158 1677 talem
1188 1639 1345 1676 laudem
1376 1645 1415 1676 et
1444 1651 1585 1676 nomen

123 1715 343 1754 comparare
373 1715 450 1753 quo
477 1702 600 1739 omnis
631 1709 762 1740 nostra
789 1702 1000 1752 posteritas
1031 1701 1263 1752 perfruatur,
1288 1699 1411 1737 multo
1433 1699 1588 1750 quidem

125 1764 273 1809 melius,
293 1777 409 1814 quam
432 1763 564 1814 exigui
583 1764 764 1815 temporis
784 1763 914 1814 cupidi
934 1775 1077 1814 magno
1099 1761 1289 1799 dedecore
1309 1767 1459 1798 nosmet
1485 1761 1588 1811 ipsos

124 1827 286 1877 operire.
341 1827 517 1864 Arbitror
538 1833 664 1864 autem
686 1838 753 1863 vos
773 1838 851 1867 non
878 1825 952 1864 alia
972 1825 1117 1862 ratione
1144 1824 1193 1861 ad
1214 1823 1357 1860 bellum
1378 1822 1590 1873 suscipien-

125 1887 218 1925 dum
241 1888 398 1927 incendi
425 1887 548 1938 magis
569 1894 607 1925 et
627 1887 856 1924 inflammari
876 1899 1006 1937 posse,
1025 1897 1141 1936 quam
1162 1885 1192 1922 si
1212 1884 1348 1922 animis
1369 1884 1590 1921 intueamini

126 1957 308 2000 tanquam
324 1950 522 1988 adstantes
540 1955 717 2000 parentes
732 1948 952 1998 liberosque
968 1955 1130 1992 vestros,
1143 1959 1307 1996 quorum
1322 1945 1375 1982 illi
1392 1945 1591 1983 hortentur

126 2025 173 2050 ue
192 2019 342 2063 turpem
363 2011 505 2048 nomini
526 2011 719 2061 Spartano
739 2017 806 2047 aut
825 2010 975 2059 legibus
990 2009 1027 2046 in
1045 2009 1185 2060 quibus
1202 2007 1355 2045 educati
1376 2020 1509 2044 sumus
1523 2014 1590 2044 aut

127 2073 266 2123 pugnis
292 2086 362 2110 sua
391 2079 505 2110 aetate
532 2070 749 2109 commissis
770 2077 899 2108 notam
921 2070 1097 2116 inuratis,
1122 2069 1162 2106 hi
1192 2074 1321 2106 autem
1353 2068 1589 2118 provinciam

126 2147 243 2184 quam
266 2134 431 2184 majores
451 2133 687 2182 reliquerunt
716 2138 935 2182 reposcant,
954 2138 992 2169 et
1020 2130 1234 2181 potentiam
1264 2142 1309 2167 ac
1335 2129 1590 2180 principatum

130 2195 294 2233 Graeciae
315 2207 427 2244 quem
453 2194 521 2244 ipsi
547 2206 569 2230 a
595 2192 766 2242 patribus
788 2192 1071 2242 acceperimus:
1102 2190 1192 2241 quid
1207 2190 1321 2228 vero?
1351 2203 1441 2227 num
1463 2190 1591 2228 dicere

128 2257 337 2308 poterimus
360 2256 418 2293 vel
439 2255 509 2292 hos
527 2254 588 2292 vel
606 2254 691 2292 illos
709 2254 841 2304 iniqua
860 2252 1072 2304 postulare?

185 2320 250 2359 45.
280 2316 384 2360 Quid
408 2315 535 2354 multis
555 2328 654 2366 opus
675 2313 755 2352 est?
792 2314 880 2352 Hoc
903 2327 1019 2352 unum
1042 2313 1192 2352 dicam:
1223 2326 1341 2364 quum
1357 2312 1441 2349 haec
1457 2311 1590 2350 civitas

132 2378 302 2431 plurimis
316 2377 426 2415 bellis
440 2384 477 2415 et
496 2376 673 2428 periculis
693 2376 744 2414 sit
761 2375 996 2420 conflictata,
1011 2387 1208 2425 nunquam
1225 2374 1358 2412 hostes
1375 2374 1590 2423 tropliaeum

131 2442 179 2479 de
202 2441 311 2478 nobis
331 2445 534 2478 erexerunt
553 2438 654 2476 duce
673 2449 762 2488 rege
781 2449 801 2474 e
818 2444 951 2475 nostra
970 2436 1127 2475 familia.
1187 2435 1441 2473 Prudentium
1461 2440 1590 2471 autem

134 2503 298 2540 virorum
325 2508 399 2548 cst,
419 2500 558 2550 quibus
586 2498 749 2537 ducibus
780 2498 817 2536 in
846 2498 958 2536 bellis
979 2498 1137 2537 victoria
1168 2497 1381 2548 potiuntur,
1403 2495 1445 2531 iis
1476 2494 1590 2532 etiam

133 2576 250 2614 quum
270 2563 371 2601 bella
391 2561 638 2614 suscipienda
657 2559 822 2599 suadent
840 2561 966 2612 potius
985 2573 1100 2612 quam
1122 2559 1203 2598 aliis
1224 2560 1502 2609 obtemperare.
