1870 3277
276 172 348 207 382
948 175 1059 211 ISAEI

278 273 421 314 morbo,
441 274 543 311 nulla
563 276 666 325 prole
688 290 734 313 cx
759 277 822 313 illa
842 290 910 314 sua
932 290 1048 315 uxore
1068 278 1198 315 relicta
1217 291 1304 328 qute
1325 279 1564 328 postmodum
1587 289 1717 316 nostra

279 340 399 371 mater
416 342 474 372 est
493 335 613 374 facta:
645 350 738 374 avus
766 338 877 374 filiam
908 351 992 375 curn
1015 352 1034 376 e
1056 339 1170 375 domo
1201 339 1319 376 mariti
1351 338 1518 376 defuncti
1546 341 1579 376 in
1607 353 1716 377 suam

275 395 478 440 retulisset,
496 411 619 448 neque
639 399 768 437 dotem
789 400 973 449 integram
1003 408 1268 451 recuperasset
1296 401 1344 437 ob
1371 400 1545 438 afflictam
1576 402 1715 439 Nausi-

275 458 395 495 menis
415 471 494 496 rem
514 459 752 505 familiarem,
775 474 904 498 rursus
925 462 1048 499 elocat
1070 475 1153 499 meo
1173 461 1269 512 patri
1291 474 1375 498 cum
1397 461 1486 498 dote
1509 462 1608 499 mille
1629 463 1715 500 dra-

272 518 482 557 chmarum.

325 582 364 617 4.
397 580 492 618 Haec
514 582 641 631 itaque
661 583 785 619 omnia
813 583 842 619 si
875 583 959 633 quis
991 584 1148 621 istorum
1173 583 1461 621 causationibus
1482 590 1520 620 et
1539 583 1714 621 crimina·

271 641 436 679 tionibus
455 649 639 692 opponat,
661 655 737 692 quo
756 650 870 693 pacto
895 645 1095 694 perspicue
1124 645 1263 682 doceat
1288 657 1375 682 vere
1406 645 1508 681 sacta
1536 643 1641 681 esse?
1668 656 1713 681 eo

271 716 407 754 nempe
427 717 503 754 quo
522 717 594 755 ego
615 718 744 742 verum
767 706 956 756 indagans
979 706 1118 744 inveni.
1180 707 1356 744 Fueritne
1386 714 1506 745 mater
1532 720 1617 744 mea
1647 707 1714 744 Ci-

270 765 372 801 ronis
391 765 468 803 filia
485 778 622 810 necne,
644 775 682 803 et
703 780 792 804 num
813 768 848 804 in
865 768 979 805 domo
999 768 1081 818 ejus
1103 775 1255 805 versata
1274 769 1385 806 fuerit
1411 781 1545 812 necne,
1564 776 1601 804 et
1621 781 1709 805 num

271 825 384 863 Ciron
405 827 484 877 ejus
515 840 634 865 causa
657 828 828 878 geminas
858 829 1012 880 nuptias
1043 829 1188 866 festivis
1218 830 1342 879 epulis
1368 830 1644 868 concelebrarit
1663 842 1710 866 an

271 889 407 933 minus,
420 897 459 927 et
474 903 679 940 quamnam
701 892 829 928 dotem
843 892 1109 941 uuusquisque
1128 891 1256 929 tulerit
1275 893 1422 930 illorum
1441 893 1557 930 duum
1574 894 1712 943 quibus

270 963 355 987 mea
374 959 494 988 mater
512 951 574 987 alii
595 958 682 1000 post
699 952 812 988 alium
834 953 974 1002 nupsit,
994 952 1078 989 haec
1100 953 1227 990 omnia
1246 961 1339 991 nota
1354 955 1469 991 fuisse
1485 967 1643 991 necesse
1655 963 1712 992 est

267 1012 387 1049 servis
413 1017 452 1048 et
479 1011 693 1049 ancillabus
723 1025 808 1062 quae
835 1013 888 1050 illi
916 1013 1083 1064 [Cironi]
1105 1013 1271 1052 fuerunt.
1329 1015 1473 1052 volens
1493 1014 1607 1064 igitur
1626 1028 1711 1065 ego,

267 1081 406 1124 praeter
423 1087 488 1112 eos
508 1074 571 1125 qui
592 1075 680 1112 mihi
701 1082 841 1125 praesto
858 1083 947 1113 sunt
961 1082 1096 1121 testes,
1108 1077 1222 1114 etiam
1242 1091 1262 1114 e
1277 1077 1600 1122 confessionibus,
1613 1089 1710 1127 quas

265 1135 364 1172 servi
378 1135 602 1186 ancillaeque
619 1135 755 1173 edituri
775 1146 904 1174 essent
924 1150 945 1175 a
965 1137 1188 1188 quaesitione
1208 1151 1274 1188 per
1295 1146 1484 1176 tormenta
1494 1151 1710 1188 expressas,

263 1195 350 1233 haec
371 1196 568 1246 explorata
587 1203 626 1234 et
643 1197 819 1234 convicta
839 1197 945 1242 dare,
962 1211 1039 1248 quo
1058 1198 1179 1248 magis
1200 1199 1364 1236 testibus
1386 1199 1498 1237 fidem
1518 1199 1710 1236 haberetis

265 1257 310 1294 iis
340 1257 404 1308 qui
432 1257 616 1295 dictorum
637 1270 659 1295 a
680 1271 719 1296 se
748 1259 1064 1309 approbationem
1092 1273 1168 1297 non
1189 1259 1315 1297 adhuc
1335 1260 1460 1298 daturi
1480 1268 1622 1303 essent,
1641 1260 1709 1298 sed

260 1319 339 1369 jam
371 1319 581 1363 dedissent,
600 1319 789 1370 postulavi
811 1321 858 1358 ab
878 1321 936 1358 his
968 1321 1124 1372 [Diocle
1157 1329 1195 1358 et
1222 1321 1479 1371 consortibus]
1510 1330 1551 1359 ut
1581 1334 1710 1359 servos

267 1380 502 1431 ancillasque
523 1381 570 1418 ad
592 1380 854 1431 quaesitionem
871 1383 1068 1420 traderent
1082 1383 1141 1420 his
1161 1383 1209 1420 de
1226 1383 1340 1420 rebus
1356 1395 1454 1433 quas
1473 1383 1588 1420 modo
1607 1396 1710 1421 com·

268 1442 470 1479 memoravi
501 1448 539 1479 et
568 1442 616 1479 de
647 1441 730 1479 aliis
763 1443 794 1480 si
823 1456 911 1492 quae
940 1444 1106 1494 cognitae
1135 1443 1227 1493 ipsis
1255 1451 1542 1494 perspectaeque
1564 1452 1708 1481 essent.

268 1503 408 1540 Verum
429 1502 490 1540 hic
520 1503 619 1540 idem
650 1503 858 1554 [Diocles]‚
880 1505 945 1554 qui
974 1518 1063 1542 mox
1094 1505 1301 1554 postulabit
1320 1518 1342 1542 a
1361 1505 1468 1542 vobis
1489 1512 1533 1542 ut
1551 1506 1710 1543 testibus

266 1564 344 1601 suis
364 1564 475 1601 fidem
497 1564 685 1613 habeatis,
705 1565 1008 1614 explorationem
1031 1565 1081 1602 rei
1101 1579 1169 1616 per
1187 1572 1378 1603 tormenta
1397 1566 1559 1615 defugit.
1590 1567 1708 1617 Atqui

263 1626 294 1662 si
314 1625 560 1663 convincetur
579 1624 749 1662 oblatam
769 1639 790 1662 a
812 1639 872 1663 me
892 1626 1149 1664 conditionem
1173 1627 1221 1664 ab
1241 1639 1286 1664 eo
1313 1626 1550 1677 repudiatam
1577 1627 1708 1672 fuisse,

263 1686 353 1736 quid
381 1686 544 1723 testibus
574 1686 630 1729 iis,
649 1686 788 1736 quibus
817 1686 880 1724 ille
911 1694 1053 1733 utetur,
1073 1687 1240 1725 manebit
1258 1687 1446 1738 reliquum
1472 1694 1612 1738 praeter
1631 1687 1708 1725 hoc

265 1754 451 1793 unum‚ut
468 1760 620 1784 causam
639 1747 775 1785 falsam
797 1755 836 1786 et
854 1748 1073 1786 ementitam
1092 1748 1312 1786 testimonio
1333 1749 1566 1786 mercenario
1585 1748 1708 1786 incru-

265 1816 387 1846 stasse
405 1808 620 1852 videantur,
642 1808 953 1859 quandoquidem
973 1809 1036 1846 hic
1058 1808 1251 1859 [Diocles]
1271 1815 1348 1846 tam
1378 1817 1483 1846 certo
1510 1816 1548 1846 et
1572 1809 1705 1847 decre-

263 1872 360 1908 torio
380 1878 608 1921 argumento
626 1871 682 1908 uti
697 1871 883 1908 noluerit?
913 1871 1018 1908 Nihil
1039 1871 1321 1921 profect0,mea
1332 1870 1488 1919 quidem
1501 1871 1706 1908 sententia.
1737 1896 1741 1899 -

265 1933 353 1976 Quo
373 1940 499 1970 autem
518 1939 669 1970 constet
689 1945 778 1970 vera
796 1946 855 1970 me
884 1933 1023 1978 dicere,
1045 1945 1141 1983 cape
1172 1939 1213 1969 tu
1243 1931 1405 1982 primum
1431 1931 1504 1969 hoc
1535 1933 1704 1970 testimo-

266 1994 368 2030 nium
383 2000 422 2030 et
438 1992 568 2031 recita.

784 2082 1190 2120 TESTIMOfflUM.

266 2170 343 2206 Vos
363 2168 489 2219 itaque
509 2169 679 2220 quidem,
693 2168 860 2219 judices,
881 2177 918 2207 et
937 2170 1088 2220 publice
1104 2177 1142 2208 et
1160 2170 1334 2222 privatim
1357 2170 1620 2220 quaesitionem
1639 2183 1707 2221 per

265 2237 456 2268 tormenta
475 2243 669 2267 servorum
686 2230 937 2268 certissimam
959 2238 1075 2282 atque
1095 2232 1348 2269 firmissimam
1364 2231 1514 2269 habetis
1534 2231 1620 2269 fidei
1641 2244 1706 2283 ap-

262 2292 545 2342 probationem;
575 2298 613 2328 et
633 2290 669 2327 in
688 2303 808 2328 causa
826 2292 888 2328 ubi
908 2305 994 2329 curn
1017 2293 1194 2343 ingenuis
1213 2292 1311 2330 servi
1330 2306 1485 2343 quoque
1504 2293 1706 2330 interveni·
1725 2306 1728 2310 ⁸

263 2360 342 2398 ant,
362 2352 392 2390 si
411 2353 503 2404 quid
529 2359 723 2403 quaeratur
743 2353 846 2402 quod
866 2354 945 2390 erui
964 2361 1003 2391 et
1027 2354 1064 2391 in
1087 2355 1212 2393 lucem
1232 2354 1391 2405 proferri
1414 2368 1435 2392 e
1455 2368 1494 2393 re
1519 2355 1580 2400 sit,
1600 2355 1706 2393 testi-

263 2414 397 2452 moniis
417 2415 669 2465 ingenuorum
685 2413 737 2450 nil
759 2413 917 2456 utimini,
934 2415 1002 2451 sed
1020 2428 1087 2464 per
1106 2428 1300 2453 servorum
1319 2422 1508 2454 tormenta
1517 2416 1712 2457 conamini

261 2488 383 2514 rerum
415 2483 608 2527 gestarum
636 2474 684 2512 de
714 2474 852 2525 quibus
881 2475 1076 2513 dubitatur
1103 2476 1370 2515 certitudinem
1395 2477 1598 2527 expiscari.
1656 2477 1706 2514 Et

261 2537 395 2576 merito
414 2536 566 2588 quidem
589 2536 642 2574 ita
658 2535 917 2587 vos,judices,
936 2536 1161 2586 proceditis;
1191 2539 1289 2575 bene
1308 2538 1416 2587 gnari
1431 2537 1586 2575 testium
1603 2537 1703 2576 haud

260 2611 401 2649 paucos
420 2597 639 2636 testimonia
657 2597 799 2635 dixisse
813 2597 915 2635 visos
930 2596 1048 2635 fuisse
1070 2598 1264 2642 ementita,
1279 2611 1472 2635 servorum
1492 2606 1617 2636 autem
1633 2608 1706 2636 tor-

259 2659 395 2697 mentis
415 2658 672 2709 subjectorum
691 2658 818 2695 nullus
840 2670 1006 2708 unquam
1022 2657 1095 2695 fuit
1110 2657 1174 2707 qui
1188 2658 1390 2695 convictus
1401 2665 1505 2696 esset
1521 2658 1617 2696 falsa
1632 2660 1703 2697 sub

259 2719 454 2758 tormentis
475 2719 657 2757 edidisse.
727 2718 803 2756 Hic
821 2731 911 2756 vero
931 2717 1125 2770 [Diocles]
1145 2718 1358 2769 postulabit
1375 2725 1419 2756 ut
1438 2720 1704 2758 commentitiis

259 2781 337 2820 suis
368 2781 686 2832 praetensionibus
712 2781 952 2832 testibusque
980 2780 1030 2818 ad
1056 2779 1153 2818 falsa
1188 2781 1495 2819 confirmandum
1526 2782 1702 2820 mercede

254 2841 462 2891 redemptis
480 2841 594 2880 fidem
613 2841 802 2886 habeatis,
821 2855 908 2880 cum
937 2842 1020 2894 ipse
1044 2841 1133 2879 fidei
1159 2841 1431 2881 documentum
1452 2849 1528 2881 tam
1551 2851 1698 2881 certum

259 2912 298 2942 et
313 2903 446 2942 fallere
471 2903 643 2942 nescium
672 2904 884 2955 defugerit?
940 2904 1025 2942 Nos
1043 2916 1133 2942 vero
1159 2903 1211 2941 ita
1229 2916 1306 2942 non
1325 2904 1487 2955 agimus,
1511 2905 1579 2942 sed
1598 2906 1701 2956 prius
