1870 3277
604 207 823 244 CONTRA
855 207 1198 246 LEOCRATEM.
1541 212 1615 248 477

192 309 241 346 sit
261 308 414 347 alterius
444 321 531 347 esse
561 319 791 356 consortem,
821 309 943 347 mu-lto
965 310 1091 360 potius
1121 310 1264 361 eligent
1291 311 1328 349 id
1357 311 1459 362 quod
1486 319 1618 350 contra

192 370 319 406 hostes
339 383 452 419 quam
473 371 575 418 quod
593 380 728 409 contra
746 372 852 421 leges
870 383 914 407 ac
934 370 1048 408 cives.

245 433 306 468 33.
336 432 457 469 Tanto
483 439 608 469 autem
636 432 774 470 rectius
803 432 982 469 morietur
1007 433 1078 470 iste
1098 445 1210 482 quam
1230 433 1294 482 qui
1321 446 1369 470 ex
1396 433 1618 471 exercitibus

191 492 352 542 fugiunt,
374 500 517 543 quanto
536 493 588 530 illi
607 493 761 542 quidem
782 494 829 530 ad
851 494 978 530 urbem
999 494 1154 530 veniunt
1172 506 1242 530 ceu
1262 507 1331 544 pro
1351 508 1395 532 ea
1417 495 1618 545 praeliaturi

193 560 258 590 aut
290 553 438 603 publice
467 566 552 591 cum
584 554 666 592 aliis
693 554 840 591 civibus
869 555 1014 604 passuri
1047 554 1317 598 infelicitatem,
1349 556 1450 605 atqui
1483 556 1541 592 bie
1572 570 1616 594 ex

191 616 312 666 patria
331 616 479 667 aufugit
497 617 669 667 privatim
690 616 851 654 salutem
877 617 944 654 sibi
966 629 1202 667 comparans,
1223 631 1271 655 ne
1298 619 1446 668 proprio
1466 618 1618 668 quidem

192 689 259 728 pro
279 677 358 714 lare
384 685 529 715 certare
554 690 683 722 ausus,
712 677 779 714 sed
810 678 911 715 solus
940 691 960 715 e
989 679 1138 716 cunctis
1166 679 1388 717 mortalibus
1415 688 1452 717 et
1479 687 1621 716 naturae

193 739 395 788 peculiaria
431 747 469 776 et
501 739 711 776 necessaria
741 740 919 789 prodidit,
951 753 1038 790 q-uae
1070 741 1293 778 vacantibus
1328 743 1440 779 etiam
1477 741 1619 779 ratione

192 799 327 836 belluis
346 799 510 836 maxima
529 806 617 836 sunt
636 807 674 836 et
694 800 926 850 gravissima.
982 801 1101 838 Alites
1126 801 1252 851 itaque
1270 803 1435 840 maxime
1455 803 1503 840 ad
1523 803 1620 840 cele-

192 862 337 896 ritatem
356 859 502 897 habiles
532 868 635 906 sunt,
656 875 751 911 quas
779 869 904 899 tamen
927 862 1052 900 videre
1081 869 1138 900 est
1165 876 1232 914 pro
1262 865 1339 902 suis
1359 864 1469 915 pullis
1489 871 1622 915 sponte

193 922 311 960 mori:
341 923 444 960 unde
463 930 501 960 et
519 931 715 973 poetarum
736 925 889 974 quidam
910 924 1053 970 dixere,

531 1017 643 1057 Neque
659 1017 802 1047 silvestris
818 1017 892 1052 ales,
912 1017 936 1047 si
952 1018 1054 1047 nidum
1072 1018 1209 1053 finxerit¹

531 1067 566 1097 ln
583 1067 643 1097 alio
659 1066 756 1108 pullos
775 1068 953 1108 progignere
969 1067 1052 1097 velit.

247 1153 311 1188 34.
341 1151 390 1188 At
404 1151 603 1189 Leocrates
617 1150 711 1189 adeo
724 1152 877 1188 modurn
893 1151 1070 1189 transiliit
1087 1158 1204 1195 metu,
1219 1156 1260 1187 ut
1277 1150 1434 1201 patriam
1454 1150 1623 1190 hostibus

191 1211 395 1262 reliquerit.
452 1212 579 1255 Quare
598 1212 705 1250 nulla
722 1212 852 1250 civitas
871 1213 905 1250 ei
926 1213 1096 1263 permisit
1115 1212 1219 1262 apud
1238 1224 1279 1249 se
1299 1212 1523 1262 inquilinum
1542 1227 1625 1251 esse

194 1279 259 1309 aut
278 1272 459 1318 habitare,
475 1272 541 1310 sed
562 1271 643 1323 plus
662 1286 776 1322 quam
796 1273 1007 1311 homicidas
1028 1273 1186 1325 expulit.
1234 1273 1352 1323 quue
1372 1286 1447 1311 non
1467 1274 1626 1322 injuria:

192 1334 307 1371 caedis
336 1335 435 1371 enim
464 1334 515 1371 rei
542 1334 592 1371 ad
619 1334 730 1371 aliam
762 1335 965 1385 migrantes
991 1336 1206 1373 exsulatum
1239 1335 1342 1372 urbis
1378 1348 1454 1372 non
1488 1335 1628 1374 habent

193 1396 322 1433 hostes·
341 1408 404 1433 eos
424 1409 446 1433 a
465 1395 604 1445 quibus
621 1395 865 1446 recipiuntur,
885 1395 987 1434 hunc
1001 1404 1129 1435 autem
1144 1409 1228 1447 quae
1243 1396 1374 1435 civitas
1394 1398 1626 1448 susceperit?

194 1456 269 1497 Qui
288 1456 387 1494 enim
407 1469 486 1493 suae
505 1456 637 1507 patriae
653 1469 729 1494 non
748 1457 834 1494 tulit
851 1470 980 1507 opem,
999 1470 1101 1508 aegre
1119 1470 1186 1507 pro
1201 1457 1325 1494 aliena
1343 1458 1544 1508 quicquam
1563 1472 1627 1509 pe-

193 1517 299 1554 riculi
320 1516 553 1555 sustinuerit.
593 1517 691 1556 Nam
709 1525 747 1555 et
763 1517 843 1556 illic
862 1525 901 1556 et
919 1519 1022 1556 cives
1041 1524 1078 1556 et
1095 1518 1259 1569 hospites
1279 1525 1317 1556 et
1334 1519 1505 1569 privatim
1522 1520 1631 1558 amici

194 1579 288 1616 tales
306 1578 478 1616 homines
500 1584 602 1623 sunt,
623 1579 686 1629 qui
704 1580 890 1617 bonorum
910 1579 1012 1617 urbis
1031 1585 1227 1617 consortes
1249 1592 1332 1617 esse
1347 1580 1488 1626 volent,
1509 1580 1545 1618 in
1561 1582 1629 1619 ad-

195 1652 303 1677 verso
323 1648 450 1677 autem
478 1652 598 1677 rerum
627 1646 728 1677 statu
749 1653 796 1677 ne
816 1640 894 1677 ullo
914 1639 1064 1690 quidem
1085 1640 1226 1678 auxilio
1253 1640 1522 1691 dignabuntur.
1577 1643 1630 1680 At

195 1713 283 1738 vero
301 1713 388 1738 eum
407 1700 471 1750 qui
491 1701 538 1738 ab
557 1699 645 1745 illis,
666 1701 802 1751 quibus
823 1707 949 1739 tamen
969 1700 1059 1738 nihil
1075 1701 1220 1746 nocuit,
1237 1701 1325 1739 odio
1349 1701 1508 1740 habetur
1526 1703 1630 1754 ejici-

195 1768 343 1811 turque,
359 1761 449 1812 quid
465 1774 561 1812 opus
577 1769 637 1799 est
656 1762 733 1812 pati
752 1775 774 1800 a
794 1762 898 1800 vobis
914 1763 961 1799 ab
976 1775 1022 1800 eo
1039 1762 1173 1814 injuria
1192 1762 1337 1800 affectis
1351 1763 1366 1800 ’ζ
1412 1764 1548 1802 Nonne
1562 1778 1629 1802 ex-

195 1831 352 1860 tremum
382 1823 609 1874 supplicium
636 1837 723 1860 eum
748 1823 899 1873 assequi
921 1823 1059 1862 decet?
1116 1824 1172 1860 Ex
1199 1825 1373 1862 omnibus
1398 1838 1522 1876 porro,
1547 1826 1629 1871 viri,

195 1884 444 1934 quiunquam
471 1884 576 1922 fuere
603 1884 855 1934 proditoribus
878 1884 1085 1935 justissime
1115 1885 1328 1931 LeocrateS,
1358 1886 1388 1923 si
1415 1899 1491 1936 qua
1510 1886 1628 1937 major

196 1952 299 1982 esset
326 1952 444 1983 morte
471 1958 596 1996 poena,
623 1945 720 1983 hanc
741 1946 956 1984 sustineret.
1012 1946 1085 1984 Alii
1107 1947 1206 1985 enim
1226 1947 1438 1998 proditores
1458 1948 1631 1999 injuriam

196 2006 347 2052 illaturi,
365 2007 581 2057 priusquam
612 2007 724 2044 etiam
755 2007 963 2051 intulerint,
990 2008 1019 2045 si
1038 2008 1140 2059 capti
1167 2007 1319 2053 fuerint,
1338 2021 1485 2059 poenam
1515 2009 1628 2047 susti-

197 2075 310 2106 nent:
338 2068 398 2106 hic
418 2076 542 2106 autem
559 2068 662 2106 solus
680 2069 841 2120 peractis
860 2082 947 2120 quae
966 2069 1141 2115 instituit,
1159 2083 1244 2108 cum
1262 2071 1390 2108 urbem
1406 2070 1630 2117 deseruerit,

197 2136 397 2166 accusatur
411 2129 508 2180 apud
525 2129 693 2180 judices,

251 2191 313 2228 35.
345 2190 523 2228 Admiror
541 2198 666 2228 autem
686 2191 988 2242 patrocinaturos
1008 2191 1094 2244 ipsi,
1111 2205 1229 2242 quare
1245 2191 1348 2230 hunc
1367 2192 1525 2243 dignum
1540 2205 1630 2230 cen-

196 2258 304 2289 seant
320 2252 492 2289 evadere.
520 2252 632 2289 Anne
651 2253 700 2291 ob
713 2252 914 2291 amicitiam
925 2266 1038 2303 quam
1053 2252 1226 2291 cumillis
1243 2253 1458 2292 contraxit?
1484 2255 1536 2291 At
1546 2267 1628 2291 eam

197 2313 246 2350 ob
264 2326 342 2350 rem
367 2313 541 2351 videntur
569 2313 658 2351 mihi
679 2315 763 2363 jure
791 2327 866 2351 non
894 2314 1051 2365 gratiam
1077 2315 1245 2365 assequi,
1274 2315 1340 2353 sed
1366 2315 1475 2352 morti
1504 2315 1629 2364 potius

197 2375 286 2412 item
306 2374 561 2425 adjudicandi,
579 2375 683 2425 quod
708 2375 788 2426 ejus
816 2376 1066 2414 familiaritate
1087 2376 1141 2413 uti
1168 2375 1347 2413 audeant.
1404 2375 1628 2426 Priusquam

197 2436 293 2474 enim
315 2436 514 2474 Leocrates
540 2436 578 2474 id
600 2437 867 2482 committeret,
895 2437 1112 2485 qualesnam
1142 2443 1272 2475 essent
1296 2436 1398 2474 haud
1418 2437 1628 2484 constabat,

197 2511 298 2536 nunc
316 2511 404 2535 vero
432 2497 606 2536 omnibus
632 2497 884 2549 perspicuum,
903 2499 1007 2548 quod
1031 2498 1164 2536 iisdem
1191 2497 1354 2535 moribus
1383 2497 1516 2535 imbuti
1537 2498 1628 2534 ami-

196 2559 322 2598 citiam
342 2572 429 2597 cum
449 2559 513 2597 illo
533 2567 769 2605 conservent,
788 2573 903 2610 quare
922 2560 1041 2597 multo
1060 2559 1185 2609 potius
1204 2571 1272 2608 pro
1294 2572 1375 2596 sese
1396 2559 1552 2609 primum
1572 2566 1630 2597 est

197 2621 270 2659 illis
291 2621 384 2659 ratio
405 2619 599 2658 reddenda
616 2634 732 2671 quam
755 2621 859 2659 hunc
877 2635 899 2660 a
919 2621 1022 2658 vobis
1049 2620 1311 2658 dimittendum
1333 2625 1501 2657 exorent.
1556 2620 1627 2656 Ar-

198 2683 313 2720 bitror
331 2695 442 2732 porro
458 2695 531 2733 ego
545 2688 738 2733 etpatrem
756 2682 827 2734 ipsi
846 2682 926 2719 fato
945 2694 1014 2719 suo
1029 2680 1267 2732 perfunctum
1285 2703 1333 2710 —
1347 2681 1378 2717 si
1395 2680 1479 2731 quis
1493 2693 1628 2719 sensus

199 2745 298 2782 inest
315 2742 506 2781 defunctis
524 2758 649 2782 earum
662 2758 785 2782 rerum
806 2757 892 2794 quae
908 2744 968 2780 hic
987 2744 1082 2780 fiunt
1100 2766 1150 2771 --
1164 2743 1329 2780 omnium
1352 2742 1626 2780 severissimum

199 2805 276 2842 fore
290 2803 473 2854 judicem,
486 2804 594 2855 cujus
614 2818 752 2843 aeream
768 2804 970 2855 imaginem
991 2803 1165 2842 hostibus
1181 2804 1389 2854 expositam
1410 2803 1572 2854 reliquit,
1589 2810 1629 2841 ut

200 2878 282 2903 eam
302 2865 339 2902 iu
362 2864 500 2915 templo
524 2865 630 2904 Jovis
652 2866 858 2904 Servatoris
886 2865 1153 2916 depraedentur
1180 2865 1530 2917 contumelioseque
1558 2873 1628 2902 tra-

199 2931 317 2969 ctent,
336 2932 374 2963 et
402 2938 513 2975 quam
535 2926 615 2976 ipse
641 2927 773 2965 statuit
803 2932 1087 2964 monumentum
1112 2925 1380 2964 moderationis
1407 2939 1499 2971 suae,
1528 2925 1623 2963 hunc
