1870 3277
431 183 503 222 DE
533 184 982 224 PHILOCTEMONIS
1006 183 1367 222 HEREDITATE.
1541 182 1615 220 363

180 284 334 334 quidem
352 286 443 324 satis
469 287 634 327 habuere
659 287 807 326 differre
838 293 952 336 atque
984 285 1182 336 dissipare,
1202 284 1270 321 sed
1299 283 1409 324 etiam
1430 283 1513 333 ipso
1538 282 1616 320 Eu-

179 352 354 384 ctemone
367 347 519 385 tandem
533 348 610 386 vita
628 348 823 393 defuncto,
842 346 1013 385 audaciae
1029 350 1297 395 processerunt
1315 356 1361 381 eo
1375 350 1418 379 ut
1436 342 1500 380 illo
1516 342 1616 380 intus

178 405 218 442 in
250 405 397 445 aedibus
415 408 552 447 *adhuc
572 409 725 460 jacente
757 421 883 446 servos
913 405 1162 451 custodirent,
1191 417 1268 455 quo
1294 417 1341 441 ne
1373 403 1458 453 quis
1487 416 1615 440 eorum

177 467 380 517 quicquam
399 470 478 507 sive
503 470 652 508 duabus
669 470 751 520 ejus
772 469 920 507 filiabus
941 468 1019 506 sive
1039 467 1144 504 uxori
1165 466 1365 503 nunciaret
1385 464 1462 502 sive
1480 477 1613 502 neces-

178 528 361 566 sariorum
404 530 607 581 cuiquam;
664 530 848 581 pecunias
891 535 1018 567 autem
1055 534 1094 565 et
1129 539 1222 564 vasa
1262 523 1613 575 supellectilemque.

178 588 423 628 Euctemonis
445 591 649 642 adjuvante
667 590 822 627 muliere
838 591 874 627 in
895 590 1051 627 domum
1068 588 1290 639 proximam,
1309 585 1372 623 cui
1391 596 1478 621 cum
1499 583 1612 621 domo

177 649 428 690 Euctemonis
448 653 569 704 paries
590 652 689 689 idem
710 651 921 689 communis
941 657 1013 694 est,
1034 649 1299 699 exportabant,
1323 658 1436 696 quarn
1457 644 1612 681 domum

175 710 366 750 incolebat
380 713 534 763 quidam
550 713 681 750 horum
702 713 878 750 mercede
893 711 1139 754 conductam,
1155 708 1360 746 Antidorus
1381 705 1454 742 ille.
1496 706 1546 742 Et
1564 718 1612 742 ne

175 785 261 809 cum
283 774 369 810 filiae
387 773 538 823 quidem
557 773 729 811 venirent
747 786 930 823 uxorque,
951 773 998 809 ab
1018 771 1099 809 aliis
1119 771 1166 807 de
1185 781 1348 807 excessu
1368 766 1614 804 Euctemonis

175 837 351 875 certiores
371 838 499 883 factae,
528 838 704 875 sinebant
730 850 795 874 eas
821 838 973 882 intrare,
1000 835 1069 873 sed
1088 833 1320 872 claudebant
1343 831 1457 875 fores,
1476 837 1614 880 praete-

172 904 309 936 xentes
327 912 456 936 curam
475 898 618 936 funeris
639 898 709 936 illis
728 898 830 935 haud
845 896 1065 935 convenire:
1093 894 1156 932 vix
1175 892 1330 931 tandem
1343 891 1564 942 aperiebant
1576 897 1616 928 et

172 958 351 997 mulieres
364 959 446 997 illas
459 959 710 997 admittebant
724 959 826 996 circa
842 957 930 996 solis
946 968 1125 995 occasum
1138 954 1305 992 demum.
1360 952 1416 990 Ibi
1431 952 1615 1002 ingressae

174 1019 511 1070 deprehendebant
525 1022 801 1059 Euctemonem
817 1019 972 1070 quidem
988 1019 1089 1056 intus
1101 1018 1292 1068 jacentem
1306 1015 1386 1067 jam
1402 1014 1440 1052 in
1453 1014 1614 1052 alterum

174 1080 289 1127 diem,
316 1082 352 1119 id
383 1082 485 1133 quod
514 1082 647 1120 famuli
676 1081 926 1127 affirmabant,
957 1080 1113 1118 domum
1143 1084 1271 1116 autem
1298 1076 1551 1114 instrumento
1576 1081 1616 1112 et

173 1142 285 1179 rebus
315 1156 468 1193 prorsus
488 1143 663 1181 omnibus
688 1143 951 1181 vacuefactam
977 1141 1113 1178 horum
1142 1151 1270 1190 opera.
1326 1138 1412 1175 Jam
1439 1137 1614 1174 mulieres

170 1203 322 1251 quidem
343 1203 380 1240 in
399 1203 564 1242 lavando
584 1210 623 1242 et
640 1202 908 1255 componendo
927 1202 1128 1246 cadavere,
1143 1208 1185 1237 ut
1204 1212 1272 1250 per
1293 1205 1388 1243 erat,
1410 1199 1613 1236 versaban-

172 1269 256 1307 tur;
287 1264 324 1300 hi
344 1271 471 1302 autem
499 1264 716 1315 [necessarii
742 1263 1007 1312 Euctemonis]
1031 1262 1238 1300 amicorum
1261 1266 1300 1297 et
1319 1259 1471 1297 testium
1493 1259 1613 1297 turbae

171 1337 256 1373 quae
276 1338 340 1362 eos
360 1325 542 1363 comitata
559 1332 640 1363 erat
669 1338 771 1363 oecos
796 1324 1124 1368 demonstrabant,
1144 1334 1257 1373 quam
1283 1326 1413 1358 essent
1431 1319 1613 1357 exinaniti

172 1391 210 1423 et
227 1386 395 1436 expilati,
418 1399 624 1437 servosque
644 1399 770 1424 coram
791 1386 850 1424 his
871 1385 1080 1436 [Androcle
1106 1391 1145 1422 et
1168 1382 1425 1431 consortibus]
1452 1382 1613 1419 interro-

171 1447 326 1496 gabant,
347 1460 512 1498 quonam
539 1448 713 1499 supellex
741 1453 780 1485 et
810 1447 967 1497 reliquae
992 1459 1083 1497 opes
1113 1458 1256 1483 aversae
1285 1450 1428 1482 essent.
1485 1443 1612 1493 Iisque

170 1508 491 1558 respondentibus
507 1509 577 1546 hos
598 1521 664 1546 eas
685 1509 721 1546 in
742 1508 957 1559 proximam
977 1507 1132 1544 domum
1152 1512 1390 1556 exportasse,
1405 1503 1443 1540 hi
1459 1503 1612 1555 quidem

170 1569 469 1618 [Chaerestratus
490 1582 577 1607 cum
599 1569 730 1618 sociis]
751 1576 923 1607 auctores
942 1568 1085 1605 fiebant
1100 1573 1142 1604 ut
1158 1566 1303 1603 furtum
1323 1564 1494 1616 protinus
1508 1577 1612 1614 quae-

173 1636 330 1677 rerem,
360 1637 473 1682 prout
500 1630 562 1682 jus
593 1630 701 1668 civile
737 1635 967 1681 potestatem
998 1629 1080 1679 ejus
1111 1627 1163 1665 rei
1192 1626 1296 1671 facit,
1324 1626 1612 1676 poscebantque

170 1703 298 1729 servos
326 1692 395 1730 sibi
423 1691 510 1730 dedi
537 1705 603 1729 eos
631 1691 697 1741 qui
725 1696 1010 1743 exportassent;
1049 1689 1109 1726 isti
1138 1700 1227 1725 vero
1255 1687 1493 1737 [Androcles
1522 1699 1610 1724 cum

169 1753 424 1803 consortibus]
456 1754 688 1791 recusabant
724 1765 918 1804 aequorum
946 1753 1211 1803 justorumque
1237 1750 1440 1800 quicquam
1472 1749 1609 1788 facere.

169 1814 266 1857 Quae
279 1821 321 1852 ut
340 1822 491 1853 constet
510 1828 596 1853 vera
616 1827 637 1852 a
658 1827 717 1852 me
737 1815 824 1860 dici,
847 1827 940 1865 cape
957 1820 996 1851 tu
1017 1813 1141 1851 scriba
1160 1812 1256 1849 istoc
1271 1818 1310 1848 et
1328 1811 1457 1848 recita.

221 1877 259 1913 9.
288 1876 448 1914 Tantam
480 1876 609 1927 itaque
639 1875 915 1927 supellectilem
935 1888 1022 1912 cum
1047 1874 1161 1912 domo
1180 1872 1308 1910 furtim
1327 1877 1608 1922 exportassent,

169 1944 207 1974 et
226 1937 408 1987 pecunias
427 1943 602 1974 tenerent
622 1950 642 1975 e
663 1936 878 1974 venditione
898 1935 1101 1973 fundorum
1127 1933 1317 1980 redactas,
1335 1932 1610 1983 vectigaliaque

167 1998 466 2036 intervertissent
493 2006 606 2049 atque
636 1999 732 2036 inter
766 2011 806 2036 se
838 1997 1084 2035 diribuissent
1113 2008 1200 2046 quae
1234 2007 1300 2045 per
1329 1993 1426 2031 illud
1455 2001 1607 2045 tempus

169 2060 339 2111 depensa
357 2067 458 2106 sunt,
489 2066 645 2110 sperant
673 2073 713 2097 se
735 2059 886 2110 reliquis
915 2070 1066 2109 quoque
1087 2056 1299 2108 potituros;
1331 2067 1452 2105 eoque
1475 2067 1608 2106 proce-

168 2121 265 2159 dunt
289 2121 544 2172 impudentiae,
564 2127 607 2158 ut
628 2121 811 2158 directum
834 2120 988 2171 quidem
1008 2120 1072 2170 jus
1093 2130 1233 2168 praese
1261 2116 1424 2153 ferentes
1447 2122 1486 2153 et
1503 2122 1609 2154 recta

165 2183 414 2221 hereditatem
442 2189 615 2234 petentes
639 2182 742 2220 haud
770 2182 955 2220 auderent
980 2181 1018 2218 in
1044 2181 1167 2218 forum
1195 2178 1358 2229 ingredi,
1385 2185 1425 2216 at
1452 2178 1608 2229 obliqua

167 2251 295 2282 tamen
315 2245 374 2282 via
402 2257 470 2296 per
491 2244 785 2282 obtestationem
812 2244 922 2293 quasi
950 2242 1058 2280 liberi
1079 2240 1231 2292 genuini
1251 2239 1445 2285 adessent,
1464 2252 1541 2289 qua
1567 2240 1607 2277 in

168 2320 207 2344 re
234 2306 359 2344 testati
392 2312 482 2344 sunt
511 2312 591 2344 tum
619 2318 686 2356 per
716 2318 756 2342 se
784 2304 894 2350 falsa,
913 2310 993 2341 tum
1018 2302 1091 2340 illis
1121 2302 1211 2353 ipsis
1237 2313 1322 2351 quae
1350 2307 1510 2351 egerunt
1534 2299 1607 2350 ipsi

168 2367 432 2406 adversantia:
462 2379 548 2404 nam
581 2379 668 2404 cum
701 2373 815 2404 antea
846 2365 957 2404 scribi
988 2365 1124 2402 horum
1152 2374 1354 2414 puerorum
1386 2361 1539 2399 nomina
1566 2361 1606 2399 in

167 2429 306 2467 tabulis
330 2428 431 2480 apud
458 2428 677 2466 archontem
705 2434 918 2473 curassent,
940 2426 1094 2464 alterius
1120 2438 1191 2462 ceu
1209 2424 1273 2461 filii
1293 2422 1606 2468 Philoctemonis‚

166 2491 320 2528 alterius
339 2503 408 2528 ceu
429 2489 494 2526 filii
515 2488 753 2539 Ergamenis‚
772 2501 874 2526 nunc
893 2489 931 2525 in
956 2486 1208 2525 obtestatione
1229 2496 1299 2521 sua
1318 2483 1509 2520 affirmant
1533 2483 1605 2522 hos

167 2552 323 2590 eosdem
352 2551 446 2588 filios
468 2550 712 2588 Euctemonis
731 2563 830 2588 esse.
886 2550 1134 2598 Quanquam,
1156 2559 1202 2583 ne
1223 2545 1254 2582 si
1273 2545 1320 2582 ab
1347 2544 1431 2594 ipso
1449 2544 1604 2594 quidem

170 2614 403 2651 Euctemone
428 2612 614 2663 procreati
633 2618 775 2658 essent,
796 2611 911 2662 hujus
930 2610 995 2647 filii
1015 2615 1129 2658 atque
1148 2606 1309 2644 heredes
1329 2617 1413 2642 esse
1432 2612 1604 2655 possent,

168 2682 413 2726 posteaquam
439 2674 556 2712 semel
585 2673 632 2712 ab
662 2686 708 2712 eo
733 2673 894 2712 alienam
921 2672 957 2708 in
985 2675 1215 2720 potestatem
1245 2666 1471 2716 emancipati
1491 2673 1531 2704 et
1556 2667 1605 2705 ab

169 2736 251 2773 aliis
271 2735 454 2785 adoptati
486 2735 676 2784 fuissent3
704 2735 741 2772 id
769 2733 873 2785 quod
900 2732 938 2769 hi
965 2731 1107 2768 factum
1139 2729 1246 2767 aiunt
1275 2739 1382 2767 esse:
1409 2725 1473 2778 jus
1503 2726 1604 2765 enim

169 2796 277 2834 civile
295 2808 371 2833 non
399 2795 485 2832 sinit
502 2808 732 2846 quemquam
761 2795 983 2844 adoptatum
1003 2804 1024 2828 e
1046 2791 1174 2835 dom0,
1194 2790 1230 2827 in
1258 2800 1371 2838 quam
1399 2788 1605 2839 adoptatus

168 2857 315 2900 fuisset,
342 2855 444 2892 illam
472 2855 510 2892 in
537 2856 705 2901 domum,
728 2855 830 2892 unde
858 2853 1031 2905 primitus
1060 2858 1165 2889 ortus
1185 2856 1223 2888 et
1251 2849 1511 2900 emancipatus
1541 2849 1602 2892 sit,

169 2918 303 2964 redire,
320 2917 389 2955 nisi
402 2929 448 2955 ea
466 2917 502 2954 in
523 2916 652 2964 domo,
667 2917 827 2966 inquam
850 2915 1020 2953 elocatus
1042 2919 1156 2957 esset,
1176 2911 1359 2961 filiumex
1382 2923 1422 2948 se
1439 2909 1603 2959 legitime
