1870 3277
522 170 591 205 DE
623 168 848 206 HAGNIAE
878 167 1236 204 HEREDITATE.
1516 165 1589 199 417

163 267 404 312 vestrum‚ita
416 280 475 305 me
489 268 539 306 dii
555 276 695 315 ament,
707 270 864 307 arbitror
879 281 962 306 esse
975 268 1038 318 qui
1052 268 1214 317 ignoret,
1227 268 1294 305 sed
1310 266 1465 318 perinde
1475 267 1592 305 nostis

162 340 315 371 omnes;
338 337 567 380 quapropter
581 343 710 368 causae
729 330 781 367 nil
797 329 907 366 video
922 342 988 366 cur
1003 328 1058 365 his
1074 329 1123 365 de
1141 329 1252 366 rebus
1265 331 1374 378 plura
1389 328 1590 378 disputem.

163 388 239 426 Sed
268 388 377 427 video
405 403 491 427 eum
522 389 813 440 [adversarium]
844 389 1051 426 orationem
1084 388 1284 438 plurimam
1315 389 1350 425 in
1381 388 1590 426 rationibus

162 449 386 487 substantiae
406 458 484 487 tum
516 452 598 501 ejus
627 464 712 501 quae
741 449 885 501 pupillo
906 455 1063 487 est-tum
1083 449 1236 487 alterius
1258 462 1342 498 quae
1362 449 1451 485 mihi
1472 462 1591 499 expo-

160 510 295 547 nendis
316 524 551 557 consumere,
571 519 609 549 et
627 511 811 562 pupillum
831 509 984 560 quidem
1004 510 1117 560 plane
1149 509 1296 546 nudum
1327 509 1485 545 fortunis
1512 522 1592 546 om-

162 570 272 608 nibus
292 573 460 609 oratione
478 571 603 609 facere
620 578 659 609 et
675 571 723 608 ad
742 571 877 608 incitas
898 571 1109 615 redactum,
1126 570 1214 606 mihi
1233 576 1360 606 autem
1380 569 1510 618 copias
1531 582 1595 606 ne-

161 632 239 670 scio
259 646 371 683 quam
393 634 564 684 ingentes
583 632 706 671 verbis
727 633 939 678 adstruere,
959 632 1202 682 animumque
1228 631 1408 680 affingere
1429 637 1505 667 tam
1527 630 1592 667 de-

159 706 335 742 generem
351 700 427 731 tam
445 693 641 731 sordidum
659 700 738 731 tarn
758 693 987 743 flagitiosum
1010 692 1174 741 denique
1194 698 1407 742 atrumque,
1427 697 1469 728 ut
1489 690 1593 728 Stra-

158 753 267 790 toclis
288 754 563 804 filiarum‚-quae
583 766 742 791 numero
764 761 853 791 sunt
880 761 1058 804 quatuor,
1079 752 1175 790 nulli
1204 752 1331 789 dotem
1363 764 1593 801 quocunque

157 824 270 866 pacto
303 817 554 863 contribuam,
584 817 756 867 quamvis
787 817 888 854 bona
923 816 1049 854 fratris
1078 829 1206 853 earum
1237 814 1395 852 habeam
1428 813 1593 863 mihique

157 878 427 927 arrogaverim;
458 878 494 916 id
522 879 621 916 enim
649 878 714 916 ille
733 879 858 916 verbis
887 878 1150 916 tantummodo
1173 878 1308 928 jactat.
1366 875 1595 914 Consultum

156 938 283 988 itaque
304 939 403 977 duco
435 953 457 977 a
485 953 545 978 me
575 940 676 977 huuc
702 953 855 991 quoque
875 940 1020 978 nodum
1043 939 1226 990 expediri.
1282 939 1420 989 Sperat
1438 938 1537 974 enim
1553 949 1593 974 se

156 998 214 1036 his
236 1000 416 1038 orationis
429 1001 629 1052 praestigiis
641 1002 714 1040 hoc
729 1009 1039 1048 consecuturum,
1054 1008 1096 1038 ut
1109 1001 1263 1039 sinistra
1281 1000 1330 1038 de
1342 1012 1401 1037 me
1416 998 1596 1050 opinione

156 1061 292 1111 repleti
311 1062 518 1113 animisque
539 1076 561 1100 a
581 1076 639 1100 me
666 1063 869 1102 abalienati
895 1069 1114 1114 suspectum
1143 1075 1202 1100 me
1224 1061 1329 1099 vobis
1355 1054 1595 1109 *exosumque

156 1121 328 1160 habeatis
347 1123 510 1173 mihique
528 1124 728 1162 invideatis
748 1132 792 1163 ut
810 1124 953 1163 homini
978 1131 1117 1176 proeter
1145 1123 1319 1161 meritum
1338 1128 1376 1160 et
1395 1134 1462 1172 per
1488 1120 1597 1158 nefas

156 1182 266 1220 bonis
284 1183 414 1220 alienis
434 1186 622 1234 saginato,
643 1185 846 1223 liberorum
868 1186 1068 1223 Stratoclis
1088 1191 1216 1221 autem
1235 1183 1425 1220 miseratio
1445 1193 1511 1218 vos
1537 1181 1595 1218 in-

156 1251 296 1290 cessat,
316 1243 346 1281 si
371 1244 485 1293 culpa
514 1257 597 1280 mea
615 1244 727 1293 egeni
753 1253 792 1280 et
819 1243 983 1280 mendici
1014 1244 1103 1279 facti
1133 1244 1240 1279 vobis
1260 1243 1461 1278 videantur
1494 1255 1593 1280 esse.

157 1305 480 1343 Committendum
502 1304 630 1354 itaque
649 1304 738 1341 mihi
760 1317 836 1341 non
856 1310 972 1342 estut
990 1316 1056 1340 vos
1076 1302 1161 1340 haec
1180 1301 1375 1353 ignoretis,
1392 1302 1459 1340 sed
1481 1316 1597 1353 opera

156 1366 282 1417 potius
303 1366 430 1403 danda
444 1372 487 1403 ut
497 1365 580 1402 haec
600 1377 754 1414 quoque
775 1365 892 1416 probe
912 1364 1086 1409 teneatis,
1103 1376 1177 1414 quo
1198 1363 1290 1401 certi
1312 1363 1391 1399 sitis
1413 1376 1498 1400 eum
1512 1364 1597 1402 haec

158 1439 310 1477 quoque
336 1426 537 1464 mentitum
570 1438 666 1470 esse,
687 1425 826 1475 pariter
846 1432 961 1474 atque
991 1424 1135 1474 reliqua
1164 1423 1290 1460 omnia
1317 1422 1498 1460 mentitus
1525 1431 1597 1461 est.

157 1487 240 1538 Ego
267 1486 630 1538 profecto‚judices,
650 1486 755 1523 haud
785 1498 953 1523 recusem
984 1485 1182 1521 hominum
1211 1483 1376 1521 omnium
1407 1483 1597 1534 pessimus

157 1547 299 1592 haberi,
319 1549 365 1594 si,
387 1547 576 1586 Stratocle
595 1547 633 1584 in
653 1561 691 1585 re
708 1547 920 1584 domestica
941 1545 1075 1583 afflicta
1091 1545 1292 1590 exstincto,
1314 1545 1364 1582 ita
1385 1557 1443 1582 me
1462 1545 1595 1583 imme-

159 1621 302 1646 morem
321 1609 402 1659 ejus
419 1609 546 1659 itaque
561 1621 729 1658 gererem
745 1608 993 1644 inhumanum
1010 1615 1052 1644 ut
1067 1607 1146 1657 ipse
1160 1605 1277 1656 copiis
1291 1619 1411 1643 rerum
1428 1606 1597 1644 omnium

161 1670 358 1707 abundans
379 1670 517 1709 liberos
537 1670 618 1720 ejus
651 1682 763 1719 egere
795 1670 906 1706 rebus
937 1668 1110 1706 omnibus
1142 1675 1290 1718 paterer
1318 1667 1501 1717 pensique
1530 1680 1597 1718 eos

160 1730 264 1768 haud
284 1731 464 1769 facerem.
520 1731 586 1767 Sin
607 1739 733 1768 autem
755 1730 965 1767 Stratocles
994 1729 1121 1766 liberis
1152 1728 1355 1766 facultates
1384 1728 1533 1778 reliquit
1561 1735 1598 1767 et

160 1792 361 1842 ampliores
376 1805 488 1842 quam
509 1798 600 1829 sunt
618 1805 713 1828 meae
729 1799 767 1829 et
781 1791 968 1836 certiores,
984 1803 1125 1841 easque
1144 1797 1268 1828 tantas
1289 1797 1328 1827 ut
1349 1798 1386 1827 et
1409 1790 1496 1827 filiee
1510 1803 1597 1828 cum

162 1852 251 1890 dote
279 1853 476 1890 luculenta
501 1852 648 1903 possint
674 1852 825 1897 elocari,
847 1859 885 1890 et
904 1852 1001 1889 filius
1024 1864 1110 1889 cum
1141 1851 1199 1896 iis,
1217 1865 1302 1902 quae
1323 1852 1368 1889 ab
1387 1851 1597 1888 elocatione

163 1927 332 1952 sororum
353 1914 423 1965 ipsi
442 1913 922 1964 supersunt‚nihilominus
950 1921 1076 1950 tamen
1109 1912 1144 1949 in
1176 1912 1428 1963 locupletibus
1455 1912 1599 1957 haberi,

163 1987 313 2026 egoque
334 1976 364 2013 si
383 1976 484 2012 bona
502 1974 568 2011 illa
584 1974 638 2011 sic
658 1974 881 2012 administro
903 1981 944 2011 ut
962 1974 1082 2011 multo
1099 1974 1210 2011 etiam
1231 1974 1352 2023 magis
1369 1973 1599 2023 amplificen-

162 2043 238 2083 tur,
253 2045 332 2074 tum
351 2037 483 2074 merito
497 2049 648 2074 caream
664 2035 970 2086 reprehensione,
985 2048 1062 2072 rem
1080 2048 1198 2072 meam
1216 2035 1436 2072 familiarem
1452 2034 1599 2071 illorum

163 2098 214 2135 rei
236 2098 397 2149 adjicere
415 2098 561 2142 nolens,
583 2104 634 2143 et,
655 2097 758 2147 quod
779 2111 859 2134 rem
889 2097 1038 2135 illorum
1068 2109 1142 2133 non
1164 2103 1270 2133 tuear
1294 2095 1408 2132 modo
1435 2096 1504 2132 sed
1524 2108 1600 2132 am-

164 2159 328 2211 plificem
348 2172 499 2210 quoque
526 2158 809 2196 accessionibus
839 2158 941 2196 haud
971 2156 1216 2208 poenitendis,
1235 2169 1282 2193 ex
1310 2169 1355 2193 eo
1375 2156 1434 2194 vel
1467 2156 1601 2194 lauder

164 2233 316 2272 quoque
336 2221 480 2259 merito.
534 2219 632 2258 Rem
659 2228 787 2258 autem
816 2221 868 2258 ita
896 2232 949 2264 se,
970 2227 1012 2256 ut
1039 2219 1112 2263 aio,
1132 2218 1284 2263 habere,
1305 2218 1415 2255 facile
1441 2218 1599 2256 demon-

165 2289 284 2321 stratu
304 2289 373 2320 est.

222 2345 283 2381 10.
313 2344 479 2381 Primum
498 2345 624 2395 itaque
646 2344 726 2394 ipsa
754 2343 801 2381 de
826 2342 1041 2380 substantia
1067 2340 1267 2379 Stratoclis
1296 2352 1497 2390 exponam,
1518 2346 1597 2375 tum

164 2418 316 2456 quoque
335 2418 394 2443 me
414 2413 517 2444 recte
536 2405 728 2456 postulare
749 2412 791 2442 ut
823 2404 942 2442 tutela
967 2403 1098 2455 pupilli
1124 2415 1242 2452 penes
1268 2414 1327 2438 me
1353 2400 1599 2450 imposterum

165 2480 315 2519 quoque
335 2473 498 2504 maneat.
542 2467 719 2505 Stratocli
740 2466 1004 2517 patrimonium
1025 2471 1104 2502 erat
1122 2461 1280 2514 perinde
1300 2468 1414 2511 atque
1430 2460 1521 2497 mihi
1541 2468 1600 2497 est

165 2529 356 2567 modicum
393 2529 576 2577 eiusmodi
613 2537 655 2567 ut
694 2542 850 2567 munera
887 2528 1043 2580 quidem
1076 2540 1151 2565 non
1189 2525 1388 2563 edentibus
1425 2524 1601 2570 sufficiat,

166 2590 325 2629 edendis
353 2598 480 2629 autern
513 2591 652 2629 muniis
682 2604 923 2642 nequaquam
954 2602 1022 2640 par
1043 2589 1103 2627 sit.
1160 2587 1447 2625 Documentum
1482 2585 1602 2624 dabo:

167 2653 279 2690 ambo
298 2665 368 2690 nos
394 2666 481 2691 cum
501 2665 617 2691 uxore
637 2653 799 2704 quisque
827 2665 896 2690 sua
913 2651 1067 2689 vicenas
1085 2649 1207 2687 minas
1226 2648 1381 2686 tulimus
1402 2647 1440 2683 in
1461 2646 1601 2693 dotem,

168 2713 380 2764 cujusmodi
401 2714 471 2752 dos
501 2728 577 2754 non
605 2714 718 2752 facile
746 2715 785 2752 in
816 2713 972 2751 domum
998 2711 1227 2761 locupletem
1248 2710 1357 2747 detur
1376 2706 1463 2759 [sed
1484 2707 1603 2759 duplo

169 2774 326 2825 triplove
347 2781 386 2812 et
404 2774 504 2813 ultra
521 2776 669 2827 major].
727 2775 803 2812 Sed
824 2773 985 2823 contigit
1004 2771 1182 2809 Stratocli
1198 2777 1241 2808 ut
1254 2769 1480 2821 patrimonio
1494 2768 1603 2806 here·

169 2835 327 2873 ditatem
345 2835 463 2873 duum
483 2836 709 2874 talentorum
726 2848 813 2874 cum
833 2835 990 2873 semisse
1010 2833 1247 2883 adjungeret.
1279 2830 1488 2881 Theophon
1503 2830 1600 2867 enim

167 2897 250 2949 ejus
276 2897 406 2935 uxoris
435 2896 549 2935 frater
577 2897 826 2936 moribundus
853 2909 900 2934 ex
927 2895 1006 2946 ejus
1033 2895 1182 2933 filiabus
1209 2905 1324 2931 unam
1353 2893 1422 2931 sibi
1441 2904 1507 2943 pro
1528 2891 1603 2928 filia

872 2961 894 2995 3
920 2970 946 2995 u
