<?xml version="1.0" encoding="UTF-8"?>
<!DOCTYPE html PUBLIC "-//W3C//DTD XHTML 1.0 Transitional//EN"
    "http://www.w3.org/TR/xhtml1/DTD/xhtml1-transitional.dtd">
<html xmlns="http://www.w3.org/1999/xhtml" xml:lang="en" lang="en">
 <head>
  <title>
</title>
<meta http-equiv="Content-Type" content="text/html;charset=utf-8" />
  <meta name='ocr-system' content='tesseract 3.04.00' />
  <meta name='ocr-capabilities' content='ocr_page ocr_carea ocr_par ocr_line ocrx_word'/>
</head>
<body>
  <div class='ocr_page' id='page_1' title='image "./oratoresatticie14dobs_0350.png"; bbox 0 0 1870 3277; ppageno 0'>
   <div class='ocr_carea' id='block_1_1' title="bbox 251 158 1030 200">
    <p class='ocr_par' dir='ltr' id='par_1_1' title="bbox 251 158 1030 200">
     <span class='ocr_line' id='line_1_1' title="bbox 251 158 1030 200; baseline -0.006 0"><span class='ocrx_word' id='word_1_1' title='bbox 251 165 325 200; x_wconf 77' lang='lat'>³38</span> <span class='ocrx_word' id='word_1_2' title='bbox 911 158 1030 196; x_wconf 78' lang='lat' dir='ltr'>ISAEl</span> 
     </span>
    </p>
   </div>
   <div class='ocr_carea' id='block_1_2' title="bbox 251 259 1736 2961">
    <p class='ocr_par' dir='ltr' id='par_1_2' title="bbox 251 259 1719 1598">
     <span class='ocr_line' id='line_1_2' title="bbox 251 259 1696 314; baseline -0.003 -14"><span class='ocrx_word' id='word_1_3' title='bbox 251 263 433 314; x_wconf 88' lang='lat' dir='ltr'>quidnam</span> <span class='ocrx_word' id='word_1_4' title='bbox 453 263 489 299; x_wconf 92' lang='lat' dir='ltr'>in</span> <span class='ocrx_word' id='word_1_5' title='bbox 511 267 743 299; x_wconf 82' lang='lat' dir='ltr'>testamento</span> <span class='ocrx_word' id='word_1_6' title='bbox 763 261 1025 300; x_wconf 84' lang='lat' dir='ltr'>constituisset</span> <span class='ocrx_word' id='word_1_7' title='bbox 1051 261 1115 299; x_wconf 90' lang='lat' dir='ltr'>ille</span> <span class='ocrx_word' id='word_1_8' title='bbox 1144 261 1398 306; x_wconf 80' lang='lat' dir='ltr'>Nicostratus,</span> <span class='ocrx_word' id='word_1_9' title='bbox 1419 261 1530 310; x_wconf 86' lang='lat' dir='ltr'>cujus</span> <span class='ocrx_word' id='word_1_10' title='bbox 1558 259 1596 296; x_wconf 91' lang='lat' dir='ltr'>in</span> <span class='ocrx_word' id='word_1_11' title='bbox 1627 270 1696 295; x_wconf 90' lang='lat' dir='ltr'>no-</span> 
     </span>
     <span class='ocr_line' id='line_1_3' title="bbox 251 319 1696 374; baseline -0.003 -13"><span class='ocrx_word' id='word_1_12' title='bbox 251 324 351 361; x_wconf 91' lang='lat' dir='ltr'>mine</span> <span class='ocrx_word' id='word_1_13' title='bbox 371 323 565 374; x_wconf 88' lang='lat' dir='ltr'>patrisque</span> <span class='ocrx_word' id='word_1_14' title='bbox 587 324 708 359; x_wconf 78' lang='lat' dir='ltr'>ambae</span> <span class='ocrx_word' id='word_1_15' title='bbox 727 329 852 372; x_wconf 84' lang='lat' dir='ltr'>partes</span> <span class='ocrx_word' id='word_1_16' title='bbox 873 324 1154 361; x_wconf 83' lang='lat' dir='ltr'>consentirent:</span> <span class='ocrx_word' id='word_1_17' title='bbox 1178 323 1258 373; x_wconf 88' lang='lat' dir='ltr'>jam</span> <span class='ocrx_word' id='word_1_18' title='bbox 1277 335 1364 360; x_wconf 90' lang='lat' dir='ltr'>vero</span> <span class='ocrx_word' id='word_1_19' title='bbox 1384 322 1447 372; x_wconf 90' lang='lat' dir='ltr'>qui</span> <span class='ocrx_word' id='word_1_20' title='bbox 1469 322 1561 359; x_wconf 89' lang='lat' dir='ltr'>licet</span> <span class='ocrx_word' id='word_1_21' title='bbox 1575 319 1696 358; x_wconf 81' lang='lat' dir='ltr'>eidem</span> 
     </span>
     <span class='ocr_line' id='line_1_4' title="bbox 252 381 1697 434; baseline -0.003 -13"><span class='ocrx_word' id='word_1_22' title='bbox 252 385 394 422; x_wconf 88' lang='lat' dir='ltr'>homini</span> <span class='ocrx_word' id='word_1_23' title='bbox 414 384 511 421; x_wconf 88' lang='lat' dir='ltr'>duos</span> <span class='ocrx_word' id='word_1_24' title='bbox 533 391 658 434; x_wconf 80' lang='lat' dir='ltr'>patres</span> <span class='ocrx_word' id='word_1_25' title='bbox 680 383 888 433; x_wconf 73' lang='lat' dir='ltr'>imputare?</span> <span class='ocrx_word' id='word_1_26' title='bbox 943 384 986 421; x_wconf 94' lang='lat' dir='ltr'>Id</span> <span class='ocrx_word' id='word_1_27' title='bbox 1004 385 1104 421; x_wconf 89' lang='lat' dir='ltr'>enim</span> <span class='ocrx_word' id='word_1_28' title='bbox 1126 384 1218 421; x_wconf 87' lang='lat' dir='ltr'>fecit</span> <span class='ocrx_word' id='word_1_29' title='bbox 1246 383 1470 427; x_wconf 82' lang='lat' dir='ltr'>Chariades,</span> <span class='ocrx_word' id='word_1_30' title='bbox 1491 382 1569 432; x_wconf 92' lang='lat' dir='ltr'>qui,</span> <span class='ocrx_word' id='word_1_31' title='bbox 1589 381 1697 418; x_wconf 89' lang='lat' dir='ltr'>here-</span> 
     </span>
     <span class='ocr_line' id='line_1_5' title="bbox 254 442 1700 496; baseline -0.003 -13"><span class='ocrx_word' id='word_1_32' title='bbox 254 446 409 483; x_wconf 85' lang='lat' dir='ltr'>ditatem</span> <span class='ocrx_word' id='word_1_33' title='bbox 431 451 565 496; x_wconf 85' lang='lat' dir='ltr'>petens</span> <span class='ocrx_word' id='word_1_34' title='bbox 587 446 668 494; x_wconf 85' lang='lat' dir='ltr'>ejus</span> <span class='ocrx_word' id='word_1_35' title='bbox 691 445 896 482; x_wconf 83' lang='lat' dir='ltr'>Nicostrati</span> <span class='ocrx_word' id='word_1_36' title='bbox 924 446 987 495; x_wconf 89' lang='lat' dir='ltr'>qui</span> <span class='ocrx_word' id='word_1_37' title='bbox 1019 446 1118 483; x_wconf 89' lang='lat' dir='ltr'>filius</span> <span class='ocrx_word' id='word_1_38' title='bbox 1148 445 1283 482; x_wconf 87' lang='lat' dir='ltr'>Smicri</span> <span class='ocrx_word' id='word_1_39' title='bbox 1311 445 1393 489; x_wconf 87' lang='lat' dir='ltr'>fuit,</span> <span class='ocrx_word' id='word_1_40' title='bbox 1416 444 1601 482; x_wconf 89' lang='lat' dir='ltr'>adversus</span> <span class='ocrx_word' id='word_1_41' title='bbox 1630 442 1700 479; x_wconf 88' lang='lat' dir='ltr'>hos</span> 
     </span>
     <span class='ocr_line' id='line_1_6' title="bbox 254 503 1700 556; baseline -0.004 -12"><span class='ocrx_word' id='word_1_42' title='bbox 254 514 380 544; x_wconf 88' lang='lat' dir='ltr'>tamen</span> <span class='ocrx_word' id='word_1_43' title='bbox 400 507 576 556; x_wconf 84' lang='lat' dir='ltr'>deposito</span> <span class='ocrx_word' id='word_1_44' title='bbox 597 505 795 543; x_wconf 87' lang='lat' dir='ltr'>contendit</span> <span class='ocrx_word' id='word_1_45' title='bbox 816 514 1066 551; x_wconf 86' lang='lat' dir='ltr'>sacramento,</span> <span class='ocrx_word' id='word_1_46' title='bbox 1081 507 1145 556; x_wconf 88' lang='lat' dir='ltr'>qui</span> <span class='ocrx_word' id='word_1_47' title='bbox 1166 506 1412 543; x_wconf 83' lang='lat' dir='ltr'>hereditatem</span> <span class='ocrx_word' id='word_1_48' title='bbox 1434 511 1570 555; x_wconf 88' lang='lat' dir='ltr'>petunt</span> <span class='ocrx_word' id='word_1_49' title='bbox 1591 516 1613 540; x_wconf 89' lang='lat' dir='ltr'>a</span> <span class='ocrx_word' id='word_1_50' title='bbox 1634 503 1700 539; x_wconf 90' lang='lat' dir='ltr'>Ni-</span> 
     </span>
     <span class='ocr_line' id='line_1_7' title="bbox 254 565 1702 618; baseline -0.005 -12"><span class='ocrx_word' id='word_1_51' title='bbox 254 575 420 606; x_wconf 84' lang='lat' dir='ltr'>costrato</span> <span class='ocrx_word' id='word_1_52' title='bbox 439 566 714 618; x_wconf 80' lang='lat' dir='ltr'>Thrasymachi</span> <span class='ocrx_word' id='word_1_53' title='bbox 738 566 813 603; x_wconf 89' lang='lat' dir='ltr'>filio</span> <span class='ocrx_word' id='word_1_54' title='bbox 840 567 1028 612; x_wconf 89' lang='lat' dir='ltr'>relictam;</span> <span class='ocrx_word' id='word_1_55' title='bbox 1060 568 1169 617; x_wconf 82' lang='lat' dir='ltr'>quasi</span> <span class='ocrx_word' id='word_1_56' title='bbox 1201 566 1371 604; x_wconf 88' lang='lat' dir='ltr'>Smicrus</span> <span class='ocrx_word' id='word_1_57' title='bbox 1404 573 1442 603; x_wconf 92' lang='lat' dir='ltr'>et</span> <span class='ocrx_word' id='word_1_58' title='bbox 1473 565 1702 614; x_wconf 87' lang='lat' dir='ltr'>Thrasyma-</span> 
     </span>
     <span class='ocr_line' id='line_1_8' title="bbox 254 628 1703 679; baseline -0.007 -10"><span class='ocrx_word' id='word_1_59' title='bbox 254 631 351 668; x_wconf 88' lang='lat' dir='ltr'>chus</span> <span class='ocrx_word' id='word_1_60' title='bbox 381 631 481 668; x_wconf 89' lang='lat' dir='ltr'>idem</span> <span class='ocrx_word' id='word_1_61' title='bbox 511 629 625 666; x_wconf 90' lang='lat' dir='ltr'>homo</span> <span class='ocrx_word' id='word_1_62' title='bbox 656 628 830 666; x_wconf 85' lang='lat' dir='ltr'>fuissent.</span> <span class='ocrx_word' id='word_1_63' title='bbox 890 628 1000 666; x_wconf 89' lang='lat' dir='ltr'>Mera</span> <span class='ocrx_word' id='word_1_64' title='bbox 1033 629 1188 679; x_wconf 90' lang='lat' dir='ltr'>quidem</span> <span class='ocrx_word' id='word_1_65' title='bbox 1216 629 1300 666; x_wconf 81' lang='lat' dir='ltr'>hacc</span> <span class='ocrx_word' id='word_1_66' title='bbox 1334 636 1394 665; x_wconf 91' lang='lat' dir='ltr'>est</span> <span class='ocrx_word' id='word_1_67' title='bbox 1424 640 1532 672; x_wconf 89' lang='lat' dir='ltr'>vexa,</span> <span class='ocrx_word' id='word_1_68' title='bbox 1558 636 1703 662; x_wconf 88' lang='lat' dir='ltr'>merum</span> 
     </span>
     <span class='ocr_line' id='line_1_9' title="bbox 255 685 1703 741; baseline -0.006 -12"><span class='ocrx_word' id='word_1_69' title='bbox 255 692 473 737; x_wconf 83' lang='lat' dir='ltr'>ludibrium,</span> <span class='ocrx_word' id='word_1_70' title='bbox 507 702 584 741; x_wconf 94' lang='lat' dir='ltr'>quo</span> <span class='ocrx_word' id='word_1_71' title='bbox 617 703 688 727; x_wconf 88' lang='lat' dir='ltr'>nos</span> <span class='ocrx_word' id='word_1_72' title='bbox 726 689 762 727; x_wconf 91' lang='lat' dir='ltr'>hi</span> <span class='ocrx_word' id='word_1_73' title='bbox 797 691 1031 741; x_wconf 84' lang='lat' dir='ltr'>exagitatum</span> <span class='ocrx_word' id='word_1_74' title='bbox 1069 697 1185 740; x_wconf 91' lang='lat' dir='ltr'>atque</span> <span class='ocrx_word' id='word_1_75' title='bbox 1222 690 1434 728; x_wconf 88' lang='lat' dir='ltr'>territatum</span> <span class='ocrx_word' id='word_1_76' title='bbox 1471 694 1575 731; x_wconf 91' lang='lat' dir='ltr'>eunt,</span> <span class='ocrx_word' id='word_1_77' title='bbox 1617 685 1703 722; x_wconf 83' lang='lat' dir='ltr'>freti</span> 
     </span>
     <span class='ocr_line' id='line_1_10' title="bbox 256 747 1705 802; baseline -0.004 -12"><span class='ocrx_word' id='word_1_78' title='bbox 256 753 438 797; x_wconf 85' lang='lat' dir='ltr'>factione,</span> <span class='ocrx_word' id='word_1_79' title='bbox 470 765 546 802; x_wconf 88' lang='lat' dir='ltr'>qua</span> <span class='ocrx_word' id='word_1_80' title='bbox 578 751 706 802; x_wconf 89' lang='lat' dir='ltr'>stipati</span> <span class='ocrx_word' id='word_1_81' title='bbox 740 751 937 797; x_wconf 91' lang='lat' dir='ltr'>incedunt,</span> <span class='ocrx_word' id='word_1_82' title='bbox 961 759 1000 789; x_wconf 90' lang='lat' dir='ltr'>et</span> <span class='ocrx_word' id='word_1_83' title='bbox 1032 765 1055 789; x_wconf 91' lang='lat' dir='ltr'>a</span> <span class='ocrx_word' id='word_1_84' title='bbox 1087 765 1164 802; x_wconf 88' lang='lat' dir='ltr'>qua</span> <span class='ocrx_word' id='word_1_85' title='bbox 1198 751 1283 789; x_wconf 90' lang='lat' dir='ltr'>telis</span> <span class='ocrx_word' id='word_1_86' title='bbox 1318 750 1495 789; x_wconf 90' lang='lat' dir='ltr'>omnibus</span> <span class='ocrx_word' id='word_1_87' title='bbox 1528 747 1705 798; x_wconf 78' lang='lat' dir='ltr'>nequitiae</span> 
     </span>
     <span class='ocr_line' id='line_1_11' title="bbox 258 809 1708 862; baseline -0.005 -10"><span class='ocrx_word' id='word_1_88' title='bbox 258 821 465 860; x_wconf 86' lang='lat' dir='ltr'>armantur,</span> <span class='ocrx_word' id='word_1_89' title='bbox 486 812 631 851; x_wconf 88' lang='lat' dir='ltr'>artibus</span> <span class='ocrx_word' id='word_1_90' title='bbox 653 813 862 862; x_wconf 79' lang='lat' dir='ltr'>iniquitatis</span> <span class='ocrx_word' id='word_1_91' title='bbox 883 814 1058 851; x_wconf 87' lang='lat' dir='ltr'>omnibus</span> <span class='ocrx_word' id='word_1_92' title='bbox 1080 821 1318 851; x_wconf 86' lang='lat' dir='ltr'>exercentur.</span> <span class='ocrx_word' id='word_1_93' title='bbox 1352 812 1581 849; x_wconf 85' lang='lat' dir='ltr'>Existimant</span> <span class='ocrx_word' id='word_1_94' title='bbox 1594 809 1708 853; x_wconf 90' lang='lat' dir='ltr'>enim,</span> 
     </span>
     <span class='ocr_line' id='line_1_12' title="bbox 258 872 1705 924; baseline -0.004 -11"><span class='ocrx_word' id='word_1_95' title='bbox 258 888 413 913; x_wconf 85' lang='lat' dir='ltr'>causam</span> <span class='ocrx_word' id='word_1_96' title='bbox 435 875 465 912; x_wconf 89' lang='lat' dir='ltr'>si</span> <span class='ocrx_word' id='word_1_97' title='bbox 481 874 609 911; x_wconf 85' lang='lat' dir='ltr'>sinant</span> <span class='ocrx_word' id='word_1_98' title='bbox 629 873 838 924; x_wconf 85' lang='lat' dir='ltr'>simplicem</span> <span class='ocrx_word' id='word_1_99' title='bbox 856 887 1007 911; x_wconf 87' lang='lat' dir='ltr'>manere</span> <span class='ocrx_word' id='word_1_100' title='bbox 1028 873 1199 923; x_wconf 86' lang='lat' dir='ltr'>nihilque</span> <span class='ocrx_word' id='word_1_101' title='bbox 1221 873 1379 910; x_wconf 83' lang='lat' dir='ltr'>turbelae</span> <span class='ocrx_word' id='word_1_102' title='bbox 1399 873 1432 910; x_wconf 92' lang='lat' dir='ltr'>ei</span> <span class='ocrx_word' id='word_1_103' title='bbox 1454 872 1705 914; x_wconf 89' lang='lat' dir='ltr'>immisceant,</span> 
     </span>
     <span class='ocr_line' id='line_1_13' title="bbox 259 931 1708 985; baseline -0.003 -12"><span class='ocrx_word' id='word_1_104' title='bbox 259 936 413 974; x_wconf 87' lang='lat' dir='ltr'>difficile</span> <span class='ocrx_word' id='word_1_105' title='bbox 433 935 491 972; x_wconf 90' lang='lat' dir='ltr'>his</span> <span class='ocrx_word' id='word_1_106' title='bbox 519 934 721 985; x_wconf 87' lang='lat' dir='ltr'>[Hagnoni</span> <span class='ocrx_word' id='word_1_107' title='bbox 754 941 867 984; x_wconf 88' lang='lat' dir='ltr'>atque</span> <span class='ocrx_word' id='word_1_108' title='bbox 898 934 1149 984; x_wconf 85' lang='lat' dir='ltr'>Hagnotheo]</span> <span class='ocrx_word' id='word_1_109' title='bbox 1179 946 1255 970; x_wconf 88' lang='lat' dir='ltr'>non</span> <span class='ocrx_word' id='word_1_110' title='bbox 1282 933 1454 970; x_wconf 87' lang='lat' dir='ltr'>futurum</span> <span class='ocrx_word' id='word_1_111' title='bbox 1481 940 1524 969; x_wconf 91' lang='lat' dir='ltr'>ut</span> <span class='ocrx_word' id='word_1_112' title='bbox 1551 931 1708 982; x_wconf 85' lang='lat' dir='ltr'>planum</span> 
     </span>
     <span class='ocr_line' id='line_1_14' title="bbox 258 992 1709 1045; baseline -0.005 -10"><span class='ocrx_word' id='word_1_113' title='bbox 258 998 402 1035; x_wconf 85' lang='lat' dir='ltr'>faciant</span> <span class='ocrx_word' id='word_1_114' title='bbox 427 1010 449 1034; x_wconf 89' lang='lat' dir='ltr'>a</span> <span class='ocrx_word' id='word_1_115' title='bbox 479 996 696 1033; x_wconf 88' lang='lat' dir='ltr'>Nicostrato</span> <span class='ocrx_word' id='word_1_116' title='bbox 729 1002 1002 1033; x_wconf 89' lang='lat' dir='ltr'>testamentum</span> <span class='ocrx_word' id='word_1_117' title='bbox 1039 994 1223 1045; x_wconf 90' lang='lat' dir='ltr'>scriptum</span> <span class='ocrx_word' id='word_1_118' title='bbox 1257 1007 1413 1045; x_wconf 89' lang='lat' dir='ltr'>prorsus</span> <span class='ocrx_word' id='word_1_119' title='bbox 1448 992 1597 1030; x_wconf 87' lang='lat' dir='ltr'>nullum</span> <span class='ocrx_word' id='word_1_120' title='bbox 1623 1004 1709 1029; x_wconf 86' lang='lat' dir='ltr'>esse</span> 
     </span>
     <span class='ocr_line' id='line_1_15' title="bbox 259 1053 1711 1107; baseline -0.005 -10"><span class='ocrx_word' id='word_1_121' title='bbox 259 1059 449 1097; x_wconf 88' lang='lat' dir='ltr'>relictum:</span> <span class='ocrx_word' id='word_1_122' title='bbox 481 1057 538 1094; x_wconf 92' lang='lat' dir='ltr'>sin</span> <span class='ocrx_word' id='word_1_123' title='bbox 559 1064 686 1094; x_wconf 87' lang='lat' dir='ltr'>autem</span> <span class='ocrx_word' id='word_1_124' title='bbox 706 1063 852 1107; x_wconf 91' lang='lat' dir='ltr'>patrem</span> <span class='ocrx_word' id='word_1_125' title='bbox 875 1056 1083 1094; x_wconf 83' lang='lat' dir='ltr'>Nicostrati</span> <span class='ocrx_word' id='word_1_126' title='bbox 1111 1068 1186 1093; x_wconf 92' lang='lat' dir='ltr'>non</span> <span class='ocrx_word' id='word_1_127' title='bbox 1219 1055 1385 1094; x_wconf 92' lang='lat' dir='ltr'>eundem</span> <span class='ocrx_word' id='word_1_128' title='bbox 1412 1053 1573 1092; x_wconf 89' lang='lat' dir='ltr'>edentes</span> <span class='ocrx_word' id='word_1_129' title='bbox 1602 1053 1711 1090; x_wconf 87' lang='lat' dir='ltr'>here-</span> 
     </span>
     <span class='ocr_line' id='line_1_16' title="bbox 260 1117 1711 1168; baseline -0.004 -11"><span class='ocrx_word' id='word_1_130' title='bbox 260 1119 420 1158; x_wconf 86' lang='lat' dir='ltr'>ditatem</span> <span class='ocrx_word' id='word_1_131' title='bbox 444 1117 692 1156; x_wconf 90' lang='lat' dir='ltr'>nihilominus</span> <span class='ocrx_word' id='word_1_132' title='bbox 710 1124 857 1168; x_wconf 88' lang='lat' dir='ltr'>petant,</span> <span class='ocrx_word' id='word_1_133' title='bbox 880 1117 972 1156; x_wconf 90' lang='lat' dir='ltr'>certi</span> <span class='ocrx_word' id='word_1_134' title='bbox 995 1124 1085 1155; x_wconf 90' lang='lat' dir='ltr'>sunt</span> <span class='ocrx_word' id='word_1_135' title='bbox 1104 1117 1183 1155; x_wconf 87' lang='lat' dir='ltr'>fore</span> <span class='ocrx_word' id='word_1_136' title='bbox 1198 1125 1241 1155; x_wconf 88' lang='lat' dir='ltr'>ut</span> <span class='ocrx_word' id='word_1_137' title='bbox 1260 1118 1461 1154; x_wconf 89' lang='lat' dir='ltr'>verborum</span> <span class='ocrx_word' id='word_1_138' title='bbox 1483 1122 1597 1165; x_wconf 85' lang='lat' dir='ltr'>atque</span> <span class='ocrx_word' id='word_1_139' title='bbox 1616 1122 1711 1152; x_wconf 90' lang='lat' dir='ltr'>tem-</span> 
     </span>
     <span class='ocr_line' id='line_1_17' title="bbox 261 1175 1714 1232; baseline -0.004 -14"><span class='ocrx_word' id='word_1_140' title='bbox 261 1181 363 1232; x_wconf 90' lang='lat' dir='ltr'>poris</span> <span class='ocrx_word' id='word_1_141' title='bbox 390 1180 474 1231; x_wconf 91' lang='lat' dir='ltr'>plus</span> <span class='ocrx_word' id='word_1_142' title='bbox 505 1186 709 1217; x_wconf 87' lang='lat' dir='ltr'>conterant</span> <span class='ocrx_word' id='word_1_143' title='bbox 737 1179 773 1216; x_wconf 92' lang='lat' dir='ltr'>in</span> <span class='ocrx_word' id='word_1_144' title='bbox 803 1178 979 1216; x_wconf 91' lang='lat' dir='ltr'>docendo</span> <span class='ocrx_word' id='word_1_145' title='bbox 1009 1179 1271 1216; x_wconf 87' lang='lat' dir='ltr'>Nicostratum</span> <span class='ocrx_word' id='word_1_146' title='bbox 1292 1175 1567 1228; x_wconf 86' lang='lat' dir='ltr'>Thrasymachi</span> <span class='ocrx_word' id='word_1_147' title='bbox 1595 1176 1714 1213; x_wconf 90' lang='lat' dir='ltr'>filium</span> 
     </span>
     <span class='ocr_line' id='line_1_18' title="bbox 261 1238 1715 1292; baseline -0.003 -12"><span class='ocrx_word' id='word_1_148' title='bbox 261 1243 393 1285; x_wconf 91' lang='lat' dir='ltr'>fuisse,</span> <span class='ocrx_word' id='word_1_149' title='bbox 413 1254 529 1292; x_wconf 88' lang='lat' dir='ltr'>quam</span> <span class='ocrx_word' id='word_1_150' title='bbox 550 1241 589 1278; x_wconf 91' lang='lat' dir='ltr'>in</span> <span class='ocrx_word' id='word_1_151' title='bbox 609 1240 728 1277; x_wconf 90' lang='lat' dir='ltr'>altero</span> <span class='ocrx_word' id='word_1_152' title='bbox 745 1240 972 1285; x_wconf 90' lang='lat' dir='ltr'>evincendo,</span> <span class='ocrx_word' id='word_1_153' title='bbox 990 1239 1253 1278; x_wconf 84' lang='lat' dir='ltr'>Nicostratum</span> <span class='ocrx_word' id='word_1_154' title='bbox 1276 1245 1550 1278; x_wconf 85' lang='lat' dir='ltr'>testamentum</span> <span class='ocrx_word' id='word_1_155' title='bbox 1568 1238 1715 1275; x_wconf 91' lang='lat' dir='ltr'>nullum</span> 
     </span>
     <span class='ocr_line' id='line_1_19' title="bbox 263 1298 1715 1355; baseline -0.003 -14"><span class='ocrx_word' id='word_1_156' title='bbox 263 1303 476 1355; x_wconf 88' lang='lat' dir='ltr'>scripsisse.</span> <span class='ocrx_word' id='word_1_157' title='bbox 524 1301 718 1339; x_wconf 86' lang='lat' dir='ltr'>Praeterea</span> <span class='ocrx_word' id='word_1_158' title='bbox 732 1314 901 1352; x_wconf 90' lang='lat' dir='ltr'>quoque,</span> <span class='ocrx_word' id='word_1_159' title='bbox 922 1302 953 1339; x_wconf 90' lang='lat' dir='ltr'>si</span> <span class='ocrx_word' id='word_1_160' title='bbox 972 1301 1235 1339; x_wconf 89' lang='lat' dir='ltr'>Nicostratum</span> <span class='ocrx_word' id='word_1_161' title='bbox 1254 1301 1530 1340; x_wconf 85' lang='lat' dir='ltr'>confiterentur</span> <span class='ocrx_word' id='word_1_162' title='bbox 1549 1298 1715 1350; x_wconf 87' lang='lat' dir='ltr'>Thrasy—</span> 
     </span>
     <span class='ocr_line' id='line_1_20' title="bbox 262 1361 1716 1415; baseline -0.003 -13"><span class='ocrx_word' id='word_1_163' title='bbox 262 1364 388 1411; x_wconf 88' lang='lat' dir='ltr'>machi</span> <span class='ocrx_word' id='word_1_164' title='bbox 408 1363 526 1401; x_wconf 87' lang='lat' dir='ltr'>filium</span> <span class='ocrx_word' id='word_1_165' title='bbox 552 1376 650 1407; x_wconf 89' lang='lat' dir='ltr'>esse,</span> <span class='ocrx_word' id='word_1_166' title='bbox 673 1376 749 1400; x_wconf 89' lang='lat' dir='ltr'>non</span> <span class='ocrx_word' id='word_1_167' title='bbox 765 1370 932 1414; x_wconf 85' lang='lat' dir='ltr'>possunt</span> <span class='ocrx_word' id='word_1_168' title='bbox 945 1362 1020 1401; x_wconf 89' lang='lat' dir='ltr'>hoc</span> <span class='ocrx_word' id='word_1_169' title='bbox 1039 1375 1198 1414; x_wconf 85' lang='lat' dir='ltr'>arguere</span> <span class='ocrx_word' id='word_1_170' title='bbox 1218 1376 1344 1415; x_wconf 91' lang='lat' dir='ltr'>neque</span> <span class='ocrx_word' id='word_1_171' title='bbox 1363 1363 1501 1401; x_wconf 90' lang='lat' dir='ltr'>docere</span> <span class='ocrx_word' id='word_1_172' title='bbox 1517 1361 1716 1400; x_wconf 89' lang='lat' dir='ltr'>consobri-</span> 
     </span>
     <span class='ocr_line' id='line_1_21' title="bbox 263 1423 1719 1475; baseline -0.003 -12"><span class='ocrx_word' id='word_1_173' title='bbox 263 1439 334 1463; x_wconf 93' lang='lat' dir='ltr'>nos</span> <span class='ocrx_word' id='word_1_174' title='bbox 363 1425 433 1462; x_wconf 90' lang='lat' dir='ltr'>hos</span> <span class='ocrx_word' id='word_1_175' title='bbox 461 1423 562 1462; x_wconf 92' lang='lat' dir='ltr'>illius</span> <span class='ocrx_word' id='word_1_176' title='bbox 594 1437 669 1461; x_wconf 92' lang='lat' dir='ltr'>non</span> <span class='ocrx_word' id='word_1_177' title='bbox 699 1436 803 1462; x_wconf 87' lang='lat' dir='ltr'>esse:</span> <span class='ocrx_word' id='word_1_178' title='bbox 843 1424 899 1460; x_wconf 91' lang='lat' dir='ltr'>sin</span> <span class='ocrx_word' id='word_1_179' title='bbox 932 1431 1058 1461; x_wconf 89' lang='lat' dir='ltr'>autem</span> <span class='ocrx_word' id='word_1_180' title='bbox 1092 1423 1275 1462; x_wconf 89' lang='lat' dir='ltr'>defuncto</span> <span class='ocrx_word' id='word_1_181' title='bbox 1305 1431 1454 1475; x_wconf 88' lang='lat' dir='ltr'>patrem</span> <span class='ocrx_word' id='word_1_182' title='bbox 1487 1424 1719 1473; x_wconf 80' lang='lat' dir='ltr'>affingerent</span> 
     </span>
     <span class='ocr_line' id='line_1_22' title="bbox 261 1485 1716 1537; baseline -0.001 -13"><span class='ocrx_word' id='word_1_183' title='bbox 261 1485 579 1529; x_wconf 85' lang='lat' dir='ltr'>commentitium,</span> <span class='ocrx_word' id='word_1_184' title='bbox 611 1485 821 1523; x_wconf 87' lang='lat' dir='ltr'>cernebant</span> <span class='ocrx_word' id='word_1_185' title='bbox 860 1498 901 1522; x_wconf 88' lang='lat' dir='ltr'>se</span> <span class='ocrx_word' id='word_1_186' title='bbox 941 1486 1238 1523; x_wconf 87' lang='lat' dir='ltr'>controversiam</span> <span class='ocrx_word' id='word_1_187' title='bbox 1276 1486 1483 1537; x_wconf 89' lang='lat' dir='ltr'>injecturos</span> <span class='ocrx_word' id='word_1_188' title='bbox 1519 1498 1604 1524; x_wconf 91' lang='lat' dir='ltr'>esse</span> <span class='ocrx_word' id='word_1_189' title='bbox 1639 1497 1716 1522; x_wconf 90' lang='lat' dir='ltr'>non</span> 
     </span>
     <span class='ocr_line' id='line_1_23' title="bbox 262 1546 1387 1598; baseline -0.001 -12"><span class='ocrx_word' id='word_1_190' title='bbox 262 1548 386 1587; x_wconf 88' lang='lat' dir='ltr'>solum</span> <span class='ocrx_word' id='word_1_191' title='bbox 407 1547 457 1585; x_wconf 91' lang='lat' dir='ltr'>de</span> <span class='ocrx_word' id='word_1_192' title='bbox 477 1553 727 1592; x_wconf 88' lang='lat' dir='ltr'>testamento,</span> <span class='ocrx_word' id='word_1_193' title='bbox 743 1546 811 1584; x_wconf 88' lang='lat' dir='ltr'>sed</span> <span class='ocrx_word' id='word_1_194' title='bbox 832 1547 946 1584; x_wconf 87' lang='lat' dir='ltr'>etiam</span> <span class='ocrx_word' id='word_1_195' title='bbox 967 1546 1015 1584; x_wconf 89' lang='lat' dir='ltr'>de</span> <span class='ocrx_word' id='word_1_196' title='bbox 1034 1547 1387 1598; x_wconf 88' lang='lat' dir='ltr'>consanguinitate.</span> 
     </span>
    </p>

    <p class='ocr_par' dir='ltr' id='par_1_3' title="bbox 261 1608 1736 2961">
     <span class='ocr_line' id='line_1_24' title="bbox 317 1608 1720 1660; baseline -0.001 -12"><span class='ocrx_word' id='word_1_197' title='bbox 317 1613 352 1648; x_wconf 87' lang='lat'>3.</span> <span class='ocrx_word' id='word_1_198' title='bbox 384 1609 721 1648; x_wconf 82' lang='lat' dir='ltr'>verumenimvero</span> <span class='ocrx_word' id='word_1_199' title='bbox 742 1622 819 1646; x_wconf 90' lang='lat' dir='ltr'>non</span> <span class='ocrx_word' id='word_1_200' title='bbox 842 1622 888 1646; x_wconf 87' lang='lat' dir='ltr'>ex</span> <span class='ocrx_word' id='word_1_201' title='bbox 909 1608 966 1646; x_wconf 90' lang='lat' dir='ltr'>his</span> <span class='ocrx_word' id='word_1_202' title='bbox 987 1609 1230 1647; x_wconf 89' lang='lat' dir='ltr'>solummodo</span> <span class='ocrx_word' id='word_1_203' title='bbox 1248 1609 1477 1660; x_wconf 85' lang='lat' dir='ltr'>intelligatis</span> <span class='ocrx_word' id='word_1_204' title='bbox 1498 1609 1658 1647; x_wconf 83' lang='lat' dir='ltr'>subesse</span> <span class='ocrx_word' id='word_1_205' title='bbox 1679 1615 1720 1646; x_wconf 89' lang='lat' dir='ltr'>et</span> 
     </span>
     <span class='ocr_line' id='line_1_25' title="bbox 263 1668 1720 1722; baseline -0.001 -12"><span class='ocrx_word' id='word_1_206' title='bbox 263 1674 300 1710; x_wconf 91' lang='lat' dir='ltr'>in</span> <span class='ocrx_word' id='word_1_207' title='bbox 317 1671 465 1709; x_wconf 88' lang='lat' dir='ltr'>insidiis</span> <span class='ocrx_word' id='word_1_208' title='bbox 480 1671 630 1708; x_wconf 87' lang='lat' dir='ltr'>latitare</span> <span class='ocrx_word' id='word_1_209' title='bbox 643 1677 768 1708; x_wconf 89' lang='lat' dir='ltr'>certos</span> <span class='ocrx_word' id='word_1_210' title='bbox 781 1669 969 1720; x_wconf 89' lang='lat' dir='ltr'>quosdam</span> <span class='ocrx_word' id='word_1_211' title='bbox 982 1670 1077 1708; x_wconf 89' lang='lat' dir='ltr'>alios</span> <span class='ocrx_word' id='word_1_212' title='bbox 1094 1670 1283 1718; x_wconf 90' lang='lat' dir='ltr'>homines,</span> <span class='ocrx_word' id='word_1_213' title='bbox 1293 1672 1358 1722; x_wconf 92' lang='lat' dir='ltr'>qui</span> <span class='ocrx_word' id='word_1_214' title='bbox 1371 1671 1466 1709; x_wconf 89' lang='lat' dir='ltr'>istos</span> <span class='ocrx_word' id='word_1_215' title='bbox 1481 1668 1720 1709; x_wconf 88' lang='lat' dir='ltr'>adversarios</span> 
     </span>
     <span class='ocr_line' id='line_1_26' title="bbox 263 1731 1721 1783; baseline -0.001 -12"><span class='ocrx_word' id='word_1_216' title='bbox 263 1734 302 1771; x_wconf 93' lang='lat' dir='ltr'>in</span> <span class='ocrx_word' id='word_1_217' title='bbox 329 1733 397 1771; x_wconf 88' lang='lat' dir='ltr'>hos</span> <span class='ocrx_word' id='word_1_218' title='bbox 417 1731 579 1783; x_wconf 89' lang='lat' dir='ltr'>[amicos</span> <span class='ocrx_word' id='word_1_219' title='bbox 598 1731 724 1780; x_wconf 90' lang='lat' dir='ltr'>meos]</span> <span class='ocrx_word' id='word_1_220' title='bbox 745 1731 963 1782; x_wconf 86' lang='lat' dir='ltr'>instigarint</span> <span class='ocrx_word' id='word_1_221' title='bbox 983 1738 1098 1782; x_wconf 91' lang='lat' dir='ltr'>atque</span> <span class='ocrx_word' id='word_1_222' title='bbox 1118 1731 1189 1770; x_wconf 92' lang='lat' dir='ltr'>hos</span> <span class='ocrx_word' id='word_1_223' title='bbox 1210 1733 1245 1770; x_wconf 90' lang='lat' dir='ltr'>in</span> <span class='ocrx_word' id='word_1_224' title='bbox 1266 1732 1385 1771; x_wconf 88' lang='lat' dir='ltr'>hasce</span> <span class='ocrx_word' id='word_1_225' title='bbox 1411 1733 1542 1771; x_wconf 89' lang='lat' dir='ltr'>turbas</span> <span class='ocrx_word' id='word_1_226' title='bbox 1561 1739 1721 1771; x_wconf 86' lang='lat' dir='ltr'>conten-</span> 
     </span>
     <span class='ocr_line' id='line_1_27' title="bbox 262 1792 1718 1846; baseline -0.001 -14"><span class='ocrx_word' id='word_1_227' title='bbox 262 1795 465 1845; x_wconf 87' lang='lat' dir='ltr'>tionesque</span> <span class='ocrx_word' id='word_1_228' title='bbox 485 1792 734 1843; x_wconf 77' lang='lat' dir='ltr'>conjecerim,</span> <span class='ocrx_word' id='word_1_229' title='bbox 755 1793 824 1831; x_wconf 90' lang='lat' dir='ltr'>sed</span> <span class='ocrx_word' id='word_1_230' title='bbox 842 1793 956 1831; x_wconf 87' lang='lat' dir='ltr'>etiam</span> <span class='ocrx_word' id='word_1_231' title='bbox 977 1806 1024 1831; x_wconf 90' lang='lat' dir='ltr'>ex</span> <span class='ocrx_word' id='word_1_232' title='bbox 1046 1793 1118 1831; x_wconf 88' lang='lat' dir='ltr'>illis</span> <span class='ocrx_word' id='word_1_233' title='bbox 1138 1807 1226 1844; x_wconf 90' lang='lat' dir='ltr'>quae</span> <span class='ocrx_word' id='word_1_234' title='bbox 1250 1807 1273 1833; x_wconf 88' lang='lat' dir='ltr'>a</span> <span class='ocrx_word' id='word_1_235' title='bbox 1297 1794 1485 1846; x_wconf 88' lang='lat' dir='ltr'>principio</span> <span class='ocrx_word' id='word_1_236' title='bbox 1506 1794 1634 1832; x_wconf 86' lang='lat' dir='ltr'>statim</span> <span class='ocrx_word' id='word_1_237' title='bbox 1656 1795 1718 1844; x_wconf 88' lang='lat' dir='ltr'>[ut</span> 
     </span>
     <span class='ocr_line' id='line_1_28' title="bbox 262 1854 1719 1908; baseline 0 -15"><span class='ocrx_word' id='word_1_238' title='bbox 262 1856 425 1908; x_wconf 85' lang='lat' dir='ltr'>primurn</span> <span class='ocrx_word' id='word_1_239' title='bbox 454 1855 682 1893; x_wconf 86' lang='lat' dir='ltr'>vacuefacta</span> <span class='ocrx_word' id='word_1_240' title='bbox 708 1855 779 1892; x_wconf 87' lang='lat' dir='ltr'>fuit</span> <span class='ocrx_word' id='word_1_241' title='bbox 810 1854 1021 1904; x_wconf 88' lang='lat' dir='ltr'>hereditas]</span> <span class='ocrx_word' id='word_1_242' title='bbox 1049 1863 1274 1894; x_wconf 87' lang='lat' dir='ltr'>evenerunt.</span> <span class='ocrx_word' id='word_1_243' title='bbox 1332 1856 1477 1908; x_wconf 91' lang='lat' dir='ltr'>Ecquis</span> <span class='ocrx_word' id='word_1_244' title='bbox 1510 1857 1610 1895; x_wconf 89' lang='lat' dir='ltr'>enim</span> <span class='ocrx_word' id='word_1_245' title='bbox 1639 1868 1719 1894; x_wconf 88' lang='lat' dir='ltr'>non</span> 
     </span>
     <span class='ocr_line' id='line_1_29' title="bbox 264 1916 1720 1969; baseline 0.001 -13"><span class='ocrx_word' id='word_1_246' title='bbox 264 1930 378 1968; x_wconf 84' lang='lat' dir='ltr'>super</span> <span class='ocrx_word' id='word_1_247' title='bbox 397 1929 558 1955; x_wconf 89' lang='lat' dir='ltr'>excessu</span> <span class='ocrx_word' id='word_1_248' title='bbox 580 1916 790 1954; x_wconf 84' lang='lat' dir='ltr'>Nicostrati</span> <span class='ocrx_word' id='word_1_249' title='bbox 817 1916 967 1954; x_wconf 91' lang='lat' dir='ltr'>luctum</span> <span class='ocrx_word' id='word_1_250' title='bbox 995 1931 1074 1969; x_wconf 88' lang='lat' dir='ltr'>prae</span> <span class='ocrx_word' id='word_1_251' title='bbox 1097 1932 1138 1956; x_wconf 89' lang='lat' dir='ltr'>se</span> <span class='ocrx_word' id='word_1_252' title='bbox 1160 1918 1248 1956; x_wconf 90' lang='lat' dir='ltr'>tulit</span> <span class='ocrx_word' id='word_1_253' title='bbox 1267 1919 1467 1958; x_wconf 89' lang='lat' dir='ltr'>tondenda</span> <span class='ocrx_word' id='word_1_254' title='bbox 1484 1932 1608 1965; x_wconf 90' lang='lat' dir='ltr'>coma,</span> <span class='ocrx_word' id='word_1_255' title='bbox 1630 1932 1720 1958; x_wconf 88' lang='lat' dir='ltr'>cum</span> 
     </span>
     <span class='ocr_line' id='line_1_30' title="bbox 263 1977 1723 2020; baseline 0.003 -4"><span class='ocrx_word' id='word_1_256' title='bbox 263 1978 454 2016; x_wconf 87' lang='lat' dir='ltr'>hereditas</span> <span class='ocrx_word' id='word_1_257' title='bbox 474 1977 593 2015; x_wconf 91' lang='lat' dir='ltr'>duum</span> <span class='ocrx_word' id='word_1_258' title='bbox 613 1977 844 2015; x_wconf 87' lang='lat' dir='ltr'>talentorum</span> <span class='ocrx_word' id='word_1_259' title='bbox 866 1979 991 2017; x_wconf 85' lang='lat' dir='ltr'>sexies</span> <span class='ocrx_word' id='word_1_260' title='bbox 1005 1979 1044 2016; x_wconf 92' lang='lat' dir='ltr'>in</span> <span class='ocrx_word' id='word_1_261' title='bbox 1058 1979 1265 2018; x_wconf 89' lang='lat' dir='ltr'>discrimen</span> <span class='ocrx_word' id='word_1_262' title='bbox 1281 1980 1577 2019; x_wconf 88' lang='lat' dir='ltr'>concertationis</span> <span class='ocrx_word' id='word_1_263' title='bbox 1597 1982 1723 2020; x_wconf 87' lang='lat' dir='ltr'>foren-</span> 
     </span>
     <span class='ocr_line' id='line_1_31' title="bbox 265 2039 1719 2096; baseline 0.005 -19"><span class='ocrx_word' id='word_1_264' title='bbox 265 2040 316 2077; x_wconf 89' lang='lat' dir='ltr'>sis</span> <span class='ocrx_word' id='word_1_265' title='bbox 336 2039 506 2078; x_wconf 72' lang='lat' dir='ltr'>venerit?</span> <span class='ocrx_word' id='word_1_266' title='bbox 535 2040 667 2090; x_wconf 90' lang='lat' dir='ltr'>ecquis</span> <span class='ocrx_word' id='word_1_267' title='bbox 687 2052 765 2078; x_wconf 91' lang='lat' dir='ltr'>non</span> <span class='ocrx_word' id='word_1_268' title='bbox 785 2040 928 2091; x_wconf 87' lang='lat' dir='ltr'>pullam</span> <span class='ocrx_word' id='word_1_269' title='bbox 948 2041 1085 2088; x_wconf 88' lang='lat' dir='ltr'>induit,</span> <span class='ocrx_word' id='word_1_270' title='bbox 1105 2044 1215 2094; x_wconf 86' lang='lat' dir='ltr'>quasi</span> <span class='ocrx_word' id='word_1_271' title='bbox 1233 2057 1303 2095; x_wconf 81' lang='lat' dir='ltr'>pei·</span> <span class='ocrx_word' id='word_1_272' title='bbox 1316 2043 1443 2082; x_wconf 89' lang='lat' dir='ltr'>luctus</span> <span class='ocrx_word' id='word_1_273' title='bbox 1465 2044 1719 2096; x_wconf 88' lang='lat' dir='ltr'>significatio-</span> 
     </span>
     <span class='ocr_line' id='line_1_32' title="bbox 265 2102 1721 2157; baseline 0.003 -18"><span class='ocrx_word' id='word_1_274' title='bbox 265 2114 353 2138; x_wconf 88' lang='lat' dir='ltr'>nem</span> <span class='ocrx_word' id='word_1_275' title='bbox 373 2102 627 2140; x_wconf 88' lang='lat' dir='ltr'>hereditatem</span> <span class='ocrx_word' id='word_1_276' title='bbox 658 2102 893 2154; x_wconf 76' lang='lat' dir='ltr'>adepturus?</span> <span class='ocrx_word' id='word_1_277' title='bbox 921 2111 1015 2154; x_wconf 91' lang='lat' dir='ltr'>quot</span> <span class='ocrx_word' id='word_1_278' title='bbox 1042 2117 1083 2143; x_wconf 92' lang='lat' dir='ltr'>se</span> <span class='ocrx_word' id='word_1_279' title='bbox 1110 2104 1260 2143; x_wconf 90' lang='lat' dir='ltr'>mentiti</span> <span class='ocrx_word' id='word_1_280' title='bbox 1281 2112 1371 2144; x_wconf 87' lang='lat' dir='ltr'>sunt</span> <span class='ocrx_word' id='word_1_281' title='bbox 1389 2112 1581 2157; x_wconf 84' lang='lat' dir='ltr'>cognatos</span> <span class='ocrx_word' id='word_1_282' title='bbox 1602 2106 1721 2145; x_wconf 89' lang='lat' dir='ltr'>Nico-</span> 
     </span>
     <span class='ocr_line' id='line_1_33' title="bbox 265 2163 1722 2218; baseline 0.005 -18"><span class='ocrx_word' id='word_1_283' title='bbox 265 2163 373 2201; x_wconf 86' lang='lat' dir='ltr'>strati</span> <span class='ocrx_word' id='word_1_284' title='bbox 388 2170 455 2201; x_wconf 85' lang='lat' dir='ltr'>aut</span> <span class='ocrx_word' id='word_1_285' title='bbox 471 2163 569 2201; x_wconf 87' lang='lat' dir='ltr'>filios</span> <span class='ocrx_word' id='word_1_286' title='bbox 591 2164 638 2201; x_wconf 90' lang='lat' dir='ltr'>ab</span> <span class='ocrx_word' id='word_1_287' title='bbox 658 2176 705 2201; x_wconf 93' lang='lat' dir='ltr'>eo</span> <span class='ocrx_word' id='word_1_288' title='bbox 725 2177 792 2216; x_wconf 91' lang='lat' dir='ltr'>per</span> <span class='ocrx_word' id='word_1_289' title='bbox 812 2171 1083 2203; x_wconf 89' lang='lat' dir='ltr'>testamentum</span> <span class='ocrx_word' id='word_1_290' title='bbox 1102 2166 1322 2218; x_wconf 88' lang='lat' dir='ltr'>adoptatos,</span> <span class='ocrx_word' id='word_1_291' title='bbox 1344 2180 1467 2218; x_wconf 91' lang='lat' dir='ltr'>eoque</span> <span class='ocrx_word' id='word_1_292' title='bbox 1487 2168 1598 2206; x_wconf 88' lang='lat' dir='ltr'>titulo</span> <span class='ocrx_word' id='word_1_293' title='bbox 1616 2170 1722 2207; x_wconf 92' lang='lat' dir='ltr'>bona</span> 
     </span>
     <span class='ocr_line' id='line_1_34' title="bbox 265 2223 1721 2282; baseline 0.005 -21"><span class='ocrx_word' id='word_1_294' title='bbox 265 2224 347 2275; x_wconf 89' lang='lat' dir='ltr'>ejus</span> <span class='ocrx_word' id='word_1_295' title='bbox 370 2223 443 2261; x_wconf 92' lang='lat' dir='ltr'>sibi</span> <span class='ocrx_word' id='word_1_296' title='bbox 462 2224 717 2275; x_wconf 74' lang='lat' dir='ltr'>arrogarunt?</span> <span class='ocrx_word' id='word_1_297' title='bbox 782 2225 1069 2266; x_wconf 86' lang='lat' dir='ltr'>Demosthenes</span> <span class='ocrx_word' id='word_1_298' title='bbox 1095 2228 1251 2279; x_wconf 90' lang='lat' dir='ltr'>quidem</span> <span class='ocrx_word' id='word_1_299' title='bbox 1281 2243 1323 2268; x_wconf 90' lang='lat' dir='ltr'>se</span> <span class='ocrx_word' id='word_1_300' title='bbox 1352 2237 1532 2281; x_wconf 86' lang='lat' dir='ltr'>nepotem</span> <span class='ocrx_word' id='word_1_301' title='bbox 1558 2230 1642 2282; x_wconf 89' lang='lat' dir='ltr'>ejus</span> <span class='ocrx_word' id='word_1_302' title='bbox 1673 2244 1721 2269; x_wconf 83' lang='lat' dir='ltr'>ex</span> 
     </span>
     <span class='ocr_line' id='line_1_35' title="bbox 265 2285 1736 2336; baseline 0.006 -14"><span class='ocrx_word' id='word_1_303' title='bbox 265 2285 382 2323; x_wconf 86' lang='lat' dir='ltr'>fratre</span> <span class='ocrx_word' id='word_1_304' title='bbox 395 2286 474 2336; x_wconf 91' lang='lat' dir='ltr'>[vel</span> <span class='ocrx_word' id='word_1_305' title='bbox 495 2286 639 2335; x_wconf 88' lang='lat' dir='ltr'>sorore]</span> <span class='ocrx_word' id='word_1_306' title='bbox 657 2286 816 2331; x_wconf 89' lang='lat' dir='ltr'>ferebat,</span> <span class='ocrx_word' id='word_1_307' title='bbox 831 2289 878 2326; x_wconf 89' lang='lat' dir='ltr'>ab</span> <span class='ocrx_word' id='word_1_308' title='bbox 899 2289 957 2326; x_wconf 89' lang='lat' dir='ltr'>his</span> <span class='ocrx_word' id='word_1_309' title='bbox 978 2296 1107 2328; x_wconf 89' lang='lat' dir='ltr'>autem</span> <span class='ocrx_word' id='word_1_310' title='bbox 1128 2290 1316 2329; x_wconf 87' lang='lat' dir='ltr'>mendacii</span> <span class='ocrx_word' id='word_1_311' title='bbox 1335 2291 1535 2331; x_wconf 90' lang='lat' dir='ltr'>convictus</span> <span class='ocrx_word' id='word_1_312' title='bbox 1556 2292 1736 2331; x_wconf 85' lang='lat' dir='ltr'>desiste-·</span> 
     </span>
     <span class='ocr_line' id='line_1_36' title="bbox 266 2348 1723 2406; baseline 0.007 -22"><span class='ocrx_word' id='word_1_313' title='bbox 266 2348 350 2385; x_wconf 89' lang='lat' dir='ltr'>bat:</span> <span class='ocrx_word' id='word_1_314' title='bbox 376 2348 479 2385; x_wconf 91' lang='lat' dir='ltr'>bona</span> <span class='ocrx_word' id='word_1_315' title='bbox 509 2360 580 2386; x_wconf 84' lang='lat' dir='ltr'>sua</span> <span class='ocrx_word' id='word_1_316' title='bbox 606 2349 735 2386; x_wconf 86' lang='lat' dir='ltr'>omnia</span> <span class='ocrx_word' id='word_1_317' title='bbox 762 2349 1027 2389; x_wconf 88' lang='lat' dir='ltr'>Nicostratum</span> <span class='ocrx_word' id='word_1_318' title='bbox 1057 2353 1127 2390; x_wconf 88' lang='lat' dir='ltr'>sibi</span> <span class='ocrx_word' id='word_1_319' title='bbox 1161 2353 1327 2392; x_wconf 90' lang='lat' dir='ltr'>donasse</span> <span class='ocrx_word' id='word_1_320' title='bbox 1358 2355 1627 2406; x_wconf 71' lang='lat' dir='ltr'>praetendebat</span> <span class='ocrx_word' id='word_1_321' title='bbox 1653 2355 1723 2394; x_wconf 87' lang='lat' dir='ltr'>ali-</span> 
     </span>
     <span class='ocr_line' id='line_1_37' title="bbox 265 2409 1724 2468; baseline 0.007 -21"><span class='ocrx_word' id='word_1_322' title='bbox 265 2409 422 2461; x_wconf 83' lang='lat' dir='ltr'>quando</span> <span class='ocrx_word' id='word_1_323' title='bbox 440 2409 653 2461; x_wconf 85' lang='lat' dir='ltr'>Telephus,</span> <span class='ocrx_word' id='word_1_324' title='bbox 669 2423 891 2462; x_wconf 87' lang='lat' dir='ltr'>quanquam</span> <span class='ocrx_word' id='word_1_325' title='bbox 910 2419 949 2450; x_wconf 91' lang='lat' dir='ltr'>et</span> <span class='ocrx_word' id='word_1_326' title='bbox 967 2414 1050 2464; x_wconf 90' lang='lat' dir='ltr'>ipse</span> <span class='ocrx_word' id='word_1_327' title='bbox 1069 2427 1224 2466; x_wconf 90' lang='lat' dir='ltr'>quoque</span> <span class='ocrx_word' id='word_1_328' title='bbox 1244 2416 1362 2468; x_wconf 88' lang='lat' dir='ltr'>paulo</span> <span class='ocrx_word' id='word_1_329' title='bbox 1383 2425 1471 2468; x_wconf 84' lang='lat' dir='ltr'>post</span> <span class='ocrx_word' id='word_1_330' title='bbox 1489 2417 1724 2457; x_wconf 89' lang='lat' dir='ltr'>conticesce-</span> 
     </span>
     <span class='ocr_line' id='line_1_38' title="bbox 265 2471 1720 2525; baseline 0.005 -16"><span class='ocrx_word' id='word_1_331' title='bbox 265 2472 349 2510; x_wconf 89' lang='lat' dir='ltr'>bat:</span> <span class='ocrx_word' id='word_1_332' title='bbox 379 2471 604 2510; x_wconf 87' lang='lat' dir='ltr'>Aminiades</span> <span class='ocrx_word' id='word_1_333' title='bbox 619 2484 777 2523; x_wconf 90' lang='lat' dir='ltr'>puerum</span> <span class='ocrx_word' id='word_1_334' title='bbox 797 2473 983 2512; x_wconf 90' lang='lat' dir='ltr'>triennem</span> <span class='ocrx_word' id='word_1_335' title='bbox 995 2475 1044 2513; x_wconf 89' lang='lat' dir='ltr'>ad</span> <span class='ocrx_word' id='word_1_336' title='bbox 1063 2475 1285 2516; x_wconf 89' lang='lat' dir='ltr'>archontem</span> <span class='ocrx_word' id='word_1_337' title='bbox 1304 2477 1498 2525; x_wconf 87' lang='lat' dir='ltr'>afferebat,</span> <span class='ocrx_word' id='word_1_338' title='bbox 1513 2479 1620 2517; x_wconf 86' lang='lat' dir='ltr'>aiens</span> <span class='ocrx_word' id='word_1_339' title='bbox 1632 2491 1720 2517; x_wconf 88' lang='lat' dir='ltr'>eum</span> 
     </span>
     <span class='ocr_line' id='line_1_39' title="bbox 267 2533 1721 2584; baseline 0.006 -14"><span class='ocrx_word' id='word_1_340' title='bbox 267 2547 289 2570; x_wconf 89' lang='lat' dir='ltr'>a</span> <span class='ocrx_word' id='word_1_341' title='bbox 310 2533 530 2571; x_wconf 86' lang='lat' dir='ltr'>Nicostrato</span> <span class='ocrx_word' id='word_1_342' title='bbox 550 2541 774 2584; x_wconf 85' lang='lat' dir='ltr'>generatum</span> <span class='ocrx_word' id='word_1_343' title='bbox 792 2547 890 2581; x_wconf 88' lang='lat' dir='ltr'>esse,</span> <span class='ocrx_word' id='word_1_344' title='bbox 904 2548 993 2573; x_wconf 89' lang='lat' dir='ltr'>cum</span> <span class='ocrx_word' id='word_1_345' title='bbox 1014 2537 1259 2577; x_wconf 89' lang='lat' dir='ltr'>Nicostratus</span> <span class='ocrx_word' id='word_1_346' title='bbox 1280 2540 1382 2578; x_wconf 88' lang='lat' dir='ltr'>totos</span> <span class='ocrx_word' id='word_1_347' title='bbox 1397 2539 1577 2577; x_wconf 88' lang='lat' dir='ltr'>undecim</span> <span class='ocrx_word' id='word_1_348' title='bbox 1598 2552 1721 2578; x_wconf 90' lang='lat' dir='ltr'>annos</span> 
     </span>
     <span class='ocr_line' id='line_1_40' title="bbox 266 2593 1724 2648; baseline 0.006 -17"><span class='ocrx_word' id='word_1_349' title='bbox 266 2594 429 2632; x_wconf 87' lang='lat' dir='ltr'>Athenis</span> <span class='ocrx_word' id='word_1_350' title='bbox 449 2593 660 2634; x_wconf 86' lang='lat' dir='ltr'>abfuisset:</span> <span class='ocrx_word' id='word_1_351' title='bbox 692 2595 865 2647; x_wconf 88' lang='lat' dir='ltr'>Pyrrhus</span> <span class='ocrx_word' id='word_1_352' title='bbox 895 2596 1141 2648; x_wconf 88' lang='lat' dir='ltr'>Lamprensis</span> <span class='ocrx_word' id='word_1_353' title='bbox 1174 2599 1436 2638; x_wconf 87' lang='lat' dir='ltr'>Nicostratum</span> <span class='ocrx_word' id='word_1_354' title='bbox 1462 2600 1590 2639; x_wconf 91' lang='lat' dir='ltr'>aiebat</span> <span class='ocrx_word' id='word_1_355' title='bbox 1621 2601 1724 2640; x_wconf 88' lang='lat' dir='ltr'>bona</span> 
     </span>
     <span class='ocr_line' id='line_1_41' title="bbox 268 2655 1724 2713; baseline 0.007 -21"><span class='ocrx_word' id='word_1_356' title='bbox 268 2668 338 2693; x_wconf 89' lang='lat' dir='ltr'>sua</span> <span class='ocrx_word' id='word_1_357' title='bbox 359 2655 546 2694; x_wconf 85' lang='lat' dir='ltr'>Minervae</span> <span class='ocrx_word' id='word_1_358' title='bbox 566 2669 828 2703; x_wconf 89' lang='lat' dir='ltr'>consecrasse,</span> <span class='ocrx_word' id='word_1_359' title='bbox 847 2666 886 2697; x_wconf 87' lang='lat' dir='ltr'>et</span> <span class='ocrx_word' id='word_1_360' title='bbox 904 2659 1070 2697; x_wconf 89' lang='lat' dir='ltr'>eundem</span> <span class='ocrx_word' id='word_1_361' title='bbox 1090 2667 1220 2698; x_wconf 88' lang='lat' dir='ltr'>tamen</span> <span class='ocrx_word' id='word_1_362' title='bbox 1240 2661 1378 2700; x_wconf 91' lang='lat' dir='ltr'>eadem</span> <span class='ocrx_word' id='word_1_363' title='bbox 1397 2661 1468 2700; x_wconf 90' lang='lat' dir='ltr'>sibi</span> <span class='ocrx_word' id='word_1_364' title='bbox 1488 2675 1641 2713; x_wconf 90' lang='lat' dir='ltr'>quoque</span> <span class='ocrx_word' id='word_1_365' title='bbox 1657 2663 1724 2702; x_wconf 90' lang='lat' dir='ltr'>do-</span> 
     </span>
     <span class='ocr_line' id='line_1_42' title="bbox 267 2718 1721 2772; baseline 0.006 -18"><span class='ocrx_word' id='word_1_366' title='bbox 267 2729 399 2757; x_wconf 87' lang='lat' dir='ltr'>nasse:</span> <span class='ocrx_word' id='word_1_367' title='bbox 430 2718 582 2756; x_wconf 89' lang='lat' dir='ltr'>Ctesias</span> <span class='ocrx_word' id='word_1_368' title='bbox 600 2718 815 2758; x_wconf 87' lang='lat' dir='ltr'>Besaeensis</span> <span class='ocrx_word' id='word_1_369' title='bbox 830 2727 870 2758; x_wconf 90' lang='lat' dir='ltr'>et</span> <span class='ocrx_word' id='word_1_370' title='bbox 884 2720 1061 2759; x_wconf 85' lang='lat' dir='ltr'>Granaus</span> <span class='ocrx_word' id='word_1_371' title='bbox 1070 2721 1276 2772; x_wconf 88' lang='lat' dir='ltr'>jactabant</span> <span class='ocrx_word' id='word_1_372' title='bbox 1296 2723 1560 2762; x_wconf 89' lang='lat' dir='ltr'>Nicostratum</span> <span class='ocrx_word' id='word_1_373' title='bbox 1578 2737 1601 2761; x_wconf 91' lang='lat' dir='ltr'>a</span> <span class='ocrx_word' id='word_1_374' title='bbox 1621 2737 1662 2762; x_wconf 91' lang='lat' dir='ltr'>se</span> <span class='ocrx_word' id='word_1_375' title='bbox 1682 2723 1721 2762; x_wconf 86' lang='lat' dir='ltr'>in</span> 
     </span>
     <span class='ocr_line' id='line_1_43' title="bbox 261 2778 1723 2836; baseline 0.005 -21"><span class='ocrx_word' id='word_1_376' title='bbox 261 2778 326 2828; x_wconf 72' lang='lat' dir='ltr'>jus</span> <span class='ocrx_word' id='word_1_377' title='bbox 342 2784 520 2817; x_wconf 84' lang='lat' dir='ltr'>vocatum</span> <span class='ocrx_word' id='word_1_378' title='bbox 535 2780 668 2818; x_wconf 88' lang='lat' dir='ltr'>talenti</span> <span class='ocrx_word' id='word_1_379' title='bbox 687 2781 844 2820; x_wconf 89' lang='lat' dir='ltr'>mulctae</span> <span class='ocrx_word' id='word_1_380' title='bbox 863 2781 1163 2821; x_wconf 88' lang='lat' dir='ltr'>condemnatum</span> <span class='ocrx_word' id='word_1_381' title='bbox 1181 2783 1316 2831; x_wconf 87' lang='lat' dir='ltr'>fuisse,</span> <span class='ocrx_word' id='word_1_382' title='bbox 1329 2785 1435 2836; x_wconf 92' lang='lat' dir='ltr'>quod</span> <span class='ocrx_word' id='word_1_383' title='bbox 1448 2798 1537 2823; x_wconf 88' lang='lat' dir='ltr'>cum</span> <span class='ocrx_word' id='word_1_384' title='bbox 1559 2785 1723 2824; x_wconf 91' lang='lat' dir='ltr'>demon-</span> 
     </span>
     <span class='ocr_line' id='line_1_44' title="bbox 267 2840 1721 2891; baseline 0.007 -15"><span class='ocrx_word' id='word_1_385' title='bbox 267 2846 386 2877; x_wconf 89' lang='lat' dir='ltr'>strare</span> <span class='ocrx_word' id='word_1_386' title='bbox 418 2840 634 2891; x_wconf 89' lang='lat' dir='ltr'>nequirent,</span> <span class='ocrx_word' id='word_1_387' title='bbox 667 2843 1058 2882; x_wconf 72' lang='lat' dir='ltr'>comminiscebantur</span> <span class='ocrx_word' id='word_1_388' title='bbox 1091 2857 1177 2883; x_wconf 92' lang='lat' dir='ltr'>eum</span> <span class='ocrx_word' id='word_1_389' title='bbox 1211 2844 1388 2885; x_wconf 89' lang='lat' dir='ltr'>libertum</span> <span class='ocrx_word' id='word_1_390' title='bbox 1425 2860 1537 2885; x_wconf 88' lang='lat' dir='ltr'>suum</span> <span class='ocrx_word' id='word_1_391' title='bbox 1575 2847 1697 2885; x_wconf 84' lang='lat' dir='ltr'>fuisse</span> <span class='ocrx_word' id='word_1_392' title='bbox 1709 2860 1721 2890; x_wconf 76' lang='lat'>3</span> 
     </span>
     <span class='ocr_line' id='line_1_45' title="bbox 268 2900 1722 2961; baseline 0.007 -25"><span class='ocrx_word' id='word_1_393' title='bbox 268 2912 399 2938; x_wconf 75' lang='lat' dir='ltr'>verum</span> <span class='ocrx_word' id='word_1_394' title='bbox 418 2906 466 2938; x_wconf 84' lang='lat' dir='ltr'>ne</span> <span class='ocrx_word' id='word_1_395' title='bbox 484 2900 597 2952; x_wconf 84' lang='lat' dir='ltr'>hujus</span> <span class='ocrx_word' id='word_1_396' title='bbox 616 2903 771 2953; x_wconf 90' lang='lat' dir='ltr'>quidem</span> <span class='ocrx_word' id='word_1_397' title='bbox 792 2905 928 2943; x_wconf 88' lang='lat' dir='ltr'>asserti</span> <span class='ocrx_word' id='word_1_398' title='bbox 948 2905 1147 2945; x_wconf 85' lang='lat' dir='ltr'>veritatem</span> <span class='ocrx_word' id='word_1_399' title='bbox 1165 2907 1377 2959; x_wconf 86' lang='lat' dir='ltr'>approbare</span> <span class='ocrx_word' id='word_1_400' title='bbox 1398 2909 1511 2947; x_wconf 82' lang='lat' dir='ltr'>rebus</span> <span class='ocrx_word' id='word_1_401' title='bbox 1529 2914 1722 2961; x_wconf 81' lang='lat' dir='ltr'>poterant.</span> 
     </span>
    </p>
   </div>
  </div>
 </body>
</html>
