1870 3277
226 168 299 203 178
815 164 1100 203 lSOCRATlS

282 269 346 306 91.
379 268 441 306 Ac
462 280 521 306 me
540 267 593 306 sic
616 267 795 307 affectum
823 281 910 307 esse
931 268 1024 306 satis
1052 267 1288 318 apparebat:
1319 279 1407 305 nam
1427 280 1548 318 quum
1569 267 1698 306 animo

227 341 297 367 sua
319 328 577 379 tranquillitas
597 330 775 367 restituta
804 329 975 367 nonnihil
998 336 1114 373 essct,
1132 341 1208 366 non
1231 328 1335 379 prius
1355 330 1557 379 conquievi
1577 342 1697 380 quam

229 404 317 428 eum
342 403 573 437 sermonem,
602 404 717 442 quern
748 391 863 428 modo
885 403 972 428 curn
1006 390 1201 441 voluptate
1222 389 1450 435 habueram,
1477 391 1590 440 paulo
1611 395 1701 442 post

228 452 433 491 molestum
453 454 640 499 futurum,
658 465 780 505 puero
800 453 1024 491 dictassem.
1081 452 1211 496 Quum
1228 464 1316 489 vero
1332 451 1500 489 triduum
1521 459 1587 490 aut
1606 465 1702 504 qua-

228 515 399 554 triduum
429 516 726 560 intercessisset,
752 515 930 566 relegens
961 515 1096 553 eadem
1128 522 1166 553 et
1194 515 1328 553 ordine
1359 514 1625 562 considerans,
1655 529 1702 555 ea

227 590 316 628 quae
345 577 395 616 de
422 585 556 615 nostra
582 578 676 616 urbe
708 577 880 616 dixeram
911 590 987 615 non
1017 577 1224 628 culpabam
1248 599 1292 605 —-
1317 589 1406 614 nam
1435 578 1564 615 omnia
1596 585 1701 616 recte

226 642 487 693 praeclareque
508 641 557 680 de.
585 654 633 680 ea
655 642 881 692 scripseram
899 664 964 686 —,
985 654 1103 692 quum
1126 654 1216 679 vero
1244 641 1292 679 ad
1319 640 1702 679 Lacedaemoniorum

227 716 288 742 res
311 704 516 750 venissem,
536 703 685 741 indolui
717 715 763 741 ac
794 703 960 754 graviter
990 703 1084 741 tuli:
1115 716 1186 741 nec
1213 703 1314 741 enim
1344 703 1542 741 moderate
1570 702 1619 740 de
1649 703 1703 741 eis

227 766 459 806 disseruisse
489 767 648 806 videbar
676 780 749 805 nec
776 767 831 804 ita
856 773 900 805 ut
930 766 978 804 de
1010 766 1107 813 aliis,
1127 766 1196 805 sed
1225 774 1368 805 temere
1399 773 1437 804 et
1460 765 1705 817 negligenter

226 827 419 879 nimisque
453 829 591 868 acerbe
625 841 669 867 ac
704 841 857 880 prorsus
891 828 1199 871 inconsiderate;
1231 840 1349 879 quare
1381 840 1485 878 saepe
1519 821 1701 866 incitatus

227 890 440 941 cupiditate
458 890 519 928 vel
540 889 699 928 delendi
720 889 779 928 vel
799 889 1055 928 comburendi
1081 902 1166 928 eam
1187 888 1372 927 orationis
1393 895 1554 940 partem,
1575 897 1700 927 muta-

225 951 316 989 bam
336 952 552 996 consilium,
578 952 758 990 misertus
787 952 996 990 senectutis
1027 964 1123 990 meae
1145 959 1183 989 et
1206 951 1348 989 laboris
1369 964 1486 1002 quem
1505 950 1560 989 illi
1581 951 1701 990 confi-

227 1014 379 1054 ciendae
399 1015 677 1067 impenderam.

281 1078 347 1115 92.
380 1078 484 1116 Dum
506 1089 599 1116 vero
618 1076 677 1114 his
698 1077 799 1115 curis
822 1084 1026 1115 aestuarem
1048 1089 1094 1115 ac
1114 1075 1254 1114 multas
1271 1075 1503 1114 mutationes
1519 1075 1701 1123 subirem,

226 1138 559 1179 consultissimum
581 1151 667 1177 esse
686 1137 777 1176 duxi
797 1146 854 1186 ut,
874 1151 1047 1177 meorum
1071 1138 1291 1177 auditorum
1306 1137 1351 1176 iis
1366 1137 1431 1189 qui
1447 1138 1551 1176 domi
1568 1145 1703 1176 essent

227 1201 435 1249 accersitis,
456 1210 547 1240 cum
567 1200 620 1239 eis
652 1199 919 1247 deliberarem,
941 1206 1069 1238 utrum
1091 1199 1176 1238 haec
1206 1199 1328 1237 oratio
1357 1212 1515 1251 prorsus
1535 1199 1704 1238 delenda

227 1270 332 1301 esset
351 1275 400 1301 an
420 1276 512 1302 vero
542 1263 697 1302 edenda
722 1269 765 1301 ut
785 1276 808 1301 a
827 1263 1046 1301 volentibus
1075 1262 1284 1313 legeretur,
1312 1274 1359 1300 ac
1386 1261 1544 1300 omnino
1565 1261 1702 1300 decre—

226 1337 359 1362 veram
378 1330 507 1362 utrum
533 1325 606 1363 illis
626 1326 751 1363 visum
779 1331 894 1369 esset,
924 1323 961 1362 id
983 1336 1112 1375 agere.
1170 1323 1242 1360 His
1268 1322 1448 1369 decretis,
1468 1323 1575 1361 nulla
1594 1335 1704 1362 mora

228 1386 468 1438 interposita,
497 1399 587 1425 mox
607 1394 645 1425 et
673 1386 877 1425 convocati
906 1392 1018 1424 erant
1046 1398 1145 1436 quos
1165 1384 1350 1431 dixeram,
1370 1391 1410 1422 et
1428 1384 1703 1422 denuntiatum

228 1460 307 1499 qua
326 1448 375 1486 de
401 1460 521 1486 causa
550 1449 842 1495 convenissent,
872 1455 911 1485 et
941 1447 1043 1485 lecta
1070 1447 1192 1485 oratio
1221 1452 1336 1496 atque
1367 1445 1527 1484 laudata
1546 1453 1586 1483 et
1614 1457 1703 1484 cum

227 1509 370 1562 plausu
400 1516 567 1561 excepta
586 1517 626 1548 et
643 1522 691 1549 ea
719 1516 929 1548 consecuta
961 1509 1091 1547 omnia
1122 1521 1210 1559 quae
1244 1520 1471 1546 successum
1506 1507 1704 1546 declama-

230 1570 382 1609 tionum
404 1577 636 1623 sequuntur.

282 1634 350 1672 93.
382 1633 458 1672 His
479 1634 659 1671 omnibus
690 1632 874 1684 peractis,
895 1631 958 1670 alii
983 1630 1082 1669 inter
1103 1643 1144 1669 se
1171 1630 1436 1682 disputabant,
1456 1630 1505 1668 de
1525 1630 1570 1668 iis
1591 1631 1703 1669 nimi-

227 1707 314 1733 rum
342 1708 430 1747 quae
456 1695 559 1734 lecta
580 1702 717 1733 erant:
749 1688 870 1733 sed'is
890 1706 1006 1745 quem
1025 1693 1136 1731 initio
1155 1694 1194 1731 in
1213 1692 1416 1731 consilium
1437 1692 1704 1740 adhibueram,

227 1755 471 1795 laudatorem
507 1756 617 1794 illum
651 1756 1035 1795 Lacedaemoniorum
1075 1755 1176 1803 dico,
1210 1766 1298 1792 cum
1336 1767 1414 1805 quo
1447 1754 1558 1805 plura
1587 1767 1704 1805 quam

229 1818 360 1858 decuit
380 1819 559 1866 disserui,
581 1819 735 1857 silentio
755 1819 872 1863 facto,
894 1817 1033 1856 defixis
1052 1816 1090 1854 in
1111 1830 1172 1855 me
1187 1816 1324 1863 oculis,
1344 1815 1534 1868 Equidem
1550 1816 1707 1867 (inquit)

229 1881 366 1921 dubito
386 1882 481 1933 quid
501 1883 538 1920 in
558 1882 767 1934 praesentia
786 1880 879 1919 mihi
901 1880 951 1919 sit
970 1880 1215 1923 faciendum;
1247 1892 1321 1917 nec
1341 1880 1441 1917 enirn
1463 1892 1604 1930 negare
1617 1879 1706 1918 volo

230 1956 319 1994 quae
341 1944 484 1990 dixisti,
505 1957 577 1983 nec
598 1944 753 1983 omnino
773 1955 928 1994 possum
950 1941 1123 1980 credere.
1179 1941 1328 1979 Miror
1359 1941 1479 1979 enim
1509 1941 1608 1979 sive
1638 1942 1706 1981 ita

230 2007 431 2047 doluisti
466 2021 517 2047 ac
550 2015 642 2046 tam
675 2007 885 2058 graviter
918 2005 1092 2052 tulisti,
1126 2012 1175 2042 ut
1206 2004 1343 2052 dicis,
1374 2005 1505 2044 dicta
1534 2004 1618 2043 illa
1649 2005 1705 2046 de

228 2069 611 2109 Lacedaemoniis
643 2092 696 2098 ——
722 2068 842 2107 nihil
877 2068 998 2106 enim
1031 2066 1128 2105 tale
1162 2066 1209 2104 in
1239 2066 1296 2104 iis
1330 2068 1565 2118 scriptum
1597 2079 1706 2106 esse

229 2131 568 2180 video—‚sive
599 2129 966 2170 consultoribus
1001 2129 1056 2167 de
1090 2129 1309 2167 oratione
1343 2129 1436 2167 ista
1465 2129 1534 2167 uti
1565 2142 1704 2180 quum

227 2193 380 2232 velles
427 2206 511 2232 nos
559 2192 855 2238 convocasti,
902 2203 1018 2242 quos
1065 2190 1186 2229 satis
1223 2190 1351 2228 nosti
1388 2190 1617 2241 quicquid
1655 2199 1704 2229 tu

229 2256 410 2295 dixeris
441 2262 522 2295 aut
556 2254 740 2294 feceris
776 2252 1072 2292 collaudare,
1131 2253 1282 2295 Quum
1315 2259 1470 2290 autem
1503 2252 1704 2304 pruden'-

226 2318 377 2357 tiores
407 2330 568 2357 omnes
601 2329 669 2363 ea,
688 2317 736 2355 in
756 2328 858 2367 quae
878 2328 1046 2366 magno
1072 2314 1232 2354 studio
1261 2314 1556 2361 incumbunt,
1583 2327 1704 2354 com-

229 2381 472 2420 municare
492 2379 683 2419 soleant
710 2385 791 2417 aut
809 2391 912 2417 cum
943 2376 1331 2429 sapientioribus,
1357 2383 1438 2416 aut
1455 2384 1583 2416 certe
1603 2389 1704 2417 cum

226 2442 288 2482 iis
317 2443 396 2494 qui
427 2441 716 2482 sententiam
748 2453 881 2479 suam
907 2439 1274 2492 pronuntiaturi
1300 2446 1431 2479 sunt:
1461 2446 1512 2478 tu
1540 2441 1705 2480 fecisti

194 2521 199 2526 ·
230 2505 534 2545 contrarium.
591 2504 658 2543 Ac
688 2509 902 2542 neutram
933 2502 1120 2554 quidem
1154 2502 1318 2540 harum
1351 2502 1585 2540 rationum
1616 2516 1704 2555 ego

229 2568 392 2618 probo,
432 2567 514 2606 sed
548 2573 595 2605 et
631 2578 714 2605 nos
747 2565 928 2604 callide
961 2577 1260 2603 convocasse
1293 2570 1340 2602 et
1374 2564 1704 2604 laudationem

232 2630 447 2668 civitatis
484 2629 659 2668 fecisse
688 2627 866 2667 videris
899 2639 989 2665 non
1029 2626 1336 2678 simpliciter,
1371 2639 1520 2677 neque
1554 2627 1621 2666 ita
1655 2635 1706 2666 ut

232 2692 480 2730 nobiscum
505 2690 779 2729 collocutus
804 2702 852 2729 es
880 2689 963 2728 sed
990 2687 1259 2740 periclitari
1284 2700 1367 2725 nos
1395 2687 1626 2735 voluisse,
1647 2702 1703 2727 an

234 2754 363 2793 serio
393 2753 440 2792 in
476 2752 642 2792 studia
676 2753 1012 2791 incumbamus
1051 2757 1098 2789 et
1127 2762 1181 2788 ea
1213 2748 1566 2790 meminerimus
1599 2762 1702 2801 quae

233 2818 360 2856 inter
384 2815 657 2855 docendum
681 2813 780 2853 dici
803 2813 963 2853 solent
984 2825 1036 2851 ac
1060 2810 1336 2864 perspicere
1362 2821 1703 2864 queamusqua

233 2878 422 2917 ratione
457 2878 639 2928 scripta
679 2877 745 2915 sit
780 2876 966 2920 orati0;
1010 2881 1137 2914 tuam
1167 2881 1281 2913 vero
1310 2873 1472 2913 urbem
1507 2874 1702 2914 laudare

234 2938 516 2978 instituisse
541 2937 765 2989 prudenti
794 2936 1014 2984 consilio,
1044 2943 1094 2974 ut
1122 2943 1169 2975 et
1195 2935 1496 2976 multitudini
1528 2936 1699 2976 civium
