1870 3277
812 211 1056 250 ULYSSES.
1587 215 1663 251 507

197 311 300 351 venit
319 327 326 352 :
358 322 399 351 ut
421 328 601 352 numeros
628 315 802 351 Musaeus
820 313 1068 351 Atheniensis
1092 313 1269 364 Eumolpi
1289 313 1402 361 filius,
1425 315 1528 365 quod
1550 314 1661 353 etiam

199 375 400 414 declarant
421 377 505 428 ejus
528 384 716 427 poemata,

455 472 601 506 Rectum,
617 469 796 510 sextuplex⁷
812 479 1084 507 mensuratumque
1103 473 1210 507 quater
1227 479 1294 503 sex,

459 522 611 551 Centenos
627 525 658 550 ut
674 521 723 550 bis
741 520 844 559 quinta
861 524 936 550 aetas
951 520 1069 549 viveret
1082 530 1188 549 annos.

198 611 250 649 At
279 618 471 649 monetam
493 624 569 648 non
601 615 824 661 repererant
852 609 1068 653 Phoenices,
1090 622 1178 647 cum
1198 615 1328 647 essent
1354 610 1452 648 inter
1477 611 1663 650 barbaros

192 672 517 723 ingeniosissimi?
561 671 662 708 Nam
690 670 737 707 de
762 670 887 708 solido
913 677 1041 721 partes
1069 670 1244 708 fecerunt
1269 671 1451 722 aequales,
1480 684 1525 709 ac
1552 672 1663 723 primi

196 741 326 770 notam
347 746 416 784 pro
445 733 590 770 ratione
609 730 788 782 ponderis
810 731 1071 768 incusserunt.
1131 732 1304 775 Quorum
1333 731 1394 770 hic
1416 732 1571 770 inventa
1592 734 1663 772 sibi

194 794 340 831 tribuit.
383 793 602 831 Eorundem
625 791 980 842 etiamrhythmus.
1028 794 1116 835 Quo
1137 793 1179 829 fit
1199 799 1243 829 ut
1261 806 1318 838 ea,
1338 807 1498 843 quorum
1517 794 1578 832 hic
1594 795 1666 833 0ῑίο

196 855 323 905 ginem
352 854 424 892 sibi
459 855 610 898 asserit,
633 853 717 904 ipso
738 854 954 904 antiquiora
983 853 1324 904 deprehendantur
1352 855 1492 893 omnia.
1551 856 1663 895 Men-

195 928 306 953 suras
326 915 424 953 enim
446 924 562 966 atque
583 915 769 966 pondera,
791 915 1009 953 forensibus
1031 915 1250 953 hominibus
1278 922 1319 953 et
1344 916 1583 962 institoribus
1612 919 1663 956 ad

193 976 350 1014 fraudes
373 984 411 1014 et
430 977 598 1028 perjuria
616 977 780 1027 reperit3
813 990 884 1015 nec
913 989 989 1014 non
1014 977 1148 1014 otiosis
1179 976 1352 1015 calculos
1375 991 1419 1016 ac
1447 980 1663 1018 contentio-

196 1051 283 1075 nem
304 1044 343 1075 et
360 1038 647 1076 contumeliam.
699 1038 833 1076 Cubos
854 1050 1009 1089 quoque
1031 1038 1173 1076 malum
1194 1039 1403 1076 maximum
1423 1041 1662 1089 monstravit,

195 1098 260 1149 qui
281 1098 401 1136 victos
425 1098 559 1136 dolore
585 1107 623 1137 et
644 1099 801 1145 mulcta,
817 1099 982 1137 victores
1000 1099 1074 1137 risu
1097 1100 1270 1137 afficiunt
1290 1108 1329 1138 et
1348 1100 1506 1152 probro:
1538 1116 1666 1153 neque

197 1161 298 1198 enim
321 1169 484 1211 prosunt
507 1162 692 1200 cuborum
723 1161 842 1206 lucra,
875 1168 914 1199 et
945 1160 1130 1212 pleraque
1163 1161 1366 1199 confestim
1394 1162 1664 1203 absumuntur.
1694 1209 1696 1211 r

195 1222 315 1260 Faces
331 1223 499 1274 denique
516 1223 761 1273 excogitavit,
777 1222 848 1260 sed
864 1222 1004 1273 quibus
1020 1223 1069 1260 ad
1087 1231 1260 1261 nostrum
1279 1223 1462 1262 damnum
1476 1224 1665 1263 hostium-

193 1296 270 1334 que
290 1285 535 1322 commodum
557 1291 741 1322 uteretur.
800 1285 1004 1322 Enimvero
1032 1284 1106 1323 hoc
1129 1288 1176 1323 ab
1204 1298 1280 1322 uno
1311 1299 1466 1336 quoque
1487 1288 1662 1338 postula—

196 1354 269 1391 tur,
298 1355 340 1384 ut
373 1347 622 1398 imperatores
657 1346 848 1393 attendat,
881 1354 1116 1397 exsequatur
1141 1348 1263 1399 jussa,
1287 1348 1440 1398 placeat
1472 1351 1663 1398 omnibus,

194 1408 335 1457 ubique
352 1410 514 1459 probum
535 1422 577 1446 se
593 1409 777 1459 praebeat,
798 1416 835 1446 et
856 1408 986 1446 amicis
1005 1410 1102 1447 bene
1116 1416 1155 1446 et
1168 1409 1340 1448 hostibus
1355 1411 1454 1448 male
1469 1411 1663 1450 faciendo.

195 1468 339 1506 Contra
360 1483 447 1520 quae
469 1469 528 1507 hic
549 1470 677 1507 omnia
697 1469 802 1513 facit,
824 1477 862 1507 et
886 1477 964 1507 tum
988 1471 1120 1507 hostes
1135 1471 1258 1521 juvat,
1280 1479 1360 1508 tum
1383 1473 1513 1510 amieis
1533 1481 1662 1512 nocet.

247 1531 286 1567 6.
318 1531 374 1568 Ac
402 1544 469 1569 vos
489 1544 562 1581 ego
590 1531 639 1568 de
663 1531 736 1568 hoc
756 1531 910 1569 homine
932 1531 1188 1569 communiter
1208 1532 1423 1571 deliberare
1444 1535 1572 1585 cupio,
1594 1548 1664 1574 ne-

192 1607 269 1645 que
290 1608 376 1632 eum
401 1595 437 1632 in
459 1602 625 1633 vestram
646 1595 842 1632 redactum
861 1602 1095 1645 potestatem
1110 1595 1313 1634 dimittere.
1373 1597 1438 1634 Sin
1456 1598 1488 1635 ei
1509 1606 1663 1650 propter

193 1660 347 1698 dicendi
368 1660 651 1698 vehementiam
681 1660 857 1698 tribuetis
886 1660 1197 1706 misericordiam,
1228 1661 1394 1700 maxima
1423 1663 1460 1700 in
1490 1665 1662 1704 exercitu

192 1723 335 1761 orietur
354 1723 558 1774 iniquitas:
590 1722 732 1761 etenim
753 1736 840 1761 cum
861 1722 1117 1761 intellexerint
1138 1736 1187 1761 ne
1216 1723 1466 1763 Palamedem
1487 1727 1660 1778 quidem,

195 1783 260 1834 qui
282 1791 431 1821 tanturn
458 1784 648 1834 flagitium
672 1791 805 1835 aperte
827 1785 1088 1829 commiserat,
1109 1799 1246 1836 poenas
1270 1786 1426 1824 dedisse
1453 1788 1565 1834 ullas,
1585 1790 1661 1841 ipsi

191 1859 347 1896 quoque
372 1859 530 1897 peccare
567 1846 708 1884 volent.
767 1846 910 1891 Quare,
941 1847 972 1883 si
1005 1847 1172 1897 sapietis,
1206 1861 1294 1898 quae
1324 1848 1400 1886 sint
1428 1850 1534 1887 vobis
1564 1852 1658 1902 ipsis

192 1907 338 1957 optima
375 1907 566 1954 statuetis,
606 1914 646 1946 et
680 1908 716 1946 in
753 1907 867 1960 hujus
901 1908 1088 1960 supplicio
1126 1909 1281 1961 reliquis
1318 1911 1536 1962 exemplum
1569 1925 1658 1964 pro-

192 1976 359 2019 ponetrs.
