1870 3277
266 174 342 208 4:36
868 174 1002 212 LYCU
1012 175 1100 212 RG!

262 284 353 325 erga
370 275 463 312 deos
483 275 672 326 religiose,
694 284 784 328 erga
803 285 980 329 parentes
1002 280 1076 330 pie,
1098 288 1191 330 erga
1210 279 1369 330 patriam
1388 286 1457 318 vos
1475 280 1634 318 honeste
1650 287 1714 331 ge-

262 336 365 381 ratis,
387 344 494 375 tanto
514 338 809 389 negligentiores
831 340 1045 385 videamini,
1069 341 1098 378 si
1122 349 1287 378 vestrum
1303 340 1365 377 hic
1385 341 1546 378 evaserit
1567 342 1712 392 suppli*

260 399 373 437 cium.
405 399 548 443 Quaeso
570 408 696 438 autern
713 413 792 446 vos,
817 401 1084 448 Athenienses,
1106 410 1148 441 ut
1167 402 1449 441 accusationem
1472 404 1569 440 hanc
1590 414 1711 441 meam

260 460 307 497 ad
328 461 440 498 finem
462 470 583 512 usque
599 462 756 513 patienti
774 462 899 501 animo
914 464 1089 510 audiatis,
1113 478 1181 502 nec
1199 475 1300 515 aegre
1317 464 1444 502 feratis
1466 465 1495 501 si
1518 465 1709 502 exordium

259 531 406 559 sumam
428 523 476 560 ab
495 523 540 560 iis
555 525 669 561 rebus
691 534 776 575 quae
798 530 878 561 tum
901 524 983 562 urbi
1004 525 1260 577 contigerunt,
1283 525 1349 563 sed
1370 527 1496 563 causis
1518 526 1643 576 potius
1660 526 1712 562 in*

259 582 466 633 dignemini
487 589 524 621 et
545 585 587 622 iis
601 592 754 636 propter
771 598 868 636 quos
886 595 1003 637 cogor
1016 587 1097 625 haec
1118 588 1201 639 ipsa
1214 586 1262 624 ad
1281 587 1501 624 memoriam
1519 594 1710 627 revocare.

312 646 350 682 6.
381 645 598 684 Commisso
625 647 724 685 enim
753 647 856 699 apud
890 648 1141 687 Chaeroneam
1172 649 1303 700 praelio
1332 649 1510 700 factoque
1543 649 1711 687 omnium

255 715 423 745 vestrum
445 704 491 745 ad
521 709 745 747 concionem
774 721 960 748 concursu
980 711 1147 749 decrevit
1166 711 1328 763 populus
1355 711 1492 748 liberos
1514 717 1552 748 et
1572 716 1711 748 uxores

257 780 304 805 ex
325 768 424 819 agris
445 769 494 806 ad
514 771 651 808 moenia
672 771 890 817 transferre,
913 772 1158 823 imperatores
1179 778 1306 810 autem
1327 771 1503 809 ordinare
1523 770 1570 808 ad
1591 782 1710 809 excua

256 830 339 868 bias
359 831 513 880 quosvis
536 832 827 870 Atheniensium
848 834 1082 883 aliorumque
1104 833 1382 871 demorantium
1406 833 1586 879 Athenis,
1615 844 1710 883 qua⁴

257 898 367 929 tenus
387 891 479 943 ipsis
499 893 700 932 videretur.
760 895 963 932 Leocrates
991 900 1132 941 autem,
1158 894 1294 932 horum
1315 894 1406 931 nihil
1428 894 1540 944 plane
1559 906 1713 941 curans,

256 963 387 990 omnes
414 966 502 1003 quae
532 954 700 992 habebat
725 953 932 992 facultates
953 955 1137 993 collectas
1158 955 1274 993 veluti
1301 955 1337 992 in
1358 955 1527 992 sarcinas
1548 968 1632 992 cum
1654 955 1710 993 fa-

257 1013 366 1051 mulis
389 1014 466 1051 suis
496 1014 713 1052 domesticis
732 1015 770 1052 in
790 1015 960 1053 lembum
980 1016 1189 1063 transtulit,
1208 1016 1294 1054 navi
1311 1016 1393 1067 jam
1414 1016 1514 1053 circa
1534 1015 1625 1053 litus
1645 1027 1709 1053 exa

255 1081 383 1121 eunte,
414 1081 529 1126 atque
548 1075 650 1114 circa
675 1077 942 1128 crepusculum
969 1079 1227 1129 vespertinum
1255 1079 1336 1129 ipse
1357 1089 1443 1115 cum
1465 1079 1585 1115 amica
1605 1077 1710 1115 Eire-

254 1137 471 1191 nidejuxta
496 1140 662 1178 medium
682 1139 773 1179 litus
802 1154 870 1192 per
898 1142 1090 1193 portulam
1118 1154 1296 1193 egressus
1317 1141 1365 1179 ad
1396 1141 1521 1178 navim
1550 1139 1708 1179 adnavi-

255 1201 360 1251 gavit
387 1201 554 1253 abiitque
582 1202 747 1253 fugiens,
775 1212 898 1254 neque
927 1209 1078 1254 portum
1110 1204 1213 1242 urbis
1248 1203 1442 1249 misertus,
1463 1215 1482 1241 e
1502 1203 1640 1253 quibus
1671 1201 1710 1240 iu

253 1261 373 1299 altum
393 1262 670 1310 abducebatur,
698 1277 822 1314 neque
850 1265 988 1302 moenia
1014 1266 1148 1316 patriae
1171 1265 1371 1309 reveritus,
1393 1277 1557 1314 quorum
1584 1268 1711 1302 custo·-

252 1323 354 1360 diam
371 1323 564 1361 desertam
579 1332 648 1375 pro
663 1325 759 1363 virili
775 1338 844 1364 sua
859 1333 964 1377 parte
980 1326 1145 1377 reliquit,
1161 1335 1288 1377 neque
1305 1339 1431 1364 arcem
1446 1339 1490 1364 ac
1506 1325 1709 1364 delubrum

251 1384 358 1424 Jovis
376 1387 591 1425 Servatoris
606 1393 644 1425 et
661 1387 850 1427 Minervae
864 1388 1087 1427 Servatricis
1108 1389 1316 1442 respiciens
1337 1392 1375 1427 et
1388 1389 1558 1440 prodens
1582 1394 1709 1426 exter-

249 1448 347 1485 ritus
367 1455 437 1494 est,
457 1461 553 1498 quos
581 1455 754 1487 actutum
773 1458 793 1487 e
814 1450 992 1501 periculis
1024 1450 1095 1488 sibi
1124 1456 1332 1489 servatores
1359 1450 1563 1488 invocabit.
1624 1450 1704 1487 De-

252 1509 392 1547 ductus
421 1517 547 1549 autem
569 1517 608 1549 et
632 1512 857 1562 perveniens
879 1512 916 1550 in
946 1513 1111 1550 insulam
1140 1512 1334 1558 Rhodum,
1357 1522 1429 1551 ceu
1460 1512 1593 1563 patriae
1624 1519 1707 1550 suae

251 1571 442 1622 ingentem
464 1569 684 1610 felicitatem
698 1573 864 1611 oblatam
881 1573 1111 1625 praedicans,
1132 1574 1446 1612 commemoravit
1461 1574 1568 1624 quod
1580 1582 1708 1611 arcem

251 1631 415 1670 civitatis
430 1640 583 1683 captam
596 1628 803 1685 reliquerit,
820 1633 955 1672 Piraeei
969 1636 1170 1673 obsessum
1183 1635 1409 1685 emporium,
1425 1648 1465 1672 se
1481 1635 1605 1673 solum
1621 1643 1711 1673 con-

250 1699 442 1731 servatum
468 1694 635 1732 evasisse
657 1691 876 1733 affirmans:
905 1704 977 1733 nec
996 1695 1145 1733 erubuit
1169 1695 1303 1746 patriae
1332 1695 1577 1733 infortunium
1599 1703 1706 1734 suam

251 1755 415 1794 salutem
436 1756 640 1806 appella-re.
696 1755 805 1795 Adeo
832 1763 957 1795 autern
979 1756 1091 1795 valde
1112 1757 1196 1795 haec
1216 1757 1463 1795 crediderunt
1483 1757 1637 1802 Rhodii,
1666 1764 1709 1795 ut

249 1818 419 1855 triremes
438 1818 644 1868 implentes
671 1818 824 1869 navigia
843 1818 1086 1862 deduxerint,
1116 1825 1231 1868 atque
1251 1821 1482 1856 mercatores
1503 1819 1542 1855 et
1567 1813 1706 1868 guber·

250 1885 400 1917 natores
428 1878 606 1917 instructi
637 1879 712 1918 hu‘c
739 1880 933 1930 navigare,
957 1877 1009 1918 ibi
1043 1889 1154 1918 suum
1180 1879 1415 1917 frumentum
1446 1879 1481 1916 vi
1509 1875 1707 1917 amiserint

251 1941 422 1992 aliasque
440 1954 499 1980 res
518 1949 672 1994 propter
688 1943 813 1994 ipsum
831 1941 948 1980 hunc.
1007 1938 1059 1980 Et
1087 1942 1191 1993 quod
1220 1942 1307 1979 haec
1326 1951 1415 1980 vera
1443 1937 1583 1987 dicam,
1604 1940 1710 1992 l‘eget

248 2004 356 2042 vobis
375 2003 595 2041 testimonia
614 2005 797 2049 omnium,
820 2003 980 2055 primum
1002 2003 1158 2054 quidem
1179 2003 1391 2056 vicinorum
1410 2010 1449 2042 et
1466 2004 1504 2041 in
1523 2004 1611 2041 loco
1631 2003 1705 2042 hoc

247 2066 576 2113 commorantium,
594 2065 659 2117 qui
678 2066 779 2103 hunc
800 2073 987 2104 noverunt
1007 2066 1045 2102 in
1071 2060 1170 2103 beIIO
1191 2065 1308 2103 fuisse
1328 2060 1568 2116 transfugam
1589 2071 1703 2116 atque

247 2127 407 2164 Athenis
422 2127 659 2178 enavigasse,
674 2124 812 2165 deinde
829 2138 962 2165 eorum
976 2127 1041 2178 qui
1058 2122 1185 2165 Rhodi
1201 2133 1322 2173 erant,
1335 2126 1492 2178 quando
1502 2126 1705 2165 Leocrates

247 2185 330 2225 haec
352 2188 613 2235 renunciabat,
634 2196 722 2240 post
746 2189 828 2226 haec
851 2188 1014 2227 audietis
1042 2184 1224 2240 Phyrcini
1250 2188 1404 2239 quidem
1431 2188 1704 2234 testimonium,

247 2260 361 2299 quem
378 2255 416 2287 et
435 2257 603 2287 vestrum
619 2248 843 2300 [noverunt]
858 2249 1026 2301 plerique
1042 2259 1246 2288 accusasse
1262 2249 1367 2288 hunc
1382 2245 1485 2300 apud
1502 2246 1702 2300 populum,

247 2310 350 2362 quod
365 2311 500 2349 fuisset
512 2311 625 2349 etiam
639 2311 849 2349 admodum
867 2311 995 2350 socius
1010 2309 1137 2350 damni
1150 2311 1252 2363 quod
1268 2306 1400 2350 datum
1414 2314 1474 2349 est'
1484 2306 1702 2362 reipublicae
1725 2337 1728 2340 -

245 2373 282 2409 in
302 2372 593 2412 defraudatione
613 2371 810 2424 vectigalis
831 2372 1174 2424 quinquagesimae.
1234 2368 1464 2424 Priusquam
1485 2380 1612 2411 autern
1633 2367 1701 2410 ad-

246 2434 434 2473 scendant
448 2434 524 2472 huc
545 2440 678 2481 testes,
697 2435 827 2485 paucis
848 2435 960 2485 cupio
982 2435 1190 2474 dissertare
1210 2432 1422 2474 vobiscum.

300 2496 336 2536 7.
370 2496 454 2534 Non
477 2501 568 2534 sunt
597 2491 697 2535 clam·
717 2497 841 2544 vobis,
866 2496 1032 2547 judices,
1060 2506 1185 2547 neque
1214 2503 1420 2548 apparatus
1440 2496 1699 2548 judicatorum

248 2569 370 2609 neque¹
399 2567 530 2610 preces
551 2558 801 2604 exorantium,
820 2566 948 2596 verum
970 2563 1147 2596 accurate
1176 2559 1296 2597 nostis
1316 2559 1419 2610 quod
1449 2558 1699 2609 pecuniarum

245 2629 363 2658 causa
382 2628 421 2658 et
440 2633 486 2658 ex
515 2621 644 2659 favore
665 2620 856 2672 plerisque
877 2616 1029 2657 testium
1051 2627 1278 2670 persuasum
1299 2624 1357 2657 es‘t
1377 2625 1443 2657 aut·
1465 2628 1551 2656 esse
1572 2619 1701 2656 imme-

247 2692 369 2720 mores
399 2685 560 2721 autnon
580 2683 706 2720 venire
733 2682 783 2720 ad
808 2680 996 2733 judicium
1017 2688 1086 2719 aut·
1111 2679 1222 2719 asiam
1252 2680 1493 2719 occasionem
1515 2680 1699 2717 invenire.

244 2743 266 2781 J
273 2744 382 2781 ubete
403 2744 561 2794 proinde
581 2751 698 2782 testes
720 2739 955 2782 adscendere
976 2737 1262 2793 nequet‘eside's
1274 2750 1361 2780 esse‘
1375 2741 1412 2779 in
1429 2737 1699 2792 patefacienda

245 2805 403 2843 veritate
441 2815 563 2857 neque
602 2806 720 2857 pluris
759 2806 885 2843 facere
918 2805 1085 2842 favorem
1125 2810 1163 2842 et
1194 2800 1382 2842 beneficia
1416 2811 1528 2854 quam
1560 2796 1636 2862 vos!
1659 2809 1698 2840 et

246 2863 374 2904 urbem
395 2866 494 2905 hanc
515 2867 651 2917 ipsam,
678 2869 860 2905 caeterum
888 2866 1081 2918 praecipite
1108 2865 1161 2903 eis
1192 2858 1351 2903 reddere
1380 2865 1513 2916 patt‘i'ae
1542 2872 1588 2902 ea
1607 2873 1694 2914 quae

245 2937 331 2966 vera
352 2933 388 2965 et
400 2928 525 2979 justra
545 2934 647 2974 sunt,
676 2937 799 2978 neque
819 2928 1037 2979 relinquant
1056 2921 1224 2965 ordinem
1244 2924 1346 2964 hunc
1365 2925 1419 2964 ita>
1438 2933 1483 2964 ut-
1498 2924 1693 2963 imitentur
