1870 3277
812 556 921 608 ΙΙΙ.

655 705 1074 754 PHILIPPO.

802 829 927 836 .--.-.

206 906 236 941 l.
268 905 368 942 ETs1
389 917 474 942 curn
493 905 697 955 Antipatro
718 906 830 942 etiam
850 912 888 942 et
908 905 954 941 de
975 910 1117 941 nostrae
1137 902 1241 940 urb-is
1262 907 1301 939 et
1318 900 1393 938 tuis
1413 905 1583 937 commu*-

145 966 200 1004 dis
220 967 326 1014 satis,
346 975 388 1005 ut
407 967 497 1005 mihi
518 967 747 1018 persuadeo,
769 969 924 1019 copiose
944 967 1122 1010 disserui;
1154 973 1281 1004 tamen
1301 965 1349 1002 ad
1371 971 1407 1001 te
1428 975 1584 1014 quoque

147 1028 308 1066 scribere
336 1029 452 1076 volui,
478 1029 571 1080 quid
600 1042 694 1080 pace
715 1030 794 1080 jam
824 1030 924 1066 facta
953 1028 1042 1065 mihi
1069 1027 1263 1079 agendum
1290 1038 1373 1063 esse
1400 1024 1587 1068 videatur,

148 1101 223 1125 non
255 1090 417 1127 multum
452 1089 640 1128 absimilia
668 1091 727 1128 his
759 1103 846 1140 quae
877 1090 913 1127 in
947 1090 1118 1128 oratione
1148 1088 1357 1139 perscripta
1389 1091 1491 1130 sunt,
1520 1084 1587 1122 sed

149 1150 269 1188 multo
287 1151 472 1189 breviora.

201 1214 239 1247 2.
269 1211 365 1248 Tum
386 1212 484 1249 enim
508 1213 717 1250 suadebam
737 1221 793 1258 ut,
817 1212 1038 1263 compositis
1062 1219 1203 1249 nostrae
1224 1210 1327 1247 urbis
1349 1214 1388 1246 et
1408 1207 1588 1245 Lacedae-

150 1273 360 1310 moniorum
383 1281 423 1311 et
441 1275 712 1312 Thebanorum
735 1274 1038 1325 Argivorumque
1064 1271 1348 1317 controversiis,
1370 1269 1532 1307 Graecos
1552 1269 1588 1306 in

151 1334 394 1371 concordiam
416 1335 638 1378 reduceres;
671 1335 934 1373 existimabam
955 1335 1069 1379 enim,
1089 1335 1120 1372 si
1146 1334 1184 1371 id
1205 1347 1227 1371 a
1246 1331 1480 1383 principibus
1501 1330 1592 1368 civi-

150 1396 292 1433 tatibus
313 1396 571 1447 impetrasses,
591 1398 871 1449 quamprimum
898 1396 1063 1446 reliquas
1085 1408 1239 1446 quoque
1266 1399 1479 1431 secuturas.
1536 1392 1592 1429 Ae

150 1459 213 1496 illo
233 1459 386 1510 quidem
408 1466 582 1511 tempore
606 1460 704 1498 alius
730 1467 811 1497 erat
837 1472 960 1497 rerum
981 1466 1122 1497 status:
1156 1469 1259 1495 nunc
1277 1468 1368 1494 vero
1387 1455 1424 1491 in
1442 1466 1487 1491 eo
1507 1452 1594 1491 loeo

151 1533 209 1558 res
238 1528 328 1558 sunt
356 1527 398 1558 ut
427 1522 587 1560 suadere
617 1522 707 1559 nihil
737 1522 785 1559 sit
811 1533 984 1559 neeesse.
1042 1521 1143 1557 Nam
1169 1526 1324 1569 propter
1349 1516 1593 1554 commissum

150 1582 321 1632 praelium
342 1595 475 1620 omnes
495 1583 618 1621 coacti
639 1589 728 1620 sunt
752 1581 799 1620 ad
830 1594 962 1619 sanam
987 1588 1154 1618 mentem
1175 1580 1298 1618 redire
1320 1584 1357 1616 et
1377 1590 1423 1614 ea
1442 1574 1594 1613 deside-

152 1655 235 1679 rare
261 1656 347 1693 quae
377 1650 413 1680 te
441 1644 539 1681 velle
567 1643 692 1681 facere
719 1643 976 1694 suspicantur,
1003 1649 1041 1679 et
1065 1641 1190 1678 dicere
1217 1640 1360 1678 omissa
1382 1637 1532 1676 insania
1559 1642 1597 1673 et

153 1703 320 1749 avaritia,
350 1718 427 1754 qua
459 1704 553 1743 alios
584 1704 644 1741 alii
676 1705 929 1754 exagitarent,
960 1703 995 1739 in
1028 1702 1159 1739 Asiam
1189 1701 1332 1739 bellum
1366 1712 1450 1737 esse
1478 1704 1598 1735 trans-

153 1764 363 1802 ferendum.

206 1827 241 1864 3.
273 1827 498 1877 Complures
519 1826 633 1864 etiam
661 1840 707 1864 ex
733 1840 792 1864 me
814 1833 993 1876 quaerunt
1019 1833 1145 1863 utrum
1175 1837 1246 1875 ego
1267 1824 1332 1862 tibi
1353 1822 1536 1862 suaserim
1556 1827 1598 1858 ut

154 1888 434 1938 expeditionem
456 1895 590 1926 contra
608 1890 789 1926 barbaros
811 1888 1036 1939 susciperes,
1057 1900 1104 1924 an
1126 1899 1230 1930 vero,
1259 1898 1374 1936 quum
1397 1892 1436 1922 tu
1457 1884 1537 1934 jam
1559 1880 1596 1918 id

155 1950 407 1996 decrevisses,
435 1963 507 2000 ego
537 1949 740 1988 sententiae
768 1958 844 1986 tuae
872 1950 1101 2000 approbator
1121 1947 1369 1986 accesserim:
1400 1958 1473 1996 ego
1493 1956 1596 1988 vem,

154 2011 217 2061 qui
238 2024 431 2061 nunquam
452 2011 636 2048 hactenus
656 2018 693 2048 te
712 2010 969 2052 convenerim,
991 2008 1082 2046 nihil
1104 2022 1162 2047 me
1183 2009 1231 2046 de
1251 2021 1296 2046 eo
1326 2006 1510 2058 comperti
1529 2004 1597 2042 ha-

154 2075 243 2110 bere
264 2073 362 2120 dico,
383 2073 451 2111 sed
472 2080 605 2124 putare
634 2080 776 2117 tamen,
801 2085 920 2123 quum
947 2072 1014 2109 tibi
1040 2071 1078 2109 id
1102 2071 1183 2122 jam
1211 2077 1324 2108 antea
1344 2068 1597 2107 deliberatum

154 2141 268 2178 esset,
286 2147 345 2172 me
365 2135 441 2172 tuis
461 2134 630 2172 consiliis
651 2133 903 2184 suffragatum
926 2145 1025 2170 esse.
1080 2132 1177 2175 Quae
1197 2131 1250 2169 illi
1270 2144 1387 2181 quum
1409 2128 1599 2173 audirent,

156 2209 216 2233 me
235 2209 367 2233 omnes
387 2197 575 2247 rogabant
594 2204 636 2233 ut
650 2202 687 2233 te
705 2195 875 2233 hortarer
894 2207 942 2232 ne
960 2201 1128 2231 mutares
1146 2192 1368 2236 consilium3
1400 2201 1597 2240 nunquam

156 2258 257 2295 enim
283 2257 344 2295 edi
369 2271 483 2308 posse
510 2257 716 2294 illustriora
739 2256 909 2294 facinora
929 2255 985 2293 vel
1008 2255 1151 2293 Graecis
1177 2254 1345 2299 utiliora,
1374 2265 1501 2302 neque
1527 2264 1598 2288 un—

156 2332 270 2370 quam
289 2332 404 2370 posse
425 2319 504 2357 dari
525 2318 716 2356 meliorem
739 2318 791 2356 rei
812 2317 991 2368 gerendae
1010 2316 1269 2354 occasionem.

211 2382 252 2418 4.
284 2382 323 2418 Si
352 2381 465 2431 igitur
493 2394 538 2418 ea
558 2394 644 2432 quae
671 2379 760 2417 olim
787 2379 858 2417 fuit
883 2378 1022 2430 ingenii
1049 2378 1213 2416 facultas
1243 2376 1331 2414 mibi
1362 2380 1598 2427 suppeteret,

159 2456 279 2494 neque
301 2450 480 2481 senectus
500 2455 632 2480 omnes
652 2441 748 2479 vires
770 2441 991 2487 ademisset,
1017 2453 1094 2478 non
1118 2454 1187 2492 per
1211 2440 1339 2477 literas
1361 2444 1485 2475 tecum
1508 2448 1599 2486 age-

158 2516 249 2549 rem,
267 2504 333 2542 sed
356 2517 482 2542 coram
504 2511 542 2541 te
563 2496 760 2541 incitarem
781 2511 819 2541 et
836 2503 1056 2541 cohortarer
1071 2502 1119 2540 ad
1140 2501 1213 2539 hoc
1232 2499 1426 2551 negotium
1447 2503 1600 2535 strenue

160 2565 460 2617 suscipiendum.
516 2565 645 2610 Nunc,
672 2572 713 2603 ut
737 2577 909 2616 possum,
933 2570 970 2602 te
998 2563 1128 2602 hortor
1157 2575 1203 2600 ne
1229 2562 1314 2599 haec
1341 2559 1516 2610 negligas
1535 2565 1601 2596 aut

160 2627 323 2665 desistas
352 2627 574 2679 priusquam
603 2639 681 2664 rem
710 2639 864 2665 omnem
892 2624 1116 2664 confeceris.
1174 2623 1343 2661 Alterius
1368 2634 1481 2673 porro
1507 2620 1600 2658 defi-

159 2688 336 2726 cientium
368 2689 577 2740 eupiditate
606 2688 811 2726 insatiabili
841 2694 1005 2725 aestuare
1039 2698 1114 2723 non
1146 2692 1203 2722 est
1232 2684 1600 2722 honestum—nam

160 2749 350 2799 plerisque
376 2751 558 2800 probatur
584 2750 830 2788 mediocritas
846 2772 910 2795 —‚
937 2747 1005 2785 sed
1031 2759 1212 2797 magnam
1238 2745 1504 2795 illustremque
1524 2743 1603 2795 glo-

163 2812 251 2848 riam
282 2811 495 2849 desiderare
520 2825 593 2850 nec
620 2812 702 2863 ejus
729 2823 896 2861 unquam
924 2809 1100 2847 satietate
1128 2808 1227 2846 affici
1257 2807 1400 2845 debent
1425 2806 1488 2856 qui
1520 2806 1601 2843 aliis

163 2872 322 2908 multum
344 2873 594 2910 antecellunt:
625 2873 663 2909 id
682 2872 785 2923 quod
812 2872 877 2909 tibi
904 2870 1078 2920 contigit.
1134 2870 1231 2906 Turn
1260 2876 1386 2906 autem
1416 2867 1463 2906 ad
1492 2868 1602 2905 samar

164 2941 238 2970 tum
269 2933 510 2983 splendorem
544 2933 635 2970 nibil
669 2947 780 2984 posse
814 2932 997 2970 accedere
1030 2937 1163 2981 putato
1195 2942 1355 2979 eamque
1385 2930 1497 2967 rebus
1527 2928 1602 2965 tuis
