<?xml version="1.0" encoding="UTF-8"?>
<!DOCTYPE html PUBLIC "-//W3C//DTD XHTML 1.0 Transitional//EN"
    "http://www.w3.org/TR/xhtml1/DTD/xhtml1-transitional.dtd">
<html xmlns="http://www.w3.org/1999/xhtml" xml:lang="en" lang="en">
 <head>
  <title>
</title>
<meta http-equiv="Content-Type" content="text/html;charset=utf-8" />
  <meta name='ocr-system' content='tesseract 3.04.00' />
  <meta name='ocr-capabilities' content='ocr_page ocr_carea ocr_par ocr_line ocrx_word'/>
</head>
<body>
  <div class='ocr_page' id='page_1' title='image "./oratoresatticie14dobs_0351.png"; bbox 0 0 1870 3277; ppageno 0'>
   <div class='ocr_carea' id='block_1_1' title="bbox 487 168 1619 214">
    <p class='ocr_par' dir='ltr' id='par_1_1' title="bbox 487 168 1619 214">
     <span class='ocr_line' id='line_1_1' title="bbox 487 168 1619 214; baseline 0.006 -8"><span class='ocrx_word' id='word_1_1' title='bbox 487 168 558 206; x_wconf 89' lang='lat' dir='ltr'>DE</span> <span class='ocrx_word' id='word_1_2' title='bbox 591 169 914 208; x_wconf 81' lang='lat' dir='ltr'>NICOSTRATl</span> <span class='ocrx_word' id='word_1_3' title='bbox 945 170 1310 210; x_wconf 84' lang='lat' dir='ltr'>HEREDITATE.</span> <span class='ocrx_word' id='word_1_4' title='bbox 1542 168 1619 214; x_wconf 78' lang='lat'>339</span> 
     </span>
    </p>
   </div>
   <div class='ocr_carea' id='block_1_2' title="bbox 128 268 1618 2899">
    <p class='ocr_par' dir='ltr' id='par_1_2' title="bbox 168 268 1618 750">
     <span class='ocr_line' id='line_1_2' title="bbox 179 268 1618 319; baseline 0.005 -13"><span class='ocrx_word' id='word_1_5' title='bbox 179 268 231 306; x_wconf 93' lang='lat' dir='ltr'>Hi</span> <span class='ocrx_word' id='word_1_6' title='bbox 262 275 352 306; x_wconf 77' lang='lat' dir='ltr'>sunt</span> <span class='ocrx_word' id='word_1_7' title='bbox 380 269 445 319; x_wconf 92' lang='lat' dir='ltr'>qui</span> <span class='ocrx_word' id='word_1_8' title='bbox 474 270 521 308; x_wconf 91' lang='lat' dir='ltr'>ab</span> <span class='ocrx_word' id='word_1_9' title='bbox 552 269 658 308; x_wconf 86' lang='lat' dir='ltr'>initio</span> <span class='ocrx_word' id='word_1_10' title='bbox 685 269 888 308; x_wconf 83' lang='lat' dir='ltr'><strong>hereditati</strong></span> <span class='ocrx_word' id='word_1_11' title='bbox 918 270 1125 308; x_wconf 84' lang='lat' dir='ltr'>Nicostrati</span> <span class='ocrx_word' id='word_1_12' title='bbox 1154 271 1361 311; x_wconf 85' lang='lat' dir='ltr'>inhiarunt:</span> <span class='ocrx_word' id='word_1_13' title='bbox 1407 273 1618 313; x_wconf 76' lang='lat' dir='ltr'>Chariades</span> 
     </span>
     <span class='ocr_line' id='line_1_3' title="bbox 176 331 1618 385; baseline 0.006 -19"><span class='ocrx_word' id='word_1_14' title='bbox 176 336 302 367; x_wconf 87' lang='lat' dir='ltr'>autem</span> <span class='ocrx_word' id='word_1_15' title='bbox 324 337 402 367; x_wconf 89' lang='lat' dir='ltr'>tum</span> <span class='ocrx_word' id='word_1_16' title='bbox 422 331 573 381; x_wconf 90' lang='lat' dir='ltr'>quidem</span> <span class='ocrx_word' id='word_1_17' title='bbox 591 344 675 369; x_wconf 88' lang='lat' dir='ltr'>eam</span> <span class='ocrx_word' id='word_1_18' title='bbox 694 345 769 369; x_wconf 90' lang='lat' dir='ltr'>non</span> <span class='ocrx_word' id='word_1_19' title='bbox 793 332 960 382; x_wconf 86' lang='lat' dir='ltr'>petebat,</span> <span class='ocrx_word' id='word_1_20' title='bbox 972 331 1217 382; x_wconf 79' lang='lat' dir='ltr'>postmodum</span> <span class='ocrx_word' id='word_1_21' title='bbox 1237 345 1326 370; x_wconf 89' lang='lat' dir='ltr'>vero</span> <span class='ocrx_word' id='word_1_22' title='bbox 1345 334 1457 385; x_wconf 88' lang='lat' dir='ltr'>coepit</span> <span class='ocrx_word' id='word_1_23' title='bbox 1477 342 1618 385; x_wconf 87' lang='lat' dir='ltr'>petere,</span> 
     </span>
     <span class='ocr_line' id='line_1_4' title="bbox 174 390 1613 444; baseline 0.005 -17"><span class='ocrx_word' id='word_1_24' title='bbox 174 404 297 441; x_wconf 89' lang='lat' dir='ltr'>neque</span> <span class='ocrx_word' id='word_1_25' title='bbox 327 392 431 430; x_wconf 88' lang='lat' dir='ltr'>solus</span> <span class='ocrx_word' id='word_1_26' title='bbox 460 393 555 443; x_wconf 86' lang='lat' dir='ltr'>ipse,</span> <span class='ocrx_word' id='word_1_27' title='bbox 575 393 644 430; x_wconf 90' lang='lat' dir='ltr'>sed</span> <span class='ocrx_word' id='word_1_28' title='bbox 671 393 784 430; x_wconf 90' lang='lat' dir='ltr'>etiam</span> <span class='ocrx_word' id='word_1_29' title='bbox 815 390 982 442; x_wconf 89' lang='lat' dir='ltr'>spurium</span> <span class='ocrx_word' id='word_1_30' title='bbox 1011 404 1119 429; x_wconf 91' lang='lat' dir='ltr'>suum</span> <span class='ocrx_word' id='word_1_31' title='bbox 1140 405 1161 429; x_wconf 92' lang='lat' dir='ltr'>e</span> <span class='ocrx_word' id='word_1_32' title='bbox 1188 394 1382 431; x_wconf 82' lang='lat' dir='ltr'>meretrice</span> <span class='ocrx_word' id='word_1_33' title='bbox 1410 396 1613 444; x_wconf 87' lang='lat' dir='ltr'>quaesitum</span> 
     </span>
     <span class='ocr_line' id='line_1_5' title="bbox 173 453 1615 508; baseline 0.004 -18"><span class='ocrx_word' id='word_1_34' title='bbox 173 453 387 504; x_wconf 90' lang='lat' dir='ltr'>subjectum</span> <span class='ocrx_word' id='word_1_35' title='bbox 407 454 474 491; x_wconf 91' lang='lat' dir='ltr'>ivit</span> <span class='ocrx_word' id='word_1_36' title='bbox 494 454 725 498; x_wconf 88' lang='lat' dir='ltr'>Nicostrato,</span> <span class='ocrx_word' id='word_1_37' title='bbox 745 453 817 490; x_wconf 91' lang='lat' dir='ltr'>hoc</span> <span class='ocrx_word' id='word_1_38' title='bbox 836 453 1009 498; x_wconf 90' lang='lat' dir='ltr'>consilio,</span> <span class='ocrx_word' id='word_1_39' title='bbox 1031 460 1073 490; x_wconf 89' lang='lat' dir='ltr'>ut</span> <span class='ocrx_word' id='word_1_40' title='bbox 1092 460 1159 491; x_wconf 93' lang='lat' dir='ltr'>aut</span> <span class='ocrx_word' id='word_1_41' title='bbox 1180 454 1284 491; x_wconf 86' lang='lat' dir='ltr'>bona</span> <span class='ocrx_word' id='word_1_42' title='bbox 1301 455 1507 506; x_wconf 87' lang='lat' dir='ltr'>corriperet</span> <span class='ocrx_word' id='word_1_43' title='bbox 1533 458 1615 508; x_wconf 88' lang='lat' dir='ltr'>ipse</span> 
     </span>
     <span class='ocr_line' id='line_1_6' title="bbox 172 513 1613 567; baseline 0.003 -16"><span class='ocrx_word' id='word_1_44' title='bbox 172 521 238 552; x_wconf 91' lang='lat' dir='ltr'>aut</span> <span class='ocrx_word' id='word_1_45' title='bbox 257 515 381 564; x_wconf 87' lang='lat' dir='ltr'>saltim</span> <span class='ocrx_word' id='word_1_46' title='bbox 401 516 530 567; x_wconf 90' lang='lat' dir='ltr'>spurio</span> <span class='ocrx_word' id='word_1_47' title='bbox 548 527 615 553; x_wconf 92' lang='lat' dir='ltr'>suo</span> <span class='ocrx_word' id='word_1_48' title='bbox 629 515 692 566; x_wconf 92' lang='lat' dir='ltr'>jus</span> <span class='ocrx_word' id='word_1_49' title='bbox 705 513 867 552; x_wconf 86' lang='lat' dir='ltr'>civitatis</span> <span class='ocrx_word' id='word_1_50' title='bbox 889 514 1112 564; x_wconf 84' lang='lat' dir='ltr'>acquireret.</span> <span class='ocrx_word' id='word_1_51' title='bbox 1171 514 1350 552; x_wconf 76' lang='lat' dir='ltr'>Sentiens</span> <span class='ocrx_word' id='word_1_52' title='bbox 1363 524 1489 553; x_wconf 91' lang='lat' dir='ltr'>autem</span> <span class='ocrx_word' id='word_1_53' title='bbox 1503 531 1613 555; x_wconf 89' lang='lat' dir='ltr'>suum</span> 
     </span>
     <span class='ocr_line' id='line_1_7' title="bbox 170 574 1613 628; baseline 0.002 -15"><span class='ocrx_word' id='word_1_54' title='bbox 170 574 218 614; x_wconf 91' lang='lat' dir='ltr'>de</span> <span class='ocrx_word' id='word_1_55' title='bbox 238 577 469 628; x_wconf 86' lang='lat' dir='ltr'>cognatione</span> <span class='ocrx_word' id='word_1_56' title='bbox 496 584 681 615; x_wconf 86' lang='lat' dir='ltr'>assertum</span> <span class='ocrx_word' id='word_1_57' title='bbox 709 575 898 613; x_wconf 84' lang='lat' dir='ltr'>mendacii</span> <span class='ocrx_word' id='word_1_58' title='bbox 928 576 1143 614; x_wconf 87' lang='lat' dir='ltr'>convictum</span> <span class='ocrx_word' id='word_1_59' title='bbox 1176 576 1233 621; x_wconf 89' lang='lat' dir='ltr'>iri,</span> <span class='ocrx_word' id='word_1_60' title='bbox 1254 576 1475 627; x_wconf 86' lang='lat' dir='ltr'>petitionem</span> <span class='ocrx_word' id='word_1_61' title='bbox 1508 581 1613 628; x_wconf 89' lang='lat' dir='ltr'>pueri</span> 
     </span>
     <span class='ocr_line' id='line_1_8' title="bbox 168 636 1612 689; baseline 0.003 -16"><span class='ocrx_word' id='word_1_62' title='bbox 168 637 322 685; x_wconf 88' lang='lat' dir='ltr'>quidem</span> <span class='ocrx_word' id='word_1_63' title='bbox 341 637 505 681; x_wconf 85' lang='lat' dir='ltr'>rescidit,</span> <span class='ocrx_word' id='word_1_64' title='bbox 529 650 593 687; x_wconf 90' lang='lat' dir='ltr'>pro</span> <span class='ocrx_word' id='word_1_65' title='bbox 615 636 822 686; x_wconf 85' lang='lat' dir='ltr'>semetipso</span> <span class='ocrx_word' id='word_1_66' title='bbox 848 645 973 675; x_wconf 90' lang='lat' dir='ltr'>autem</span> <span class='ocrx_word' id='word_1_67' title='bbox 999 644 1280 676; x_wconf 80' lang='lat' dir='ltr'>sacramentum</span> <span class='ocrx_word' id='word_1_68' title='bbox 1301 638 1492 689; x_wconf 87' lang='lat' dir='ltr'>deposuit,</span> <span class='ocrx_word' id='word_1_69' title='bbox 1513 646 1555 676; x_wconf 91' lang='lat' dir='ltr'>ut</span> <span class='ocrx_word' id='word_1_70' title='bbox 1582 640 1612 678; x_wconf 88' lang='lat' dir='ltr'>is</span> 
     </span>
     <span class='ocr_line' id='line_1_9' title="bbox 168 698 1250 750; baseline 0.001 -15"><span class='ocrx_word' id='word_1_71' title='bbox 168 699 229 736; x_wconf 90' lang='lat' dir='ltr'>cui</span> <span class='ocrx_word' id='word_1_72' title='bbox 243 712 310 750; x_wconf 86' lang='lat' dir='ltr'>per</span> <span class='ocrx_word' id='word_1_73' title='bbox 328 705 596 737; x_wconf 87' lang='lat' dir='ltr'>testamentum</span> <span class='ocrx_word' id='word_1_74' title='bbox 616 698 716 735; x_wconf 88' lang='lat' dir='ltr'>bona</span> <span class='ocrx_word' id='word_1_75' title='bbox 737 698 948 735; x_wconf 83' lang='lat' dir='ltr'>Nicostrati</span> <span class='ocrx_word' id='word_1_76' title='bbox 969 698 1060 736; x_wconf 88' lang='lat' dir='ltr'>data</span> <span class='ocrx_word' id='word_1_77' title='bbox 1076 699 1250 736; x_wconf 88' lang='lat' dir='ltr'>fuissent.</span> 
     </span>
    </p>

    <p class='ocr_par' dir='ltr' id='par_1_3' title="bbox 128 759 1610 2899">
     <span class='ocr_line' id='line_1_10' title="bbox 220 759 1609 810; baseline 0.001 -14"><span class='ocrx_word' id='word_1_78' title='bbox 220 761 260 797; x_wconf 87' lang='lat'>4.</span> <span class='ocrx_word' id='word_1_79' title='bbox 290 760 503 810; x_wconf 84' lang='lat' dir='ltr'>Oportebat</span> <span class='ocrx_word' id='word_1_80' title='bbox 521 759 689 810; x_wconf 88' lang='lat' dir='ltr'>quidem,</span> <span class='ocrx_word' id='word_1_81' title='bbox 704 759 869 810; x_wconf 84' lang='lat' dir='ltr'>judices,</span> <span class='ocrx_word' id='word_1_82' title='bbox 889 760 1110 810; x_wconf 85' lang='lat' dir='ltr'>quicunque</span> <span class='ocrx_word' id='word_1_83' title='bbox 1134 760 1387 798; x_wconf 81' lang='lat' dir='ltr'>substantiam</span> <span class='ocrx_word' id='word_1_84' title='bbox 1416 760 1609 810; x_wconf 89' lang='lat' dir='ltr'>quandam</span> 
     </span>
     <span class='ocr_line' id='line_1_11' title="bbox 167 821 1609 871; baseline 0.001 -14"><span class='ocrx_word' id='word_1_85' title='bbox 167 833 215 857; x_wconf 85' lang='lat' dir='ltr'>ex</span> <span class='ocrx_word' id='word_1_86' title='bbox 235 821 344 858; x_wconf 87' lang='lat' dir='ltr'>titulo</span> <span class='ocrx_word' id='word_1_87' title='bbox 365 821 581 858; x_wconf 88' lang='lat' dir='ltr'>donationis</span> <span class='ocrx_word' id='word_1_88' title='bbox 601 821 895 858; x_wconf 83' lang='lat' dir='ltr'>testamentariae</span> <span class='ocrx_word' id='word_1_89' title='bbox 915 828 1049 871; x_wconf 91' lang='lat' dir='ltr'>petens</span> <span class='ocrx_word' id='word_1_90' title='bbox 1065 834 1183 859; x_wconf 89' lang='lat' dir='ltr'>causa</span> <span class='ocrx_word' id='word_1_91' title='bbox 1203 821 1520 866; x_wconf 87' lang='lat' dir='ltr'>cecidisset‚eum</span> <span class='ocrx_word' id='word_1_92' title='bbox 1534 834 1609 859; x_wconf 89' lang='lat' dir='ltr'>non</span> 
     </span>
     <span class='ocr_line' id='line_1_12' title="bbox 165 881 1610 934; baseline 0.001 -16"><span class='ocrx_word' id='word_1_93' title='bbox 165 881 212 918; x_wconf 91' lang='lat' dir='ltr'>ad</span> <span class='ocrx_word' id='word_1_94' title='bbox 236 881 414 919; x_wconf 88' lang='lat' dir='ltr'>mulctam</span> <span class='ocrx_word' id='word_1_95' title='bbox 435 895 501 933; x_wconf 94' lang='lat' dir='ltr'>pro</span> <span class='ocrx_word' id='word_1_96' title='bbox 519 888 601 920; x_wconf 89' lang='lat' dir='ltr'>rata</span> <span class='ocrx_word' id='word_1_97' title='bbox 614 881 877 928; x_wconf 89' lang='lat' dir='ltr'>condemnari,</span> <span class='ocrx_word' id='word_1_98' title='bbox 893 882 961 919; x_wconf 85' lang='lat' dir='ltr'>sed</span> <span class='ocrx_word' id='word_1_99' title='bbox 981 882 1030 919; x_wconf 90' lang='lat' dir='ltr'>ad</span> <span class='ocrx_word' id='word_1_100' title='bbox 1044 882 1269 920; x_wconf 89' lang='lat' dir='ltr'>tantundem</span> <span class='ocrx_word' id='word_1_101' title='bbox 1284 882 1503 934; x_wconf 89' lang='lat' dir='ltr'>reipublicae</span> <span class='ocrx_word' id='word_1_102' title='bbox 1516 883 1610 920; x_wconf 87' lang='lat' dir='ltr'>fisco</span> 
     </span>
     <span class='ocr_line' id='line_1_13' title="bbox 162 942 1608 996; baseline 0.002 -16"><span class='ocrx_word' id='word_1_103' title='bbox 162 942 360 990; x_wconf 89' lang='lat' dir='ltr'>luendum,</span> <span class='ocrx_word' id='word_1_104' title='bbox 380 945 511 994; x_wconf 90' lang='lat' dir='ltr'>quanti</span> <span class='ocrx_word' id='word_1_105' title='bbox 531 944 581 982; x_wconf 91' lang='lat' dir='ltr'>sit</span> <span class='ocrx_word' id='word_1_106' title='bbox 599 957 748 981; x_wconf 88' lang='lat' dir='ltr'>summa</span> <span class='ocrx_word' id='word_1_107' title='bbox 766 945 952 982; x_wconf 88' lang='lat' dir='ltr'>bonorum</span> <span class='ocrx_word' id='word_1_108' title='bbox 975 945 1022 982; x_wconf 91' lang='lat' dir='ltr'>ab</span> <span class='ocrx_word' id='word_1_109' title='bbox 1043 957 1089 983; x_wconf 61' lang='lat' dir='ltr'>e‘o</span> <span class='ocrx_word' id='word_1_110' title='bbox 1109 945 1335 996; x_wconf 88' lang='lat' dir='ltr'>petitorum:</span> <span class='ocrx_word' id='word_1_111' title='bbox 1366 944 1471 995; x_wconf 92' lang='lat' dir='ltr'>quod</span> <span class='ocrx_word' id='word_1_112' title='bbox 1493 944 1523 982; x_wconf 92' lang='lat' dir='ltr'>si</span> <span class='ocrx_word' id='word_1_113' title='bbox 1542 945 1608 983; x_wconf 89' lang='lat' dir='ltr'>fie-</span> 
     </span>
     <span class='ocr_line' id='line_1_14' title="bbox 162 1005 1608 1057; baseline 0.001 -15"><span class='ocrx_word' id='word_1_114' title='bbox 162 1010 232 1050; x_wconf 86' lang='lat' dir='ltr'>ret,</span> <span class='ocrx_word' id='word_1_115' title='bbox 253 1005 360 1056; x_wconf 85' lang='lat' dir='ltr'>leges</span> <span class='ocrx_word' id='word_1_116' title='bbox 383 1018 458 1043; x_wconf 91' lang='lat' dir='ltr'>non</span> <span class='ocrx_word' id='word_1_117' title='bbox 481 1005 532 1043; x_wconf 92' lang='lat' dir='ltr'>ita</span> <span class='ocrx_word' id='word_1_118' title='bbox 551 1012 898 1052; x_wconf 89' lang='lat' dir='ltr'>contemnerentur,</span> <span class='ocrx_word' id='word_1_119' title='bbox 917 1018 1040 1056; x_wconf 89' lang='lat' dir='ltr'>neque</span> <span class='ocrx_word' id='word_1_120' title='bbox 1061 1006 1309 1057; x_wconf 84' lang='lat' dir='ltr'>cognationes</span> <span class='ocrx_word' id='word_1_121' title='bbox 1330 1019 1352 1044; x_wconf 89' lang='lat' dir='ltr'>a</span> <span class='ocrx_word' id='word_1_122' title='bbox 1372 1013 1430 1044; x_wconf 85' lang='lat' dir='ltr'>tot</span> <span class='ocrx_word' id='word_1_123' title='bbox 1450 1006 1608 1056; x_wconf 88' lang='lat' dir='ltr'>impuris</span> 
     </span>
     <span class='ocr_line' id='line_1_15' title="bbox 160 1066 1610 1118; baseline 0.001 -15"><span class='ocrx_word' id='word_1_124' title='bbox 160 1066 510 1104; x_wconf 84' lang='lat' dir='ltr'>contaminarentur</span> <span class='ocrx_word' id='word_1_125' title='bbox 524 1079 591 1117; x_wconf 88' lang='lat' dir='ltr'>per</span> <span class='ocrx_word' id='word_1_126' title='bbox 609 1066 874 1117; x_wconf 82' lang='lat' dir='ltr'>petulantiam,</span> <span class='ocrx_word' id='word_1_127' title='bbox 887 1079 1013 1117; x_wconf 89' lang='lat' dir='ltr'>neque</span> <span class='ocrx_word' id='word_1_128' title='bbox 1032 1067 1183 1104; x_wconf 83' lang='lat' dir='ltr'>futurus</span> <span class='ocrx_word' id='word_1_129' title='bbox 1203 1074 1307 1105; x_wconf 91' lang='lat' dir='ltr'>esset</span> <span class='ocrx_word' id='word_1_130' title='bbox 1325 1067 1391 1118; x_wconf 92' lang='lat' dir='ltr'>qui</span> <span class='ocrx_word' id='word_1_131' title='bbox 1409 1067 1610 1105; x_wconf 86' lang='lat' dir='ltr'>defuncto-</span> 
     </span>
     <span class='ocr_line' id='line_1_16' title="bbox 160 1127 1608 1168; baseline 0.002 -4"><span class='ocrx_word' id='word_1_132' title='bbox 160 1140 242 1164; x_wconf 87' lang='lat' dir='ltr'>rum</span> <span class='ocrx_word' id='word_1_133' title='bbox 274 1127 424 1166; x_wconf 87' lang='lat' dir='ltr'>nomine</span> <span class='ocrx_word' id='word_1_134' title='bbox 454 1128 502 1165; x_wconf 91' lang='lat' dir='ltr'>ad</span> <span class='ocrx_word' id='word_1_135' title='bbox 534 1128 796 1166; x_wconf 86' lang='lat' dir='ltr'>confirmanda</span> <span class='ocrx_word' id='word_1_136' title='bbox 828 1135 866 1164; x_wconf 90' lang='lat' dir='ltr'>et</span> <span class='ocrx_word' id='word_1_137' title='bbox 894 1128 1145 1166; x_wconf 87' lang='lat' dir='ltr'>incrustanda</span> <span class='ocrx_word' id='word_1_138' title='bbox 1173 1141 1242 1166; x_wconf 91' lang='lat' dir='ltr'>sua</span> <span class='ocrx_word' id='word_1_139' title='bbox 1274 1128 1473 1166; x_wconf 88' lang='lat' dir='ltr'>mendacia</span> <span class='ocrx_word' id='word_1_140' title='bbox 1505 1130 1608 1168; x_wconf 89' lang='lat' dir='ltr'>abuti</span> 
     </span>
     <span class='ocr_line' id='line_1_17' title="bbox 161 1188 1606 1241; baseline 0.002 -15"><span class='ocrx_word' id='word_1_141' title='bbox 161 1188 330 1226; x_wconf 89' lang='lat' dir='ltr'>auderet.</span> <span class='ocrx_word' id='word_1_142' title='bbox 387 1189 578 1232; x_wconf 87' lang='lat' dir='ltr'>Quoniam</span> <span class='ocrx_word' id='word_1_143' title='bbox 599 1201 687 1226; x_wconf 89' lang='lat' dir='ltr'>vero</span> <span class='ocrx_word' id='word_1_144' title='bbox 708 1202 774 1239; x_wconf 91' lang='lat' dir='ltr'>per</span> <span class='ocrx_word' id='word_1_145' title='bbox 793 1189 900 1239; x_wconf 86' lang='lat' dir='ltr'>leges</span> <span class='ocrx_word' id='word_1_146' title='bbox 928 1190 1102 1227; x_wconf 91' lang='lat' dir='ltr'>omnibus</span> <span class='ocrx_word' id='word_1_147' title='bbox 1128 1189 1229 1235; x_wconf 91' lang='lat' dir='ltr'>licet,</span> <span class='ocrx_word' id='word_1_148' title='bbox 1247 1190 1361 1227; x_wconf 89' lang='lat' dir='ltr'>etiam</span> <span class='ocrx_word' id='word_1_149' title='bbox 1389 1190 1606 1241; x_wconf 91' lang='lat' dir='ltr'>quicunque</span> 
     </span>
     <span class='ocr_line' id='line_1_18' title="bbox 158 1251 1606 1304; baseline 0.003 -16"><span class='ocrx_word' id='word_1_150' title='bbox 158 1259 266 1289; x_wconf 89' lang='lat' dir='ltr'>extra</span> <span class='ocrx_word' id='word_1_151' title='bbox 294 1251 563 1302; x_wconf 87' lang='lat' dir='ltr'>cognationem</span> <span class='ocrx_word' id='word_1_152' title='bbox 593 1258 694 1297; x_wconf 88' lang='lat' dir='ltr'>sunt,</span> <span class='ocrx_word' id='word_1_153' title='bbox 726 1251 957 1289; x_wconf 87' lang='lat' dir='ltr'>hereditates</span> <span class='ocrx_word' id='word_1_154' title='bbox 987 1265 1303 1303; x_wconf 86' lang='lat' dir='ltr'>quorumcunque</span> <span class='ocrx_word' id='word_1_155' title='bbox 1335 1265 1412 1302; x_wconf 93' lang='lat' dir='ltr'>quo</span> <span class='ocrx_word' id='word_1_156' title='bbox 1447 1253 1606 1304; x_wconf 90' lang='lat' dir='ltr'>quisque</span> 
     </span>
     <span class='ocr_line' id='line_1_19' title="bbox 156 1312 1606 1366; baseline 0.003 -17"><span class='ocrx_word' id='word_1_157' title='bbox 156 1312 267 1349; x_wconf 90' lang='lat' dir='ltr'>titulo</span> <span class='ocrx_word' id='word_1_158' title='bbox 289 1312 377 1350; x_wconf 89' lang='lat' dir='ltr'>velit</span> <span class='ocrx_word' id='word_1_159' title='bbox 396 1320 540 1364; x_wconf 88' lang='lat' dir='ltr'>petere,</span> <span class='ocrx_word' id='word_1_160' title='bbox 561 1321 726 1351; x_wconf 88' lang='lat' dir='ltr'>vestrum</span> <span class='ocrx_word' id='word_1_161' title='bbox 747 1320 807 1350; x_wconf 91' lang='lat' dir='ltr'>est</span> <span class='ocrx_word' id='word_1_162' title='bbox 827 1314 863 1350; x_wconf 89' lang='lat' dir='ltr'>in</span> <span class='ocrx_word' id='word_1_163' title='bbox 886 1313 1105 1364; x_wconf 88' lang='lat' dir='ltr'>hujusmodi</span> <span class='ocrx_word' id='word_1_164' title='bbox 1119 1328 1258 1352; x_wconf 85' lang='lat' dir='ltr'>causas</span> <span class='ocrx_word' id='word_1_165' title='bbox 1275 1321 1420 1365; x_wconf 87' lang='lat' dir='ltr'>quanta</span> <span class='ocrx_word' id='word_1_166' title='bbox 1434 1315 1606 1366; x_wconf 87' lang='lat' dir='ltr'>poteritis</span> 
     </span>
     <span class='ocr_line' id='line_1_20' title="bbox 156 1373 1604 1424; baseline 0.004 -15"><span class='ocrx_word' id='word_1_167' title='bbox 156 1385 304 1410; x_wconf 89' lang='lat' dir='ltr'>summa</span> <span class='ocrx_word' id='word_1_168' title='bbox 320 1373 520 1423; x_wconf 82' lang='lat' dir='ltr'>diligentia</span> <span class='ocrx_word' id='word_1_169' title='bbox 546 1374 737 1424; x_wconf 87' lang='lat' dir='ltr'>inquirere</span> <span class='ocrx_word' id='word_1_170' title='bbox 758 1373 982 1424; x_wconf 89' lang='lat' dir='ltr'>nullumque</span> <span class='ocrx_word' id='word_1_171' title='bbox 1002 1375 1129 1412; x_wconf 93' lang='lat' dir='ltr'>locum</span> <span class='ocrx_word' id='word_1_172' title='bbox 1152 1388 1225 1413; x_wconf 89' lang='lat' dir='ltr'>non</span> <span class='ocrx_word' id='word_1_173' title='bbox 1248 1389 1455 1414; x_wconf 86' lang='lat' dir='ltr'>excussum</span> <span class='ocrx_word' id='word_1_174' title='bbox 1478 1384 1604 1415; x_wconf 86' lang='lat' dir='ltr'>trans-</span> 
     </span>
     <span class='ocr_line' id='line_1_21' title="bbox 154 1434 1604 1487; baseline 0.003 -17"><span class='ocrx_word' id='word_1_175' title='bbox 154 1434 316 1471; x_wconf 88' lang='lat' dir='ltr'>mittere.</span> <span class='ocrx_word' id='word_1_176' title='bbox 377 1434 429 1472; x_wconf 88' lang='lat' dir='ltr'>Et</span> <span class='ocrx_word' id='word_1_177' title='bbox 448 1435 484 1472; x_wconf 93' lang='lat' dir='ltr'>in</span> <span class='ocrx_word' id='word_1_178' title='bbox 504 1435 578 1473; x_wconf 89' lang='lat' dir='ltr'>hoc</span> <span class='ocrx_word' id='word_1_179' title='bbox 595 1435 677 1472; x_wconf 89' lang='lat' dir='ltr'>solo</span> <span class='ocrx_word' id='word_1_180' title='bbox 699 1447 835 1484; x_wconf 88' lang='lat' dir='ltr'>genere</span> <span class='ocrx_word' id='word_1_181' title='bbox 856 1447 1072 1480; x_wconf 87' lang='lat' dir='ltr'>causarum,</span> <span class='ocrx_word' id='word_1_182' title='bbox 1092 1435 1322 1473; x_wconf 89' lang='lat' dir='ltr'>hereditario</span> <span class='ocrx_word' id='word_1_183' title='bbox 1343 1444 1448 1487; x_wconf 89' lang='lat' dir='ltr'>puta,</span> <span class='ocrx_word' id='word_1_184' title='bbox 1469 1437 1604 1476; x_wconf 91' lang='lat' dir='ltr'>viden-</span> 
     </span>
     <span class='ocr_line' id='line_1_22' title="bbox 153 1495 1604 1549; baseline 0.003 -17"><span class='ocrx_word' id='word_1_185' title='bbox 153 1502 214 1532; x_wconf 90' lang='lat' dir='ltr'>tur</span> <span class='ocrx_word' id='word_1_186' title='bbox 247 1495 296 1533; x_wconf 89' lang='lat' dir='ltr'>ad</span> <span class='ocrx_word' id='word_1_187' title='bbox 328 1495 440 1534; x_wconf 87' lang='lat' dir='ltr'>fidem</span> <span class='ocrx_word' id='word_1_188' title='bbox 472 1496 689 1534; x_wconf 83' lang='lat' dir='ltr'>faciendam</span> <span class='ocrx_word' id='word_1_189' title='bbox 723 1496 908 1533; x_wconf 89' lang='lat' dir='ltr'>validiora</span> <span class='ocrx_word' id='word_1_190' title='bbox 936 1497 1050 1533; x_wconf 85' lang='lat' dir='ltr'>etiam</span> <span class='ocrx_word' id='word_1_191' title='bbox 1081 1509 1167 1534; x_wconf 92' lang='lat' dir='ltr'>esse</span> <span class='ocrx_word' id='word_1_192' title='bbox 1199 1496 1341 1534; x_wconf 90' lang='lat' dir='ltr'>indicia</span> <span class='ocrx_word' id='word_1_193' title='bbox 1379 1511 1494 1547; x_wconf 91' lang='lat' dir='ltr'>quam</span> <span class='ocrx_word' id='word_1_194' title='bbox 1532 1499 1604 1549; x_wconf 91' lang='lat' dir='ltr'>ipsi</span> 
     </span>
     <span class='ocr_line' id='line_1_23' title="bbox 150 1557 1602 1608; baseline 0.003 -15"><span class='ocrx_word' id='word_1_195' title='bbox 150 1563 280 1595; x_wconf 86' lang='lat' dir='ltr'>testes.</span> <span class='ocrx_word' id='word_1_196' title='bbox 339 1557 439 1594; x_wconf 89' lang='lat' dir='ltr'>Nam</span> <span class='ocrx_word' id='word_1_197' title='bbox 462 1558 497 1595; x_wconf 93' lang='lat' dir='ltr'>in</span> <span class='ocrx_word' id='word_1_198' title='bbox 518 1557 667 1595; x_wconf 85' lang='lat' dir='ltr'>caeteris</span> <span class='ocrx_word' id='word_1_199' title='bbox 688 1557 844 1608; x_wconf 85' lang='lat' dir='ltr'>quidem</span> <span class='ocrx_word' id='word_1_200' title='bbox 866 1558 1126 1595; x_wconf 85' lang='lat' dir='ltr'>contractibus</span> <span class='ocrx_word' id='word_1_201' title='bbox 1147 1557 1249 1596; x_wconf 86' lang='lat' dir='ltr'>haud</span> <span class='ocrx_word' id='word_1_202' title='bbox 1272 1558 1480 1596; x_wconf 83' lang='lat' dir='ltr'>admodum</span> <span class='ocrx_word' id='word_1_203' title='bbox 1503 1559 1602 1597; x_wconf 85' lang='lat' dir='ltr'>diffi-</span> 
     </span>
     <span class='ocr_line' id='line_1_24' title="bbox 149 1616 1601 1672; baseline 0.003 -18"><span class='ocrx_word' id='word_1_204' title='bbox 149 1616 224 1655; x_wconf 87' lang='lat' dir='ltr'>cile</span> <span class='ocrx_word' id='word_1_205' title='bbox 250 1624 310 1656; x_wconf 89' lang='lat' dir='ltr'>est</span> <span class='ocrx_word' id='word_1_206' title='bbox 338 1618 435 1656; x_wconf 87' lang='lat' dir='ltr'>falsa</span> <span class='ocrx_word' id='word_1_207' title='bbox 463 1626 623 1657; x_wconf 90' lang='lat' dir='ltr'>testatos</span> <span class='ocrx_word' id='word_1_208' title='bbox 656 1631 880 1669; x_wconf 86' lang='lat' dir='ltr'>coarguere,</span> <span class='ocrx_word' id='word_1_209' title='bbox 900 1619 1101 1669; x_wconf 87' lang='lat' dir='ltr'>superstite</span> <span class='ocrx_word' id='word_1_210' title='bbox 1129 1619 1255 1657; x_wconf 89' lang='lat' dir='ltr'>adhuc</span> <span class='ocrx_word' id='word_1_211' title='bbox 1278 1626 1317 1657; x_wconf 92' lang='lat' dir='ltr'>et</span> <span class='ocrx_word' id='word_1_212' title='bbox 1334 1620 1373 1657; x_wconf 90' lang='lat' dir='ltr'>in</span> <span class='ocrx_word' id='word_1_213' title='bbox 1395 1621 1485 1659; x_wconf 89' lang='lat' dir='ltr'>urbe</span> <span class='ocrx_word' id='word_1_214' title='bbox 1504 1635 1601 1672; x_wconf 87' lang='lat' dir='ltr'>prae-</span> 
     </span>
     <span class='ocr_line' id='line_1_25' title="bbox 148 1679 1600 1731; baseline 0.003 -16"><span class='ocrx_word' id='word_1_215' title='bbox 148 1687 256 1716; x_wconf 89' lang='lat' dir='ltr'>sente</span> <span class='ocrx_word' id='word_1_216' title='bbox 275 1692 320 1717; x_wconf 92' lang='lat' dir='ltr'>eo</span> <span class='ocrx_word' id='word_1_217' title='bbox 340 1693 452 1730; x_wconf 91' lang='lat' dir='ltr'>quem</span> <span class='ocrx_word' id='word_1_218' title='bbox 473 1680 604 1718; x_wconf 91' lang='lat' dir='ltr'>testati</span> <span class='ocrx_word' id='word_1_219' title='bbox 627 1680 702 1717; x_wconf 88' lang='lat' dir='ltr'>sint</span> <span class='ocrx_word' id='word_1_220' title='bbox 721 1680 793 1717; x_wconf 92' lang='lat' dir='ltr'>hoe</span> <span class='ocrx_word' id='word_1_221' title='bbox 813 1680 871 1717; x_wconf 89' lang='lat' dir='ltr'>vel</span> <span class='ocrx_word' id='word_1_222' title='bbox 891 1679 985 1717; x_wconf 92' lang='lat' dir='ltr'>illud</span> <span class='ocrx_word' id='word_1_223' title='bbox 1006 1681 1151 1731; x_wconf 87' lang='lat' dir='ltr'>egisse:</span> <span class='ocrx_word' id='word_1_224' title='bbox 1186 1680 1221 1718; x_wconf 88' lang='lat' dir='ltr'>in</span> <span class='ocrx_word' id='word_1_225' title='bbox 1242 1693 1361 1718; x_wconf 86' lang='lat' dir='ltr'>causa</span> <span class='ocrx_word' id='word_1_226' title='bbox 1379 1694 1469 1719; x_wconf 88' lang='lat' dir='ltr'>vero</span> <span class='ocrx_word' id='word_1_227' title='bbox 1489 1682 1600 1721; x_wconf 85' lang='lat' dir='ltr'>here—</span> 
     </span>
     <span class='ocr_line' id='line_1_26' title="bbox 147 1740 1601 1792; baseline 0.003 -15"><span class='ocrx_word' id='word_1_228' title='bbox 147 1740 283 1778; x_wconf 87' lang='lat' dir='ltr'>ditaria</span> <span class='ocrx_word' id='word_1_229' title='bbox 303 1741 414 1792; x_wconf 90' lang='lat' dir='ltr'>ecqui</span> <span class='ocrx_word' id='word_1_230' title='bbox 436 1741 522 1778; x_wconf 88' lang='lat' dir='ltr'>falsi</span> <span class='ocrx_word' id='word_1_231' title='bbox 552 1748 670 1779; x_wconf 91' lang='lat' dir='ltr'>testes</span> <span class='ocrx_word' id='word_1_232' title='bbox 699 1740 1008 1786; x_wconf 86' lang='lat' dir='ltr'>noscitabuntur,</span> <span class='ocrx_word' id='word_1_233' title='bbox 1029 1741 1239 1779; x_wconf 91' lang='lat' dir='ltr'>dummodo</span> <span class='ocrx_word' id='word_1_234' title='bbox 1268 1742 1542 1781; x_wconf 88' lang='lat' dir='ltr'>intertrimenta</span> <span class='ocrx_word' id='word_1_235' title='bbox 1561 1750 1601 1782; x_wconf 90' lang='lat' dir='ltr'>et</span> 
     </span>
     <span class='ocr_line' id='line_1_27' title="bbox 145 1803 1596 1855; baseline 0.003 -15"><span class='ocrx_word' id='word_1_236' title='bbox 145 1803 366 1842; x_wconf 84' lang='lat' dir='ltr'>differentiae</span> <span class='ocrx_word' id='word_1_237' title='bbox 398 1805 701 1855; x_wconf 86' lang='lat' dir='ltr'>postulationum</span> <span class='ocrx_word' id='word_1_238' title='bbox 735 1816 811 1842; x_wconf 90' lang='lat' dir='ltr'>non</span> <span class='ocrx_word' id='word_1_239' title='bbox 850 1803 961 1841; x_wconf 86' lang='lat' dir='ltr'>nimis</span> <span class='ocrx_word' id='word_1_240' title='bbox 999 1805 1202 1842; x_wconf 88' lang='lat' dir='ltr'>abnormes</span> <span class='ocrx_word' id='word_1_241' title='bbox 1232 1811 1348 1855; x_wconf 89' lang='lat' dir='ltr'>atque</span> <span class='ocrx_word' id='word_1_242' title='bbox 1381 1806 1596 1845; x_wconf 82' lang='lat' dir='ltr'>manifestae</span> 
     </span>
     <span class='ocr_line' id='line_1_28' title="bbox 145 1865 1597 1917; baseline 0.003 -14"><span class='ocrx_word' id='word_1_243' title='bbox 145 1865 245 1903; x_wconf 76' lang='lat' dir='ltr'>sint?</span> <span class='ocrx_word' id='word_1_244' title='bbox 291 1865 354 1904; x_wconf 91' lang='lat' dir='ltr'>illo</span> <span class='ocrx_word' id='word_1_245' title='bbox 391 1866 475 1917; x_wconf 90' lang='lat' dir='ltr'>ipso</span> <span class='ocrx_word' id='word_1_246' title='bbox 510 1866 556 1903; x_wconf 91' lang='lat' dir='ltr'>de</span> <span class='ocrx_word' id='word_1_247' title='bbox 592 1866 703 1917; x_wconf 92' lang='lat' dir='ltr'>cujus</span> <span class='ocrx_word' id='word_1_248' title='bbox 737 1865 849 1903; x_wconf 88' lang='lat' dir='ltr'>dictis</span> <span class='ocrx_word' id='word_1_249' title='bbox 882 1865 1040 1903; x_wconf 83' lang='lat' dir='ltr'>saetisve</span> <span class='ocrx_word' id='word_1_250' title='bbox 1079 1866 1337 1904; x_wconf 89' lang='lat' dir='ltr'>testimonium</span> <span class='ocrx_word' id='word_1_251' title='bbox 1378 1867 1597 1917; x_wconf 87' lang='lat' dir='ltr'>perhibetur</span> 
     </span>
     <span class='ocr_line' id='line_1_29' title="bbox 145 1927 1596 1978; baseline 0.003 -14"><span class='ocrx_word' id='word_1_252' title='bbox 145 1927 238 1964; x_wconf 88' lang='lat' dir='ltr'>vivis</span> <span class='ocrx_word' id='word_1_253' title='bbox 259 1934 449 1978; x_wconf 86' lang='lat' dir='ltr'>exempto,</span> <span class='ocrx_word' id='word_1_254' title='bbox 469 1927 722 1978; x_wconf 86' lang='lat' dir='ltr'>cognatisque</span> <span class='ocrx_word' id='word_1_255' title='bbox 744 1940 789 1965; x_wconf 90' lang='lat' dir='ltr'>ea</span> <span class='ocrx_word' id='word_1_256' title='bbox 809 1939 897 1976; x_wconf 83' lang='lat' dir='ltr'>quae</span> <span class='ocrx_word' id='word_1_257' title='bbox 916 1928 963 1964; x_wconf 90' lang='lat' dir='ltr'>ab</span> <span class='ocrx_word' id='word_1_258' title='bbox 983 1927 1047 1964; x_wconf 93' lang='lat' dir='ltr'>illo</span> <span class='ocrx_word' id='word_1_259' title='bbox 1067 1936 1178 1977; x_wconf 81' lang='lat' dir='ltr'>gesta</span> <span class='ocrx_word' id='word_1_260' title='bbox 1207 1935 1245 1966; x_wconf 88' lang='lat' dir='ltr'>et</span> <span class='ocrx_word' id='word_1_261' title='bbox 1274 1929 1487 1967; x_wconf 88' lang='lat' dir='ltr'>constituta</span> <span class='ocrx_word' id='word_1_262' title='bbox 1522 1932 1596 1969; x_wconf 87' lang='lat' dir='ltr'>sint</span> 
     </span>
     <span class='ocr_line' id='line_1_30' title="bbox 143 1988 1595 2041; baseline 0.002 -14"><span class='ocrx_word' id='word_1_263' title='bbox 143 2003 299 2041; x_wconf 90' lang='lat' dir='ltr'>prorsus</span> <span class='ocrx_word' id='word_1_264' title='bbox 320 1989 599 2041; x_wconf 85' lang='lat' dir='ltr'>ignorantibus,</span> <span class='ocrx_word' id='word_1_265' title='bbox 620 1988 868 2039; x_wconf 80' lang='lat' dir='ltr'>deniqueubi</span> <span class='ocrx_word' id='word_1_266' title='bbox 889 1989 1114 2026; x_wconf 90' lang='lat' dir='ltr'>scrutinium</span> <span class='ocrx_word' id='word_1_267' title='bbox 1144 1989 1269 2039; x_wconf 89' lang='lat' dir='ltr'>ipsum</span> <span class='ocrx_word' id='word_1_268' title='bbox 1302 1989 1595 2040; x_wconf 84' lang='lat' dir='ltr'>diligentissima</span> 
     </span>
     <span class='ocr_line' id='line_1_31' title="bbox 141 2050 1590 2101; baseline 0.001 -11"><span class='ocrx_word' id='word_1_269' title='bbox 141 2065 228 2090; x_wconf 91' lang='lat' dir='ltr'>cum</span> <span class='ocrx_word' id='word_1_270' title='bbox 248 2052 449 2090; x_wconf 87' lang='lat' dir='ltr'>severitate</span> <span class='ocrx_word' id='word_1_271' title='bbox 470 2050 635 2089; x_wconf 86' lang='lat' dir='ltr'>exerceri</span> <span class='ocrx_word' id='word_1_272' title='bbox 664 2058 852 2101; x_wconf 87' lang='lat' dir='ltr'>nequeat;</span> <span class='ocrx_word' id='word_1_273' title='bbox 883 2050 998 2095; x_wconf 89' lang='lat' dir='ltr'>adde,</span> <span class='ocrx_word' id='word_1_274' title='bbox 1020 2051 1126 2100; x_wconf 90' lang='lat' dir='ltr'>quod</span> <span class='ocrx_word' id='word_1_275' title='bbox 1158 2058 1392 2089; x_wconf 87' lang='lat' dir='ltr'>testamenta</span> <span class='ocrx_word' id='word_1_276' title='bbox 1422 2053 1590 2091; x_wconf 90' lang='lat' dir='ltr'>conden-</span> 
     </span>
     <span class='ocr_line' id='line_1_32' title="bbox 141 2104 1592 2164; baseline 0.002 -14"><span class='ocrx_word' id='word_1_277' title='bbox 141 2113 234 2150; x_wconf 90' lang='lat' dir='ltr'>tium</span> <span class='ocrx_word' id='word_1_278' title='bbox 256 2113 428 2164; x_wconf 85' lang='lat' dir='ltr'>plerique</span> <span class='ocrx_word' id='word_1_279' title='bbox 449 2127 496 2150; x_wconf 84' lang='lat' dir='ltr'>ne</span> <span class='ocrx_word' id='word_1_280' title='bbox 516 2104 607 2162; x_wconf 86' lang='lat' dir='ltr'>ipsis</span> <span class='ocrx_word' id='word_1_281' title='bbox 637 2111 792 2162; x_wconf 90' lang='lat' dir='ltr'>quidem</span> <span class='ocrx_word' id='word_1_282' title='bbox 821 2111 894 2148; x_wconf 91' lang='lat' dir='ltr'>illis</span> <span class='ocrx_word' id='word_1_283' title='bbox 923 2112 987 2161; x_wconf 92' lang='lat' dir='ltr'>qui</span> <span class='ocrx_word' id='word_1_284' title='bbox 1015 2111 1168 2156; x_wconf 89' lang='lat' dir='ltr'>adsunt,</span> <span class='ocrx_word' id='word_1_285' title='bbox 1187 2111 1280 2162; x_wconf 86' lang='lat' dir='ltr'>quid</span> <span class='ocrx_word' id='word_1_286' title='bbox 1308 2112 1344 2149; x_wconf 90' lang='lat' dir='ltr'>in</span> <span class='ocrx_word' id='word_1_287' title='bbox 1368 2113 1505 2151; x_wconf 90' lang='lat' dir='ltr'>tabulis</span> <span class='ocrx_word' id='word_1_288' title='bbox 1525 2116 1592 2153; x_wconf 91' lang='lat' dir='ltr'>abs</span> 
     </span>
     <span class='ocr_line' id='line_1_33' title="bbox 140 2171 1591 2225; baseline 0.001 -13"><span class='ocrx_word' id='word_1_289' title='bbox 140 2187 180 2211; x_wconf 87' lang='lat' dir='ltr'>se</span> <span class='ocrx_word' id='word_1_290' title='bbox 199 2174 381 2225; x_wconf 90' lang='lat' dir='ltr'>scriptum</span> <span class='ocrx_word' id='word_1_291' title='bbox 404 2181 517 2224; x_wconf 90' lang='lat' dir='ltr'>atque</span> <span class='ocrx_word' id='word_1_292' title='bbox 540 2172 790 2211; x_wconf 90' lang='lat' dir='ltr'>constitutum</span> <span class='ocrx_word' id='word_1_293' title='bbox 812 2172 874 2217; x_wconf 91' lang='lat' dir='ltr'>sit,</span> <span class='ocrx_word' id='word_1_294' title='bbox 896 2171 1131 2222; x_wconf 88' lang='lat' dir='ltr'>significant,</span> <span class='ocrx_word' id='word_1_295' title='bbox 1153 2173 1221 2210; x_wconf 90' lang='lat' dir='ltr'>sed</span> <span class='ocrx_word' id='word_1_296' title='bbox 1243 2172 1328 2210; x_wconf 90' lang='lat' dir='ltr'>ideo</span> <span class='ocrx_word' id='word_1_297' title='bbox 1347 2173 1591 2214; x_wconf 87' lang='lat' dir='ltr'>solummodo</span> 
     </span>
     <span class='ocr_line' id='line_1_34' title="bbox 141 2234 1589 2286; baseline 0.001 -12"><span class='ocrx_word' id='word_1_298' title='bbox 141 2235 293 2274; x_wconf 87' lang='lat' dir='ltr'>adstare</span> <span class='ocrx_word' id='word_1_299' title='bbox 319 2237 468 2286; x_wconf 88' lang='lat' dir='ltr'>jubent,</span> <span class='ocrx_word' id='word_1_300' title='bbox 488 2247 565 2285; x_wconf 93' lang='lat' dir='ltr'>quo</span> <span class='ocrx_word' id='word_1_301' title='bbox 596 2234 738 2271; x_wconf 85' lang='lat' dir='ltr'>conscii</span> <span class='ocrx_word' id='word_1_302' title='bbox 766 2234 841 2271; x_wconf 91' lang='lat' dir='ltr'>sint</span> <span class='ocrx_word' id='word_1_303' title='bbox 866 2240 984 2284; x_wconf 89' lang='lat' dir='ltr'>atque</span> <span class='ocrx_word' id='word_1_304' title='bbox 1004 2240 1190 2271; x_wconf 86' lang='lat' dir='ltr'>testentur</span> <span class='ocrx_word' id='word_1_305' title='bbox 1209 2240 1483 2273; x_wconf 88' lang='lat' dir='ltr'>testamentum</span> <span class='ocrx_word' id='word_1_306' title='bbox 1503 2251 1589 2276; x_wconf 90' lang='lat' dir='ltr'>esse</span> 
     </span>
     <span class='ocr_line' id='line_1_35' title="bbox 139 2294 1589 2348; baseline 0.001 -14"><span class='ocrx_word' id='word_1_307' title='bbox 139 2297 318 2348; x_wconf 89' lang='lat' dir='ltr'>scriptum</span> <span class='ocrx_word' id='word_1_308' title='bbox 340 2304 454 2347; x_wconf 90' lang='lat' dir='ltr'>atque</span> <span class='ocrx_word' id='word_1_309' title='bbox 473 2296 665 2338; x_wconf 89' lang='lat' dir='ltr'>relictum;</span> <span class='ocrx_word' id='word_1_310' title='bbox 695 2296 809 2332; x_wconf 91' lang='lat' dir='ltr'>etiam</span> <span class='ocrx_word' id='word_1_311' title='bbox 836 2294 909 2332; x_wconf 93' lang='lat' dir='ltr'>hoc</span> <span class='ocrx_word' id='word_1_312' title='bbox 928 2308 999 2332; x_wconf 91' lang='lat' dir='ltr'>usu</span> <span class='ocrx_word' id='word_1_313' title='bbox 1021 2295 1248 2345; x_wconf 91' lang='lat' dir='ltr'>quotidiano</span> <span class='ocrx_word' id='word_1_314' title='bbox 1267 2296 1396 2333; x_wconf 89' lang='lat' dir='ltr'>venire</span> <span class='ocrx_word' id='word_1_315' title='bbox 1417 2297 1527 2344; x_wconf 90' lang='lat' dir='ltr'>solet,</span> <span class='ocrx_word' id='word_1_316' title='bbox 1546 2306 1589 2336; x_wconf 94' lang='lat' dir='ltr'>ut</span> 
     </span>
     <span class='ocr_line' id='line_1_36' title="bbox 135 2356 1588 2409; baseline 0.001 -13"><span class='ocrx_word' id='word_1_317' title='bbox 135 2358 277 2396; x_wconf 87' lang='lat' dir='ltr'>tabulae</span> <span class='ocrx_word' id='word_1_318' title='bbox 299 2365 557 2409; x_wconf 89' lang='lat' dir='ltr'>permutentur</span> <span class='ocrx_word' id='word_1_319' title='bbox 576 2371 676 2394; x_wconf 84' lang='lat' dir='ltr'>verae</span> <span class='ocrx_word' id='word_1_320' title='bbox 696 2356 918 2402; x_wconf 83' lang='lat' dir='ltr'>subdititiis,</span> <span class='ocrx_word' id='word_1_321' title='bbox 939 2363 979 2394; x_wconf 89' lang='lat' dir='ltr'>et</span> <span class='ocrx_word' id='word_1_322' title='bbox 998 2364 1040 2394; x_wconf 90' lang='lat' dir='ltr'>ut</span> <span class='ocrx_word' id='word_1_323' title='bbox 1059 2356 1095 2394; x_wconf 93' lang='lat' dir='ltr'>in</span> <span class='ocrx_word' id='word_1_324' title='bbox 1118 2357 1270 2394; x_wconf 85' lang='lat' dir='ltr'>tabulas</span> <span class='ocrx_word' id='word_1_325' title='bbox 1292 2357 1410 2395; x_wconf 89' lang='lat' dir='ltr'>hasce</span> <span class='ocrx_word' id='word_1_326' title='bbox 1432 2360 1588 2397; x_wconf 90' lang='lat' dir='ltr'>subditi-</span> 
     </span>
     <span class='ocr_line' id='line_1_37' title="bbox 134 2417 1583 2471; baseline 0 -13"><span class='ocrx_word' id='word_1_327' title='bbox 134 2421 207 2458; x_wconf 86' lang='lat' dir='ltr'>tias</span> <span class='ocrx_word' id='word_1_328' title='bbox 238 2421 460 2471; x_wconf 87' lang='lat' dir='ltr'>ingerantur</span> <span class='ocrx_word' id='word_1_329' title='bbox 487 2432 642 2469; x_wconf 92' lang='lat' dir='ltr'>prorsus</span> <span class='ocrx_word' id='word_1_330' title='bbox 669 2418 861 2456; x_wconf 86' lang='lat' dir='ltr'>contraria</span> <span class='ocrx_word' id='word_1_331' title='bbox 894 2418 936 2455; x_wconf 91' lang='lat' dir='ltr'>iis</span> <span class='ocrx_word' id='word_1_332' title='bbox 970 2431 1056 2469; x_wconf 81' lang='lat' dir='ltr'>quae</span> <span class='ocrx_word' id='word_1_333' title='bbox 1087 2417 1290 2456; x_wconf 89' lang='lat' dir='ltr'>defunctus</span> <span class='ocrx_word' id='word_1_334' title='bbox 1320 2418 1400 2468; x_wconf 87' lang='lat' dir='ltr'>ipse</span> <span class='ocrx_word' id='word_1_335' title='bbox 1422 2420 1518 2458; x_wconf 90' lang='lat' dir='ltr'>veris</span> <span class='ocrx_word' id='word_1_336' title='bbox 1548 2421 1583 2458; x_wconf 90' lang='lat' dir='ltr'>in</span> 
     </span>
     <span class='ocr_line' id='line_1_38' title="bbox 134 2479 1585 2530; baseline 0.001 -11"><span class='ocrx_word' id='word_1_337' title='bbox 134 2481 272 2520; x_wconf 89' lang='lat' dir='ltr'>tabulis</span> <span class='ocrx_word' id='word_1_338' title='bbox 304 2481 583 2523; x_wconf 82' lang='lat' dir='ltr'>constituisset3</span> <span class='ocrx_word' id='word_1_339' title='bbox 631 2493 716 2517; x_wconf 91' lang='lat' dir='ltr'>nam</span> <span class='ocrx_word' id='word_1_340' title='bbox 749 2480 814 2530; x_wconf 90' lang='lat' dir='ltr'>qui</span> <span class='ocrx_word' id='word_1_341' title='bbox 843 2480 1061 2518; x_wconf 88' lang='lat' dir='ltr'>testamenti</span> <span class='ocrx_word' id='word_1_342' title='bbox 1093 2479 1289 2530; x_wconf 89' lang='lat' dir='ltr'>scriptioni</span> <span class='ocrx_word' id='word_1_343' title='bbox 1319 2480 1585 2528; x_wconf 83' lang='lat' dir='ltr'>interfuerunt,</span> 
     </span>
     <span class='ocr_line' id='line_1_39' title="bbox 132 2541 1582 2593; baseline 0 -12"><span class='ocrx_word' id='word_1_344' title='bbox 132 2557 207 2581; x_wconf 91' lang='lat' dir='ltr'>non</span> <span class='ocrx_word' id='word_1_345' title='bbox 228 2543 315 2581; x_wconf 89' lang='lat' dir='ltr'>ideo</span> <span class='ocrx_word' id='word_1_346' title='bbox 334 2543 454 2593; x_wconf 88' lang='lat' dir='ltr'>magis</span> <span class='ocrx_word' id='word_1_347' title='bbox 473 2542 574 2592; x_wconf 93' lang='lat' dir='ltr'>quod</span> <span class='ocrx_word' id='word_1_348' title='bbox 597 2541 803 2579; x_wconf 84' lang='lat' dir='ltr'>interfuere</span> <span class='ocrx_word' id='word_1_349' title='bbox 829 2549 936 2580; x_wconf 85' lang='lat' dir='ltr'>certo</span> <span class='ocrx_word' id='word_1_350' title='bbox 957 2542 1097 2586; x_wconf 85' lang='lat' dir='ltr'>sciunt,</span> <span class='ocrx_word' id='word_1_351' title='bbox 1118 2553 1266 2578; x_wconf 86' lang='lat' dir='ltr'>veraene</span> <span class='ocrx_word' id='word_1_352' title='bbox 1289 2541 1366 2578; x_wconf 91' lang='lat' dir='ltr'>sint</span> <span class='ocrx_word' id='word_1_353' title='bbox 1385 2542 1445 2579; x_wconf 83' lang='lat' dir='ltr'>hae</span> <span class='ocrx_word' id='word_1_354' title='bbox 1464 2550 1582 2581; x_wconf 86' lang='lat' dir='ltr'>testa-</span> 
     </span>
     <span class='ocr_line' id='line_1_40' title="bbox 132 2601 1580 2654; baseline 0.001 -13"><span class='ocrx_word' id='word_1_355' title='bbox 132 2604 250 2642; x_wconf 88' lang='lat' dir='ltr'>menti</span> <span class='ocrx_word' id='word_1_356' title='bbox 269 2604 410 2642; x_wconf 86' lang='lat' dir='ltr'>tabulae</span> <span class='ocrx_word' id='word_1_357' title='bbox 431 2617 518 2654; x_wconf 86' lang='lat' dir='ltr'>quae</span> <span class='ocrx_word' id='word_1_358' title='bbox 538 2604 576 2640; x_wconf 91' lang='lat' dir='ltr'>in</span> <span class='ocrx_word' id='word_1_359' title='bbox 599 2603 747 2654; x_wconf 93' lang='lat' dir='ltr'>judicio</span> <span class='ocrx_word' id='word_1_360' title='bbox 778 2603 1021 2653; x_wconf 90' lang='lat' dir='ltr'>proferuntur</span> <span class='ocrx_word' id='word_1_361' title='bbox 1051 2615 1097 2638; x_wconf 88' lang='lat' dir='ltr'>an</span> <span class='ocrx_word' id='word_1_362' title='bbox 1131 2601 1354 2639; x_wconf 72' lang='lat' dir='ltr'>subdititiae.</span> <span class='ocrx_word' id='word_1_363' title='bbox 1412 2603 1528 2647; x_wconf 89' lang='lat' dir='ltr'>Quod</span> <span class='ocrx_word' id='word_1_364' title='bbox 1549 2606 1580 2643; x_wconf 90' lang='lat' dir='ltr'>si</span> 
     </span>
     <span class='ocr_line' id='line_1_41' title="bbox 132 2665 1578 2716; baseline 0 -13"><span class='ocrx_word' id='word_1_365' title='bbox 132 2665 260 2715; x_wconf 90' lang='lat' dir='ltr'>itaque</span> <span class='ocrx_word' id='word_1_366' title='bbox 287 2665 340 2703; x_wconf 93' lang='lat' dir='ltr'>illi</span> <span class='ocrx_word' id='word_1_367' title='bbox 366 2665 436 2716; x_wconf 90' lang='lat' dir='ltr'>ipsi</span> <span class='ocrx_word' id='word_1_368' title='bbox 468 2665 566 2702; x_wconf 90' lang='lat' dir='ltr'>adeo</span> <span class='ocrx_word' id='word_1_369' title='bbox 597 2665 721 2716; x_wconf 88' lang='lat' dir='ltr'>decipi</span> <span class='ocrx_word' id='word_1_370' title='bbox 751 2671 929 2716; x_wconf 86' lang='lat' dir='ltr'>possunt,</span> <span class='ocrx_word' id='word_1_371' title='bbox 951 2676 1048 2714; x_wconf 92' lang='lat' dir='ltr'>quos</span> <span class='ocrx_word' id='word_1_372' title='bbox 1069 2676 1155 2699; x_wconf 89' lang='lat' dir='ltr'>cum</span> <span class='ocrx_word' id='word_1_373' title='bbox 1179 2669 1409 2701; x_wconf 86' lang='lat' dir='ltr'>testamenta</span> <span class='ocrx_word' id='word_1_374' title='bbox 1437 2666 1578 2704; x_wconf 89' lang='lat' dir='ltr'>scribe-</span> 
     </span>
     <span class='ocr_line' id='line_1_42' title="bbox 129 2723 1578 2777; baseline 0.001 -13"><span class='ocrx_word' id='word_1_375' title='bbox 129 2733 258 2764; x_wconf 88' lang='lat' dir='ltr'>rentur</span> <span class='ocrx_word' id='word_1_376' title='bbox 293 2726 513 2764; x_wconf 89' lang='lat' dir='ltr'>interfuisse</span> <span class='ocrx_word' id='word_1_377' title='bbox 550 2727 585 2763; x_wconf 91' lang='lat' dir='ltr'>in</span> <span class='ocrx_word' id='word_1_378' title='bbox 624 2727 804 2764; x_wconf 84' lang='lat' dir='ltr'>confesso</span> <span class='ocrx_word' id='word_1_379' title='bbox 841 2734 913 2770; x_wconf 83' lang='lat' dir='ltr'>est,</span> <span class='ocrx_word' id='word_1_380' title='bbox 953 2730 1098 2774; x_wconf 87' lang='lat' dir='ltr'>quanto</span> <span class='ocrx_word' id='word_1_381' title='bbox 1137 2723 1223 2773; x_wconf 87' lang='lat' dir='ltr'>quis</span> <span class='ocrx_word' id='word_1_382' title='bbox 1262 2736 1329 2761; x_wconf 92' lang='lat' dir='ltr'>vos</span> <span class='ocrx_word' id='word_1_383' title='bbox 1366 2728 1578 2777; x_wconf 89' lang='lat' dir='ltr'>promptius</span> 
     </span>
     <span class='ocr_line' id='line_1_43' title="bbox 128 2784 1576 2837; baseline 0.001 -12"><span class='ocrx_word' id='word_1_384' title='bbox 128 2794 243 2837; x_wconf 88' lang='lat' dir='ltr'>atque</span> <span class='ocrx_word' id='word_1_385' title='bbox 274 2786 449 2837; x_wconf 88' lang='lat' dir='ltr'>cupidius</span> <span class='ocrx_word' id='word_1_386' title='bbox 482 2787 759 2825; x_wconf 90' lang='lat' dir='ltr'>circumvenire</span> <span class='ocrx_word' id='word_1_387' title='bbox 797 2792 955 2822; x_wconf 89' lang='lat' dir='ltr'>conetur</span> <span class='ocrx_word' id='word_1_388' title='bbox 991 2784 1057 2834; x_wconf 93' lang='lat' dir='ltr'>qui</span> <span class='ocrx_word' id='word_1_389' title='bbox 1097 2797 1219 2821; x_wconf 89' lang='lat' dir='ltr'>rerum</span> <span class='ocrx_word' id='word_1_390' title='bbox 1254 2791 1446 2835; x_wconf 84' lang='lat' dir='ltr'>gestarum</span> <span class='ocrx_word' id='word_1_391' title='bbox 1485 2789 1576 2827; x_wconf 88' lang='lat' dir='ltr'>nihil</span> 
     </span>
     <span class='ocr_line' id='line_1_44' title="bbox 129 2846 1576 2899; baseline 0.001 -13"><span class='ocrx_word' id='word_1_392' title='bbox 129 2847 315 2886; x_wconf 70' lang='lat' dir='ltr'>teneatis?</span> <span class='ocrx_word' id='word_1_393' title='bbox 371 2847 503 2893; x_wconf 92' lang='lat' dir='ltr'>Porro,</span> <span class='ocrx_word' id='word_1_394' title='bbox 518 2848 684 2899; x_wconf 86' lang='lat' dir='ltr'>judices,</span> <span class='ocrx_word' id='word_1_395' title='bbox 703 2861 778 2886; x_wconf 90' lang='lat' dir='ltr'>non</span> <span class='ocrx_word' id='word_1_396' title='bbox 800 2846 927 2884; x_wconf 90' lang='lat' dir='ltr'>omnia</span> <span class='ocrx_word' id='word_1_397' title='bbox 945 2846 1098 2883; x_wconf 90' lang='lat' dir='ltr'>omnino</span> <span class='ocrx_word' id='word_1_398' title='bbox 1119 2852 1352 2884; x_wconf 85' lang='lat' dir='ltr'>testamenta</span> <span class='ocrx_word' id='word_1_399' title='bbox 1381 2846 1441 2884; x_wconf 88' lang='lat' dir='ltr'>lex</span> <span class='ocrx_word' id='word_1_400' title='bbox 1464 2849 1576 2899; x_wconf 89' lang='lat' dir='ltr'>jubet</span> 
     </span>
    </p>
   </div>
   <div class='ocr_carea' id='block_1_3' title="bbox 128 2907 1574 2957">
    <p class='ocr_par' dir='ltr' id='par_1_4' title="bbox 128 2907 1574 2957">
     <span class='ocr_line' id='line_1_45' title="bbox 128 2907 1574 2957; baseline -0.001 -9"><span class='ocrx_word' id='word_1_401' title='bbox 128 2924 212 2949; x_wconf 78' lang='lat' dir='ltr'>esse</span> <span class='ocrx_word' id='word_1_402' title='bbox 248 2915 342 2953; x_wconf 86' lang='lat' dir='ltr'>rata,</span> <span class='ocrx_word' id='word_1_403' title='bbox 376 2908 442 2946; x_wconf 81' lang='lat' dir='ltr'>sed</span> <span class='ocrx_word' id='word_1_404' title='bbox 470 2921 515 2946; x_wconf 84' lang='lat' dir='ltr'>ea</span> <span class='ocrx_word' id='word_1_405' title='bbox 542 2909 783 2947; x_wconf 84' lang='lat' dir='ltr'>solummodo</span> <span class='ocrx_word' id='word_1_406' title='bbox 815 2920 902 2957; x_wconf 81' lang='lat' dir='ltr'>quae</span> <span class='ocrx_word' id='word_1_407' title='bbox 935 2907 1106 2944; x_wconf 87' lang='lat' dir='ltr'>scribens</span> <span class='ocrx_word' id='word_1_408' title='bbox 1139 2907 1298 2957; x_wconf 85' lang='lat' dir='ltr'>quisque</span> <span class='ocrx_word' id='word_1_409' title='bbox 1332 2921 1412 2947; x_wconf 82' lang='lat' dir='ltr'>suae</span> <span class='ocrx_word' id='word_1_410' title='bbox 1439 2912 1574 2948; x_wconf 83' lang='lat' dir='ltr'>mentis</span> 
     </span>
    </p>
   </div>
  </div>
 </body>
</html>
