1870 3277
698 175 1105 214 PANEGYRICUS.
1584 179 1638 213 45

168 279 286 319 sunt?
343 279 432 318 Non
453 279 590 330 Tyrus,
612 292 700 330 quae
715 279 861 317 animos
881 278 935 316 illi
957 278 1062 324 fecit,
1077 278 1124 316 ab
1140 277 1318 316 hostibus
1339 279 1422 330 ejus
1445 286 1637 330 occupata

167 340 254 379 est?
285 340 374 378 Non
396 339 543 378 Ciliciae
559 341 733 378 civitates
748 340 952 391 plerasque
967 340 1007 377 hi
1022 346 1158 377 tenent
1171 339 1236 390 qui
1254 339 1454 378 nobiseum
1476 341 1636 387 faciunt,

166 403 326 454 reliquae
354 403 468 441 facile
498 403 756 454 subigentur?
814 403 932 453 Lycia
959 415 1050 440 vero
1086 402 1293 441 Persarum
1320 415 1434 441 nemo
1465 417 1637 454 unquam

165 466 312 517 potitus
328 471 398 503 est.
440 465 529 502 Jam
550 464 816 502 Hecatomnus
835 464 961 502 Cariae
978 477 1120 515 praeses
1137 465 1359 516 reverajam
1379 464 1468 502 olim
1483 464 1642 511 defecit;

167 527 237 565 sed
262 527 300 564 id
331 540 411 577 prae
432 539 472 563 se
494 526 589 563 feret
610 526 672 563 ubi
696 539 766 563 nos
787 526 1035 563 voluerimus.
1095 528 1127 563 A
1147 526 1274 563 Cnido
1303 526 1486 577 Sinopem
1515 540 1639 577 usque

168 588 297 626 Graeci
319 588 451 625 Asiam
478 588 673 633 accolunt,
701 588 841 638 quibus
869 601 943 625 non
969 588 1281 638 persuadendum
1305 587 1374 625 sed
1403 589 1638 626 obstandum

166 663 243 687 non
263 656 322 687 est
350 655 392 686 ut
412 648 558 686 bellum
581 656 731 699 gerant.
787 650 919 693 Quum
940 649 1056 699 igitur
1081 656 1210 687 tantas
1238 650 1548 700 opportunitates
1570 650 1638 689 ha-

164 713 338 757 beamus,
357 718 585 761 tantumque
614 711 756 748 bellum
781 712 912 748 Asiam
942 712 1271 749 circumdaturum
1291 713 1354 757 sit,
1377 725 1559 762 quorsum
1581 719 1638 750 at-

165 774 262 811 tinet
286 781 472 810 eventura
498 786 584 823 quae.
615 774 692 811 sint
717 774 914 823 exquirere
941 773 1190 811 accuratius?
1249 775 1327 818 Qui
1347 775 1447 812 enim
1470 788 1490 811 a
1511 775 1638 825 parvis

165 835 339 885 partibus
370 834 590 881 vincuntur,
619 835 641 872 ii
673 835 840 873 evidenti
872 842 963 872 sunt
992 836 1087 880 fato,
1112 836 1304 886 siquando
1334 836 1450 873 totius
1473 836 1639 874 Graeciae

164 897 261 933 vires
282 896 548 934 sustinuerint.
608 897 686 934 Res
715 904 842 934 autem
869 898 922 934 ita
950 910 992 934 se
1019 896 1148 935 habet.
1207 898 1423 948 Siquidem
1453 899 1638 936 barbarus

164 957 373 995 maritimas
402 957 575 996 civitates
606 959 788 1003 firmaret,
811 959 1019 1008 majoribus
1045 972 1158 1009 quam
1181 973 1282 997 nunc
1303 959 1488 1010 praesidiis
1518 961 1639 1012 impo-

166 1019 261 1064 sitis,
291 1018 461 1056 Fortassis
490 1020 601 1057 etiam
631 1019 768 1058 insulae
801 1020 906 1057 Asiae
940 1019 1092 1066 vicinae,
1120 1028 1163 1058 ut
1193 1021 1353 1059 Rhodus
1386 1029 1424 1058 et
1451 1021 1573 1059 Chius
1601 1031 1643 1060 et,

168 1081 322 1126 Samus,
344 1080 393 1118 ad
415 1080 518 1118 illius
541 1081 713 1118 fortunas
734 1081 964 1119 inclinarent
982 1095 990 1119 :
1023 1082 1053 1120 si
1070 1096 1158 1119 vero
1180 1095 1251 1120 nos
1272 1083 1416 1133 priores
1436 1096 1501 1121 eas
1521 1097 1637 1122 occu-

166 1145 398 1196 paverimus,
425 1144 541 1181 etiam
569 1144 698 1195 Lydos
720 1152 759 1181 et
787 1145 962 1195 Phryges
984 1152 1022 1182 et
1051 1154 1215 1183 caeteros
1237 1147 1302 1196 qui
1330 1159 1447 1196 supra
1473 1147 1558 1185 illos
1580 1148 1638 1185 in-

166 1205 311 1249 colunt,
342 1205 379 1241 in
411 1218 543 1242 eorum
565 1212 758 1255 potestate
779 1207 859 1243 fore
886 1207 1085 1256 probabile
1107 1215 1166 1244 est
1186 1207 1249 1256 qui
1281 1208 1370 1244 binc
1390 1208 1533 1245 bellum
1556 1223 1637 1246 mo-

163 1266 299 1304 verint.
332 1267 461 1307 Quare
482 1266 742 1303 festinandum
766 1274 826 1304 est
846 1274 884 1303 et
905 1267 1011 1303 nulla
1034 1280 1138 1304 mora
1160 1268 1455 1318 interponenda,
1470 1283 1518 1307 ne
1535 1270 1637 1307 idem

162 1327 266 1379 quod
284 1328 422 1365 nostris
446 1327 618 1377 patribus
640 1329 749 1365 nobis
773 1328 938 1366 accidat.
997 1328 1086 1373 Qui,
1101 1342 1220 1379 quum
1243 1330 1415 1367 barbaris
1436 1331 1637 1381 segniores

163 1389 353 1440 quosdam
385 1403 404 1426 e
429 1388 543 1426 sociis
578 1389 857 1435 deseruissent,
896 1390 1011 1440 pauci
1050 1403 1135 1428 cum
1176 1391 1304 1428 multis
1342 1404 1514 1442 pugnare
1545 1402 1639 1431 sunt

161 1451 302 1497 coacti,
322 1464 454 1501 quum,
471 1451 500 1487 si
522 1450 666 1501 priores
688 1452 725 1488 in
747 1452 879 1488 Asiam
901 1452 1153 1502 trajecissent,
1178 1454 1293 1490 totius
1316 1452 1479 1490 Graeciae
1496 1455 1636 1494 viribus

164 1513 336 1563 singulas
355 1520 491 1563 gentes
514 1526 581 1563 per
601 1512 704 1550 vices
727 1514 904 1564 subigere
925 1513 1110 1551 licuisset.
1169 1514 1284 1561 Nam,
1305 1528 1423 1566 quum
1445 1516 1549 1554 bello
1570 1531 1637 1568 pe-

161 1575 268 1612 tendi
290 1582 379 1612 sunt
398 1574 571 1612 homines
594 1574 659 1625 qui
688 1574 817 1611 multis
839 1587 858 1612 e
880 1574 975 1612 locis
993 1575 1245 1626 colliguntur,
1267 1589 1327 1614 res
1349 1577 1433 1627 ipsa
1462 1578 1637 1617 declarat

162 1649 239 1674 non
262 1636 562 1687 exspectandum
583 1649 669 1674 esse
692 1636 784 1673 dum
806 1636 1072 1683 convenerint,
1092 1637 1159 1674 sed
1186 1637 1381 1689 dispersos
1402 1639 1532 1678 adbuc
1552 1654 1635 1679 esse

160 1698 416 1737 invadendos.
475 1698 533 1735 Illi
565 1698 692 1749 igitur,
712 1712 830 1749 quum
861 1699 899 1735 in
925 1698 1001 1736 hoc
1029 1699 1217 1750 principio
1243 1710 1485 1750 peccassent,
1507 1703 1635 1740 omnia

160 1761 246 1798 haec
276 1773 478 1798 correxere
504 1760 839 1811 periculosissimis
868 1760 1009 1811 praeliis
1030 1760 1261 1800 commissis,
1321 1762 1402 1799 Nos
1428 1769 1571 1809 autem,
1605 1765 1634 1802 si

159 1824 343 1874 sapimus,
371 1824 499 1860 statim
527 1821 636 1860 initio
666 1823 890 1860 cavebimus
922 1836 1157 1873 operamque
1187 1823 1369 1861 dabimus
1397 1832 1439 1861 ut
1463 1827 1633 1864 exercitu

159 1885 261 1923 circa
289 1883 446 1935 Lydiam
475 1891 513 1921 et
544 1884 688 1922 Ioniam
717 1884 908 1922 collocato
936 1892 1236 1930 antevertamus‚
1269 1885 1396 1923 edocti
1430 1888 1535 1937 quod
1566 1902 1633 1926 rex

162 1947 221 1984 vel
243 1946 396 1984 Asianis
417 1946 580 1997 imperet
600 1959 675 1983 non
698 1946 930 1991 volentibus,
947 1947 1015 1984 sed
1035 1946 1125 1996 quia
1143 1960 1294 1997 semper
1316 1948 1478 1998 majores
1500 1951 1632 2000 copias

162 2022 293 2046 secum
313 2008 454 2045 habeat
471 2021 586 2057 quarn
604 2007 745 2058 singuli
758 2007 930 2045 illorum:
960 2007 1101 2058 quibus
1123 2008 1151 2044 si
1170 2019 1237 2045 nos
1253 2009 1505 2048 robustiorem
1524 2025 1631 2049 exer-

162 2070 278 2108 citum
299 2069 573 2120 trajecerimus‚
592 2069 631 2106 id
646 2069 750 2119 quod
767 2069 927 2107 velimus
945 2070 1059 2107 modo
1077 2070 1187 2108 facile
1206 2071 1283 2116 fiet,
1302 2085 1438 2109 secure
1455 2073 1633 2112 universa

160 2132 254 2169 Asia
274 2131 456 2168 fruemur.
515 2131 643 2169 Multo
665 2139 792 2168 autem
820 2132 1040 2182 praeclarius
1062 2140 1123 2170 est
1150 2144 1237 2169 curn
1260 2133 1324 2171 illo
1345 2133 1394 2171 de
1424 2147 1544 2186 regno
1563 2149 1632 2187 pu-

161 2206 292 2244 gnare,
313 2205 429 2243 quam
447 2193 545 2230 inter
564 2193 822 2243 nosmetipsos
844 2194 1080 2232 contendere
1101 2194 1148 2231 de
1169 2194 1402 2246 principatu.

214 2256 280 2291 44.
311 2253 481 2304 AEquum
503 2260 542 2291 et
560 2253 652 2291 illud
675 2262 746 2297 est,
776 2255 1062 2304 expeditionem
1089 2255 1161 2294 hac
1183 2256 1325 2307 suscipi
1346 2263 1475 2303 aetate,
1503 2266 1546 2296 ut
1566 2261 1632 2309 qui

161 2315 426 2354 calamitatum
447 2315 539 2352 socii
560 2314 729 2361 fuerunt,
750 2315 864 2353 iidem
893 2329 1019 2353 rerum
1049 2317 1306 2355 secundarum
1326 2318 1439 2355 etiam
1462 2320 1629 2358 fructum

161 2377 318 2427 capiant
332 2389 455 2426 neque
470 2389 623 2413 omnem
637 2384 788 2414 aetatem
806 2377 843 2414 in
859 2377 1019 2416 miseriis
1032 2378 1201 2429 exigant.
1235 2379 1337 2416 Satis
1352 2379 1450 2416 enim
1470 2380 1627 2431 longum

160 2439 232 2476 fuit
245 2437 419 2489 superius
440 2445 605 2488 tempus,
628 2450 705 2488 quo
724 2452 811 2489 quae
833 2440 1064 2478 acerbitates
1086 2454 1163 2478 non
1184 2441 1439 2478 acciderunt?
1496 2444 1626 2484 Quum

160 2500 261 2539 enim
282 2506 420 2537 natura
438 2499 607 2537 humana
625 2513 690 2549 per
717 2513 758 2538 se
785 2501 913 2538 multis
935 2502 1045 2540 malis
1067 2502 1235 2540 obnoxia
1255 2502 1315 2546 sit,
1337 2515 1407 2538 nos
1427 2502 1494 2553 ipsi
1518 2505 1628 2555 plura

161 2562 275 2601 etiam
304 2561 529 2599 necessariis
550 2562 865 2612 excogitavimus,
887 2564 1000 2601 bellis
1022 2572 1060 2602 et
1080 2564 1335 2602 seditionibus
1356 2564 1453 2602 inter
1474 2579 1542 2604 nos
1562 2581 1627 2605 ex-

159 2624 300 2668 citatis,
320 2624 422 2662 unde
442 2623 503 2660 alii
521 2624 557 2660 in
575 2623 654 2661 suis
675 2625 834 2662 urbibus
849 2639 916 2676 per
932 2626 1108 2676 injuriam
1126 2626 1369 2671 occiduntur,
1388 2627 1448 2664 alii
1465 2641 1627 2681 peregre

159 2698 246 2723 cum
267 2685 451 2722 uxoribus
468 2692 507 2722 et
528 2684 653 2723 liberis
674 2687 866 2732 oberrant,
883 2687 992 2724 multi
1015 2688 1116 2738 apud
1141 2688 1271 2724 hostes
1291 2688 1481 2738 stIpendia
1501 2691 1628 2730 facere

161 2746 290 2797 inopia
308 2747 446 2791 coacti,
468 2746 558 2783 dum
581 2754 716 2785 contra
736 2749 879 2786 amicos
900 2756 1092 2800 pugnant,
1114 2762 1182 2799 pro
1199 2749 1362 2787 inimicis
1382 2759 1542 2789 mortem
1560 2766 1627 2804 op-

160 2814 310 2859 petunt.
347 2809 445 2847 Haec
463 2809 604 2846 nemini
621 2823 788 2859 unquam
807 2810 1111 2861 indignationem
1129 2819 1354 2849 moverunt:
1386 2813 1625 2853 calamitates

162 2869 316 2919 quidem
331 2883 352 2907 a
364 2871 487 2921 poetis
503 2871 678 2909 confictae
695 2871 882 2922 lacrymas
899 2872 954 2909 eis
969 2873 1182 2917 excutiunt,
1199 2872 1264 2910 sed
1281 2886 1369 2911 vera
1387 2875 1486 2912 mala
1502 2876 1625 2914 multa

162 2939 200 2971 et
226 2933 432 2983 peracerba
451 2946 537 2983 quae
565 2933 706 2971 bellum
743 2935 886 2984 peperit
914 2934 1108 2972 intuentes
1136 2935 1233 2972 adeo
1260 2935 1519 2974 misericordia
1549 2951 1623 2975 non
