1870 3277
614 171 1044 212 AREOPAGITICA.
1514 173 1566 211 93

103 276 203 327 agris
222 288 338 327 quam
354 276 454 314 intra
474 275 627 321 moenia,
645 274 832 325 multique
853 273 993 312 civium
1015 272 1140 311 necin
1157 272 1378 311 solennibus
1400 273 1507 312 festis
1522 274 1561 312 in

102 338 232 375 urbem
248 337 544 384 descenderent,
564 338 634 376 sed
656 350 728 375 sua
747 349 786 374 re
806 334 983 373 familiari
1003 347 1118 386 quam
1140 335 1304 385 publicis
1328 335 1563 386 spectaculis

100 399 174 436 frui
186 399 358 437 mallent.
408 399 491 438 Nec
506 399 606 437 enim
624 398 688 436 illa
701 410 866 448 quorum
880 396 1005 448 gratia
1018 396 1187 434 venisset
1201 396 1352 447 aliquis,
1369 398 1562 436 luxuriose

100 466 167 497 aut
182 461 358 511 superbe,
372 460 440 498 sed
455 460 613 498 cordate
629 460 886 497 instruebant.
944 458 1082 508 Neque
1100 457 1320 496 felicitatem
1336 472 1560 510 pomparum

100 529 167 561 aut
182 523 424 562 aedilitiorum
440 535 641 561 munerum
658 521 971 560 contentionibus
988 526 1055 559 aut
1071 520 1182 558 simili
1198 522 1379 572 quapiam
1395 521 1564 559 insolen-

101 583 154 622 tia
169 584 435 631 metiebantur,
448 583 516 622 sed
531 583 767 635 quotidianae
784 583 871 621 vitae
889 581 1080 620 modestia
1099 589 1138 620 et
1159 581 1225 619 tali
1246 595 1368 619 rerum
1386 595 1563 620 necessa-

99 644 240 682 riarum
255 645 366 696 copia
386 651 429 683 ut
441 658 488 683 ne
503 645 568 696 qui
581 645 683 683 cives
698 651 872 696 egerent.
904 644 1056 687 Quibus
1072 657 1092 681 e
1107 644 1223 681 rebus
1239 644 1456 681 aestimandi
1473 652 1564 682 sunt

99 720 186 745 vere
215 707 347 746 felices
376 715 414 745 et
445 720 524 746 non
554 707 771 759 importune
803 713 984 758 gerentes
1016 706 1315 757 rempublicam:
1354 719 1442 744 nam
1476 707 1563 758 quis

99 781 236 819 quaeso
256 769 312 807 vir
330 769 499 820 prudens
521 777 581 808 est
602 776 645 807 ut
665 782 767 807 nunc
786 768 940 819 quidem
968 781 1028 806 res
1057 768 1186 813 habet,
1209 781 1325 818 quem
1351 767 1412 805 hic
1438 775 1563 806 status

99 842 175 867 non
191 842 333 881 magno
348 830 479 868 dolore
494 829 658 868 afficiat?
686 843 804 881 quum
819 829 956 868 viderit
972 829 1112 867 civium
1128 829 1333 879 quosdam,
1349 842 1398 866 an
1414 829 1482 881 ipsi
1499 829 1565 867 ha-

100 890 213 929 bituri
235 892 310 930 sint
329 892 378 930 ad
394 893 535 930 victum
554 892 770 930 necessaria
785 904 922 938 necne,
939 898 1028 929 ante
1049 892 1226 942 praetoria
1246 897 1388 929 sortem
1409 891 1565 937 ducere,

101 959 141 991 et
160 966 180 991 e
195 953 345 992 Graecis
365 967 430 992 eos
451 954 516 1004 qui
537 966 662 991 remos
683 966 796 1004 agere
813 952 1003 991 voluerint
1023 953 1071 990 ali
1086 952 1238 1003 jubere,
1257 953 1292 990 in
1311 953 1434 991 aureis
1452 954 1568 991 vesti-

100 1014 239 1052 mentis
271 1015 425 1061 sahare,
455 1015 572 1066 inque
604 1014 744 1053 talibus
775 1014 990 1065 hybernare
1021 1013 1150 1064 qualia
1177 1028 1251 1065 ego
1285 1015 1414 1052 dicere
1446 1016 1536 1053 nolo
1554 1028 1563 1053 t

101 1075 204 1114 sicut
222 1082 261 1113 et
278 1076 352 1114 alia
372 1077 492 1114 multa
519 1083 721 1127 praetereo,
743 1089 831 1126 quae
857 1075 958 1113 inter
978 1088 1062 1113 sese
1083 1075 1239 1113 minime
1261 1075 1508 1114 consentiunt
1525 1077 1564 1113 in

101 1137 174 1175 hac
195 1138 476 1188 gubernatione
497 1151 541 1176 ac
562 1150 744 1187 magnum
766 1137 939 1175 dedecus
959 1137 1179 1187 reipublicae
1199 1137 1433 1188 imprimunt.

156 1199 222 1235 21.
251 1200 424 1240 Quarum
446 1211 568 1236 rerum
590 1199 657 1236 illo
678 1206 816 1237 senatu
838 1198 929 1235 nihil
951 1205 1054 1236 erat:
1086 1198 1242 1236 levabat
1261 1199 1363 1236 enim
1384 1199 1415 1236 is
1436 1199 1565 1250 inopia

102 1259 311 1304 tenuiores,
337 1259 666 1310 negotiationibus
688 1266 726 1296 et
747 1259 982 1310 locupletum
1008 1259 1255 1309 adjumentis,
1271 1260 1489 1309 juventutis
1508 1262 1564 1298 in-

102 1320 393 1371 temperantiam
419 1320 589 1359 honestis
608 1320 794 1358 institutis
818 1327 857 1358 et
881 1320 959 1357 acri
987 1319 1323 1358 animadversione
1348 1323 1566 1369 coercebat,

102 1381 395 1432 magistratuum
418 1382 584 1420 avaritiae
600 1381 729 1419 frenos
748 1381 942 1432 injiciebat
962 1381 1159 1431 suppliciis
1177 1387 1217 1418 et
1234 1381 1485 1432 indagatione
1504 1396 1566 1421 so-

101 1443 186 1482 lerti
215 1444 452 1495 injuriarum,
488 1443 644 1482 senibus
675 1443 791 1481 animi
816 1442 1069 1494 dejectionem
1101 1443 1322 1481 excutiebat
1354 1443 1565 1482 honoribus

102 1505 361 1557 gerendorum
400 1506 698 1556 magistratuum
735 1512 775 1542 et
814 1504 1104 1542 adolescentum
1145 1504 1408 1542 observantia.
1466 1505 1565 1549 Quae

102 1567 217 1618 igitur
237 1580 305 1619 per
324 1567 419 1605 deos
440 1567 674 1605 immortales
693 1566 913 1618 respublica
932 1565 1069 1604 melius
1086 1566 1267 1604 constitui
1284 1574 1402 1617 queat
1419 1580 1464 1605 ea
1479 1580 1565 1615 quae

101 1642 225 1667 rerum
243 1629 412 1667 omnium
434 1642 565 1667 curam
587 1635 664 1666 tam
685 1628 909 1678 diligentem
929 1626 1129 1678 suscepit?

155 1692 221 1729 22.
251 1693 308 1729 Ac
336 1691 513 1729 instituta
535 1690 691 1741 quidem
716 1690 819 1728 illius
847 1689 973 1727 aetatis
1002 1689 1186 1740 pleraque
1213 1690 1503 1728 recensuimus:
1535 1692 1566 1729 si

102 1764 189 1802 quae
204 1765 295 1791 vero
315 1752 640 1803 praetermisimus,
658 1752 809 1791 illorum
825 1765 981 1803 quoque
995 1751 1233 1790 consimilem
1248 1751 1364 1789 fuisse
1381 1753 1566 1791 rationem

101 1813 149 1852 de
169 1813 275 1852 hisce
295 1814 409 1853 facile
431 1814 670 1865 intelligitur.

156 1876 222 1913 23.
254 1876 340 1913 Non
361 1876 568 1914 defuerunt
587 1882 716 1913 autem
737 1875 802 1926 qui
822 1875 954 1913 audita
971 1874 1045 1912 hac
1066 1873 1240 1912 oratione
1260 1880 1342 1910 tum
1364 1887 1425 1912 me
1445 1876 1566 1913 maxi-

103 1936 174 1975 mis
192 1937 370 1975 laudibus
392 1938 612 1983 extulerint,
632 1944 714 1975 tum
735 1937 923 1987 majorum
946 1944 1164 1974 nostrorum
1185 1935 1405 1973 felicitatem
1427 1937 1565 1986 praedi-

103 1997 227 2035 carint
253 1997 317 2048 qui
349 1997 450 2035 hanc
481 1998 662 2048 gerendae
693 1997 915 2048 reipublicae
948 1997 1133 2034 rationem
1168 1997 1292 2043 secuti
1322 2004 1465 2043 essent,
1486 2011 1564 2035 non

100 2065 229 2097 tamen
250 2059 504 2097 existimarint
521 2072 587 2096 vos
608 2072 693 2098 eam
712 2059 974 2103 aemulaturos,
987 2058 1056 2094 sed
1073 2059 1153 2094 fore
1169 2063 1212 2094 ut
1224 2057 1257 2094 vi
1273 2058 1566 2096 consuetudinis

100 2121 255 2172 impulsi
290 2120 428 2159 malitis
460 2121 536 2158 isto
569 2133 695 2157 rerum
729 2126 833 2157 statu
867 2119 1009 2156 acerba
1041 2117 1239 2168 complura
1269 2119 1418 2168 perpeti
1448 2132 1565 2169 quarn

100 2182 370 2220 emendatione
398 2181 618 2232 reipublicae
644 2181 761 2219 vitam
790 2180 931 2230 degere
959 2179 1192 2217 feliciorem:
1230 2178 1428 2217 addebant
1452 2181 1566 2218 etiam

102 2257 189 2282 esse
214 2244 305 2281 mihi
328 2243 557 2295 periculum,
579 2255 630 2281 ne
657 2242 748 2280 dum
775 2242 921 2292 optima
950 2241 1192 2279 consulerem
1214 2240 1385 2278 infensus
1404 2241 1508 2292 plebi
1529 2250 1568 2280 et

99 2305 323 2357 oligarchiae
343 2304 592 2342 instituendae
608 2302 772 2355 cupidus
792 2302 952 2341 viderer.

155 2370 222 2404 24.
253 2367 337 2417 Ego
353 2379 457 2412 vero,
474 2366 506 2403 si
527 2365 577 2403 de
599 2366 712 2404 rebus
732 2364 874 2416 ignotis
894 2370 933 2402 et
953 2376 1029 2402 non
1050 2363 1317 2402 communibus
1334 2363 1449 2401 verba
1468 2364 1568 2402 face-

101 2442 194 2475 rem,
210 2436 248 2467 et
264 2429 314 2466 ad
329 2429 413 2466 illas
432 2427 724 2466 constituendas
740 2439 808 2464 vos
824 2426 972 2465 indicto
989 2426 1154 2464 concilio
1173 2438 1302 2464 creare
1319 2438 1567 2463 consessores

102 2497 169 2529 aut
188 2491 333 2529 scribas
354 2489 523 2541 deligere
537 2490 729 2541 juberem,
748 2501 816 2540 per
835 2500 933 2539 quos
955 2487 1119 2526 antehac
1140 2487 1336 2538 popularis
1357 2493 1479 2524 status
1504 2489 1568 2525 ab-

102 2559 261 2604 rogatus
288 2551 460 2603 est,jure
486 2552 560 2589 hoc
586 2551 741 2590 nomine
767 2561 995 2588 accusarer:
1026 2561 1130 2586 nunc
1159 2549 1236 2586 tale
1265 2547 1358 2584 nihil
1385 2547 1477 2594 dixi,
1497 2548 1567 2586 sed

101 2613 149 2652 de
164 2613 445 2665 gubernatione
467 2612 629 2651 disserui
649 2625 726 2650 non
749 2611 905 2650 occulta
929 2611 998 2649 sed
1019 2610 1196 2648 omnibus
1216 2607 1432 2654 manifesta,
1451 2622 1567 2659 quam

104 2676 208 2714 scitis
239 2689 372 2714 omnes
393 2683 432 2713 et
458 2675 619 2726 patriam
639 2674 745 2713 vobis
772 2687 857 2712 esse
879 2681 918 2711 et
939 2686 1027 2712 cum
1059 2670 1280 2722 reipublicae
1311 2677 1454 2708 nostrae
1485 2679 1564 2708 tum

103 2737 252 2776 caeteris
274 2737 421 2775 Graecis
442 2736 625 2788 plurimas
645 2735 838 2787 peperisse
859 2735 1057 2779 utilitates,
1075 2741 1190 2783 atque
1213 2733 1327 2770 etiam
1349 2733 1396 2769 ab
1418 2732 1460 2770 iis
1478 2732 1565 2770 viris

104 2800 289 2838 sancitam
318 2807 357 2838 et
384 2801 651 2845 constitutam,
671 2812 770 2850 quos
799 2811 912 2836 nemo
933 2805 989 2834 cst
1013 2796 1105 2846 quin
1133 2794 1302 2833 omniur'n
1323 2795 1460 2833 civium
1483 2807 1564 2831 ma-

102 2861 201 2898 xime
217 2860 328 2898 fuisse
345 2861 549 2911 populares
566 2862 747 2898 fateatur.
807 2859 936 2906 Quare
955 2870 1103 2894 mecum
1120 2855 1353 2906 iniquissime
1371 2862 1564 2905 ageretur,

103 2921 133 2960 si
172 2921 256 2960 talis
291 2922 509 2972 reipublicae
546 2934 681 2961 suasor
719 2931 903 2959 novarum
944 2930 1070 2956 rerum
1109 2916 1274 2967 cupidus
1311 2915 1563 2954 existimarer.
