1870 3277
260 208 310 240 tlt)
850 201 1005 239 lsOCR
1017 201 1145 238 Arl'ls‘

260 304 504 348 adhibentur,
537 302 737 354 splendide
766 302 979 353 agitabant,
1013 305 1048 341 in
1088 303 1239 354 templis
1274 309 1401 340 autem
1434 303 1731 354 religiosissimis

262 366 310 403 do
342 365 544 403 locationis
572 364 756 402 reditibus
788 365 1084 411 sacrificabant;
1115 365 1184 403 sed
1210 365 1303 402 illud
1339 372 1513 403 accurate
1543 366 1728 403 observa-

263 429 368 473 bant,
395 440 442 464 ne
478 440 500 464 a
527 427 698 477 patribus
728 432 933 476 acceptum
965 427 1170 477 quicquam
1201 427 1261 464 vel
1289 426 1521 475 abrogarent
1544 425 1601 462 vel
1630 425 1729 461 ultra

263 496 450 526 consucta
471 488 696 539 adjicerent.
757 487 840 524 Nec
861 486 960 524 enirn
979 487 1247 539 magnitudine
1262 495 1484 538 sumptuum
1506 486 1729 535 religionem

265 550 532 595 metiebantur,
554 549 622 586 scd
645 561 776 586 eorum
810 548 948 585 rituum
971 550 1238 587 observatione
1268 562 1364 599 quos
1395 548 1449 585 cis
1470 550 1632 594 majores
1654 555 1731 584 tra-

264 610 466 648 didissent.
525 611 773 660 Quapropter
799 608 912 646 etiam
937 608 1009 646 (liis
1032 616 1167 647 mutua
1188 622 1320 646 eorum
1346 622 1439 646 cura
1459 608 1542 651 fuit,
1563 620 1608 643 ne
1635 615 1732 644 tcm—

264 679 434 722 pestates
451 680 591 709 temere
614 684 656 708 ac
679 669 916 707 tumultuose
937 677 1121 716 errarent,
1137 671 1207 708 scd
1229 677 1271 707 ut
1289 671 1391 709 etad
1412 683 1525 720 agros
1546 669 1732 706 colendos

265 734 367 770 etad
391 733 518 783 fruges
538 731 800 783 percipiendas
817 732 1122 769 accommodatae
1144 739 1285 769 essent.

326 795 386 830 12.
417 792 666 832 Consimilem
687 791 735 829 ad
758 792 914 829 modum
938 792 1052 830 etiam
1071 793 1166 831 inter
1187 807 1271 831 scsc
1289 794 1470 843 agebant.
1530 791 1611 829 Nec
1633 791 1732 829 enim

267 855 315 893 dc
331 855 478 906 republ.
497 861 644 892 tantum
661 853 971 900 consentiebant,
994 854 1062 892 sed
1086 854 1121 890 in
1145 855 1293 905 privata
1309 868 1463 904 quoque
1481 854 1557 891 vita
1574 854 1626 891 sic
1641 853 1735 891 alios

266 916 328 953 alii
359 917 558 962 curabant,
588 922 627 952 ut
654 914 833 953 cordatos
862 915 962 953 viros
996 915 1110 953 decet
1139 923 1178 953 et
1205 916 1482 954 communitate
1513 916 1646 967 patriae
1671 914 1737 952 de-

269 977 432 1015 vinctos.
491 977 591 1014 Nam
620 983 659 1013 ct
685 976 880 1014 tenuiores
907 977 1011 1014 cives
1037 977 1134 1014 adco
1165 990 1239 1015 non
1266 977 1492 1015 invidebant
1522 978 1738 1019 ditioribus,

267 1044 311 1076 ut
329 1051 440 1089 aeque
468 1037 622 1076 solliciti
642 1044 775 1075 essent
799 1037 847 1074 de
869 1039 1019 1088 magnis
1046 1038 1195 1076 familiis
1219 1051 1261 1076 ac
1284 1039 1331 1076 de
1353 1039 1446 1084 suis,
1471 1040 1737 1076 existimantes

267 1100 418 1138 illorum
446 1100 598 1137 divitias
631 1112 721 1136 suas
757 1111 843 1137 csse
865 1099 1021 1149 copias;
1054 1107 1093 1137 et
1114 1099 1326 1150 locupletes
1358 1106 1506 1137 tantum
1537 1100 1670 1137 aberat
1700 1105 1742 1136 ut

270 1161 514 1212 despicerent
534 1173 601 1198 eos
622 1159 687 1210 qui
712 1173 750 1198 re
772 1159 896 1197 minus
922 1160 1028 1198 lauta
1048 1167 1192 1206 essent,
1212 1169 1256 1198 ut
1275 1161 1412 1198 civium
1434 1161 1600 1212 inopiam
1621 1160 1742 1198 dede-

271 1222 350 1260 cori
389 1222 460 1260 sibi
496 1234 581 1258 esse
619 1227 801 1271 putantes
841 1221 994 1259 illorum
1034 1222 1331 1260 necessitatibus
1365 1223 1625 1268 subvenirent,
1659 1222 1743 1260 aliis

272 1296 387 1335 agros
419 1283 606 1321 colendos
640 1282 824 1320 mediocri
856 1284 1021 1333 pecunia
1040 1283 1221 1328 locando,
1247 1283 1341 1321 alios
1363 1284 1410 1321 ad
1441 1283 1741 1334 negotiationem

271 1344 505 1396 ablegando,
528 1343 610 1382 aliis
631 1350 774 1382 sortem
796 1343 846 1381 ad
866 1344 961 1382 alios
983 1352 1159 1394 quaestus
1181 1344 1477 1395 suppeditando.
1538 1344 1621 1382 Nec
1640 1344 1742 1382 enim

271 1407 495 1444 metuebant
524 1418 574 1442 ne
594 1404 819 1442 alterutrum
849 1405 919 1443 sibi
946 1405 1182 1453 usuveniret,
1210 1411 1253 1443 ut
1271 1406 1331 1443 vel
1356 1407 1472 1444 totius
1501 1418 1661 1443 summae
1683 1407 1746 1457 ja-

270 1476 417 1507 eturam
455 1467 644 1513 facerent,
678 1466 739 1504 vel
768 1467 918 1518 magnis
947 1467 1133 1506 molestiis
1164 1475 1314 1518 partem
1353 1468 1521 1519 aliquam
1560 1468 1742 1506 feneratae

269 1531 448 1584 pecuniae
474 1537 767 1582 recuperarent:
810 1530 876 1568 sed
907 1544 986 1569 non
1018 1531 1145 1569 minus
1172 1537 1293 1569 tutam
1321 1532 1511 1583 putabant
1540 1532 1743 1583 pecuniam

272 1593 359 1632 aliis
396 1598 534 1631 mutuo
574 1592 719 1638 datam,
749 1605 863 1642 quam
903 1592 1007 1630 domi
1044 1593 1268 1644 repositam.
1335 1593 1533 1631 Videbant
1569 1594 1669 1631 enim
1697 1595 1746 1633 dc

273 1654 405 1706 pactis
425 1654 581 1706 judices
600 1666 679 1692 non
707 1654 814 1691 abuti
839 1653 1013 1701 lenitate,
1034 1654 1103 1693 sed
1130 1655 1285 1705 legibus
1308 1656 1589 1706 obtemperare,
1617 1669 1745 1706 neque

274 1717 347 1756 sibi
378 1718 416 1754 in
446 1717 608 1755 aliorum
636 1715 818 1767 periculis
852 1715 1104 1767 delinquendi
1137 1716 1385 1755 securitatem
1417 1730 1649 1769 praeparare,
1677 1718 1746 1756 sed

273 1778 399 1829 magis
429 1778 544 1816 irasci
577 1777 853 1816 fraudantibus
887 1791 1003 1829 quam
1035 1791 1101 1816 eos
1133 1778 1239 1830 ipsos
1272 1779 1412 1829 quibus
1439 1778 1558 1817 fiebat
1589 1779 1749 1830 injuria;

276 1853 365 1879 nam
396 1839 464 1890 qui
497 1839 616 1877 fidem
648 1845 916 1878 contractuum
950 1839 1151 1886 violarent,
1183 1853 1249 1878 eos
1283 1841 1512 1891 pauperibus
1538 1842 1751 1878 censebant

275 1901 366 1952 plus
404 1913 545 1938 nocere
575 1913 692 1951 quam
731 1900 954 1952 opulentis;
997 1901 1069 1939 hos
1105 1901 1222 1946 enim,
1256 1902 1286 1938 si
1321 1901 1541 1939 desinerent
1572 1902 1750 1948 fenerari,

275 1963 405 2015 parvis
432 1961 616 2000 reditibus
651 1962 857 2014 spoliatum
889 1962 948 2010 iri,
978 1962 1076 2010 illos,
1103 1963 1133 2000 si
1161 1962 1345 2001 deessent
1369 1964 1433 2013 qui
1460 1976 1574 2014 opem
1595 1962 1751 2010 ferrent,

276 2030 451 2063 extrema
469 2023 601 2075 inopia
619 2024 878 2062 laboraturos.
936 2023 1075 2075 Itaque
1092 2037 1210 2075 quum
1230 2024 1290 2063 his
1312 2024 1448 2062 animis
1464 2031 1605 2070 essent,
1626 2038 1752 2075 neque

278 2099 374 2138 opes
396 2098 487 2124 suas
509 2085 663 2124 celabat
681 2085 888 2136 quisquam
916 2098 1043 2137 neque
1063 2087 1293 2125 contrahere
1314 2100 1402 2124 cum
1432 2087 1515 2124 aliis
1535 2088 1752 2133 recusabat,

277 2148 355 2187 imo
385 2147 571 2186 libentius
600 2146 787 2185 videbant
812 2160 878 2185 eos
905 2148 970 2198 qui
1002 2154 1177 2185 mutuum
1209 2148 1394 2199 petebant
1427 2161 1544 2198 quam
1571 2149 1637 2199 qui
1664 2149 1748 2186 red-

279 2209 439 2257 debant.
497 2208 671 2259 Utraque
694 2208 796 2247 enim
816 2208 891 2246 illis
913 2208 1211 2254 usuveniebant,
1238 2222 1326 2259 quae
1346 2209 1555 2259 prudentes
1575 2210 1753 2248 homines

281 2270 502 2323 expetenda
521 2276 722 2315 censeant,
745 2276 788 2308 ut
807 2269 919 2308 simul
942 2276 980 2308 et
998 2270 1146 2308 civibus
1173 2270 1405 2322 prodessent
1425 2277 1464 2308 et
1493 2283 1562 2309 sua
1581 2284 1621 2308 re
1646 2271 1753 2309 fami-

278 2333 363 2372 liari
384 2337 576 2384 quaestum
597 2330 781 2369 facerent.
840 2331 891 2368 Et
915 2331 1020 2381 quod
1041 2344 1234 2370 summum
1255 2339 1316 2370 est
1339 2345 1384 2370 ac
1415 2331 1464 2369 ad
1490 2332 1639 2371 civilem
1660 2346 1753 2371 con·

280 2394 525 2435 suetudinem
546 2393 801 2444 aptissimum,
826 2399 866 2429 ut
884 2399 923 2430 et
938 2393 1204 2444 possessiones
1225 2394 1262 2431 in
1285 2400 1368 2431 tuto
1389 2401 1519 2432 essent
1536 2394 1579 2432 iis
1600 2395 1666 2445 qui
1687 2408 1753 2434 eas

275 2456 364 2508 jure
397 2455 597 2501 tenebant,
616 2460 662 2504 ‚et
692 2466 788 2492 usus
819 2466 950 2492 earum
981 2455 1198 2493 communis
1230 2455 1378 2493 civibus
1399 2455 1577 2494 omnibus
1607 2457 1674 2507 qui
1702 2457 1756 2494 in-

282 2518 473 2569 digerent.

303 2612 307 2613 ⁷
341 2580 404 2616 13.
433 2577 628 2616 Fortassis
643 2583 771 2616 autern
793 2578 864 2616 erit
884 2578 950 2629 qui
970 2579 1056 2616 haec
1076 2592 1163 2629 quae
1181 2578 1344 2616 diximus
1364 2578 1632 2630 reprehendat,
1649 2579 1755 2629 quod

284 2640 458 2678 actiones
484 2639 638 2678 illorum
658 2645 877 2690 temporum
902 2640 1072 2687 laudem,
1094 2653 1234 2678 causas
1262 2648 1404 2686 autem,
1427 2647 1582 2692 propter
1599 2654 1694 2691 quas
1715 2648 1756 2679 et

284 2702 385 2740 inter
404 2714 486 2740 sese
513 2708 593 2739 tam
613 2710 755 2754 pacate
774 2702 941 2741 vixerint
960 2709 999 2741 et
1020 2704 1155 2741 urbem
1174 2711 1253 2741 tam
1278 2704 1464 2754 praeclare
1490 2704 1757 2754 gubernarint‚

285 2777 362 2803 non
391 2763 594 2814 explicem.
653 2764 740 2816 Ego
768 2778 859 2803 vero
899 2765 973 2803 etsi
1010 2765 1184 2803 nonnihil
1215 2766 1297 2818 ejus
1328 2779 1484 2817 quoque
1515 2768 1669 2818 generis
1695 2781 1756 2806 me

288 2825 433 2868 dixisse
447 2830 556 2876 puto,
572 2825 682 2876 plura
694 2832 824 2865 tamen
837 2833 876 2865 et
888 2826 1097 2865 dilucidius
1109 2827 1168 2865 his
1183 2827 1230 2866 de
1244 2830 1360 2867 rebus
1376 2829 1562 2867 disserere
1574 2831 1758 2868 conabor.

309 2918 313 2924 ,
345 2887 408 2923 14.
437 2885 539 2923 Nam
560 2886 614 2923 illi
633 2886 902 2940 quidem,·non
923 2888 1134 2940 utpuerilis
1155 2888 1407 2929 institutionis
1424 2903 1604 2942 magnam
1626 2904 1757 2930 curam

291 2947 565 3001 suscipiebant,
588 2947 643 2986 sic
675 2949 820 2992 adultis
847 2963 999 2992 omnem
1028 2950 1181 3003 quidvis
1209 2953 1350 3003 agendi
1380 2953 1575 2992 licentiam
1599 2953 1756 3000 dabant,
