1870 3277
711 188 1111 226 TRAPEZITICUS.
1554 191 1624 228 251

190 288 318 339 igitur,
339 288 404 338 qui
432 290 480 327 ob
506 302 584 328 rem
612 291 807 341 parvulam
833 289 965 341 capitis
996 289 1099 327 adire
1121 289 1331 340 periculum
1362 303 1478 330 ausus
1499 298 1568 338 est,
1588 299 1630 330 ut

189 349 259 387 has
290 350 464 400 aperiret,
494 365 581 401 quae
611 351 766 402 quidem
794 357 832 388 et
860 363 883 388 a
916 349 1140 388 consulibus
1173 350 1335 401 signatae
1366 358 1404 390 et
1434 354 1481 391 ab
1508 353 1628 391 aedili-

189 411 262 448 bus
288 411 501 462 obsignatae
527 420 646 458 erant,
674 418 713 449 et
738 425 760 449 a
784 412 1039 462 quaestoribus
1066 411 1392 458 custodiebantur,
1417 421 1456 451 et
1481 415 1517 451 in
1540 428 1628 454 arce

187 473 492 518 asservabantur,
513 473 603 523 quid
618 473 699 511 miri
718 479 787 517 est,
810 472 841 509 si
862 472 1022 510 tabellas
1043 473 1147 523 apud
1174 472 1366 510 hominem
1385 476 1627 524 peregrinum

188 531 294 579 sitas,
311 539 457 572 tantam
483 534 655 584 pecuniae
683 534 757 571 vim
786 533 979 578 luctaturi,
999 546 1066 571 seu
1085 534 1211 584 pueris
1238 534 1318 584 ejus
1341 535 1529 584 persuasis
1559 549 1626 575 seu

186 593 261 632 alio
281 595 458 646 quopiam
478 595 591 633 modo
610 607 649 632 re
673 595 863 641 confecta,
883 595 1168 633 adulterarunt?
1225 595 1284 632 De
1305 594 1363 632 his
1389 595 1502 645 igitur
1522 597 1624 636 haud

186 655 266 693 scio
285 655 394 707 plura
411 655 536 694 dicere
554 668 735 705 quorsum
754 655 925 693 attineat.

243 718 302 754 18.
332 718 418 755 Jam
444 724 570 755 autem
601 717 715 754 Pasio
743 717 971 767 quibusdam
998 716 1228 767 persuadere
1255 724 1416 754 conatus
1447 723 1507 754 est
1534 717 1624 754 mihi

183 790 336 827 prorsus
349 778 474 816 nulias
486 778 666 829 pecunias
680 777 741 816 hic
757 777 890 824 fuisse,
903 777 1008 828 quod
1024 791 1046 814 a
1059 776 1247 815 Stratocle
1259 783 1451 815 trecentos
1465 783 1624 816 stateres

183 839 252 875 sim
271 846 480 878 mutuatus.
537 841 663 882 Quare
690 852 815 890 operae
835 839 999 889 pretium
1025 845 1084 876 est
1115 838 1163 876 de
1183 838 1242 875 his
1271 838 1384 876 etiam
1413 837 1557 884 audire,
1582 846 1625 876 ut

183 899 310 938 sciatis
329 901 466 951 quibus
486 900 719 951 argumentis
739 903 856 938 fretus
871 912 930 937 me
949 899 1119 950 pecuniis
1139 898 1305 937 fraudet.

238 961 298 997 19.
330 961 425 1012 Ego,
446 961 610 1012 judices,
637 961 828 998 Stratocle
853 961 890 998 in
924 960 1090 998 Pontum
1116 961 1355 1011 navigaturo,
1384 973 1503 1010 quum
1533 961 1622 999 inde

178 1021 478 1072 quamplurimas
499 1022 677 1073 pecunias
703 1029 899 1073 exportare
922 1021 1072 1067 vellem,
1093 1028 1266 1072 precatus
1287 1034 1370 1058 sum
1393 1021 1623 1071 Stratoclem

180 1088 224 1120 ut
242 1096 354 1121 suum
375 1095 507 1121 aurum
528 1083 619 1121 mihi
639 1082 882 1133 relinqueret,
912 1082 1028 1134 idque
1048 1083 1085 1120 in
1105 1082 1232 1121 Ponto
1253 1095 1274 1119 a
1292 1089 1400 1133 patre
1419 1096 1504 1121 meo
1524 1084 1622 1121 reci-

179 1152 300 1194 peret,
320 1146 447 1196 magni
476 1145 570 1184 lucri
588 1145 625 1182 id
646 1145 766 1183 instar
791 1157 876 1183 esse
895 1151 1049 1196 putans,
1069 1145 1100 1182 si
1120 1156 1204 1181 mea
1224 1143 1388 1194 pecunia
1407 1144 1445 1180 in
1465 1145 1623 1195 naviga-

178 1204 280 1243 tione
301 1219 377 1243 non
397 1207 687 1258 periclitaretur,
707 1206 916 1257 praesertim
937 1219 1054 1256 quum
1074 1218 1121 1244 eo
1145 1212 1318 1256 tempore
1337 1205 1623 1244 Lacedaemonii

177 1266 289 1303 maris
308 1266 504 1317 imperium
525 1273 710 1304 tenerent.
768 1267 858 1304 Hoc
885 1266 999 1316 igitur
1019 1267 1128 1317 signo
1155 1266 1307 1304 confido
1333 1279 1420 1304 eum
1439 1279 1517 1304 non
1537 1280 1622 1318 pro-

175 1326 350 1364 baturum
381 1341 440 1365 me
472 1328 674 1378 pecuniam
708 1327 768 1365 hic
794 1341 870 1365 non
899 1327 1098 1370 habuisse;
1130 1326 1325 1364 mihivero
1352 1339 1485 1364 aurum
1517 1328 1621 1378 apud

173 1385 287 1424 istum
315 1386 446 1433 fuisse,
465 1388 698 1425 firmissimas
726 1387 969 1438 probationes
997 1400 1042 1425 ea
1061 1388 1145 1438 ipsa
1163 1394 1275 1425 erunt
1293 1401 1380 1437 quae
1408 1401 1494 1425 cum
1517 1388 1621 1426 Stra-

172 1447 273 1485 tocle
292 1448 364 1499 egi.
422 1448 521 1486 Nam
544 1448 732 1487 stratocle
753 1449 1013 1498 interrogante
1032 1448 1207 1498 quisnam
1228 1448 1298 1485 sibi
1316 1449 1516 1498 pecuniam
1536 1450 1622 1488 red-

173 1507 323 1546 diturus
343 1516 456 1556 esset,
477 1510 508 1547 si
526 1517 636 1560 pater
654 1524 700 1548 ea
725 1523 811 1560 quae
831 1510 947 1547 literis
967 1510 1251 1547 continerentur
1270 1522 1348 1547 non
1367 1509 1533 1555 fecisset,
1555 1519 1620 1548 aut

171 1570 253 1621 ipse
271 1584 447 1610 reversus
472 1572 534 1609 hic
554 1585 612 1610 me
640 1585 716 1610 non
735 1573 930 1623 reperiret,
958 1572 1007 1610 ad
1037 1572 1240 1610 Pasionem
1262 1585 1350 1609 eum
1370 1572 1526 1618 adduxi,
1552 1574 1617 1624 qui

173 1645 216 1671 se
235 1640 275 1671 et
292 1642 431 1673 sortem
451 1641 490 1672 et
508 1647 642 1672 usuras
663 1635 697 1672 ei
716 1635 953 1672 redditurum
974 1634 1158 1686 promisit.
1217 1635 1282 1671 An
1301 1647 1389 1672 vero
1407 1636 1562 1685 putatis,
1586 1636 1616 1674 si

171 1693 260 1731 nihil
277 1695 378 1746 apud
394 1709 478 1733 eum
496 1695 712 1747 depositum
727 1695 958 1740 habuissem,
977 1709 1063 1733 eum
1080 1702 1158 1733 tam
1179 1695 1289 1734 facile
1309 1702 1426 1734 tantae
1442 1697 1614 1747 pecuniae

171 1767 390 1806 sponsorem
408 1757 496 1794 mihi
516 1757 711 1794 futurum?
767 1758 922 1796 Prodite
942 1764 1073 1795 testes.

782 1865 991 1903 TESTES.

221 1943 285 1980 20.
316 1942 504 1981 Fortassis
523 1950 662 1989 autem,
680 1944 846 1994 judices,
877 1943 925 1981 de
954 1943 1020 1981 illo
1041 1943 1156 1981 etiam
1183 1949 1303 1982 testes
1330 1943 1530 1994 producet,
1551 1958 1612 1983 me

168 2003 271 2054 apud
291 2003 417 2055 Satyri
436 2012 701 2055 procuratores
729 2017 889 2056 negasse
906 2005 1112 2055 quicquam
1142 2004 1282 2043 habere
1301 2011 1440 2055 praeter
1460 2018 1506 2043 ea
1525 2020 1612 2056 quae

166 2064 260 2116 ipsis
278 2065 533 2111 tradidissem,
554 2066 642 2105 item
662 2066 787 2118 ipsum
806 2078 952 2104 merces
972 2079 1078 2104 meas
1102 2066 1300 2112 invasisse,
1320 2080 1380 2104 me
1396 2068 1611 2109 ‚confitente

165 2131 356 2163 trecentas
375 2125 409 2163 ei
429 2126 630 2164 drachmas
660 2127 811 2172 debere,
842 2133 880 2164 et
914 2126 1201 2177 Hippolai'dam,
1233 2127 1422 2178 hospitem
1446 2135 1484 2166 et
1502 2129 1611 2167 fami—

164 2187 295 2225 liarem
315 2200 454 2234 meum,
470 2200 493 2226 a
507 2201 547 2226 se
566 2194 741 2225 mutuum
761 2200 910 2226 sumere
929 2187 1160 2237 permisisse.

217 2251 283 2288 21.
313 2249 400 2301 Ego
417 2262 520 2296 vero,
533 2249 700 2301 judices,
718 2249 791 2287 illis
810 2263 896 2301 quae
924 2248 1000 2286 dixi
1018 2249 1126 2287 malis
1144 2250 1438 2296 circumventus,
1457 2258 1538 2289 tum
1565 2252 1610 2290 iis

164 2323 252 2362 quae
270 2310 374 2349 domi
391 2311 598 2349 habueram
619 2311 817 2362 spoliatus,
835 2317 915 2348 tum
935 2323 1020 2361 quae
1039 2310 1101 2348 hic
1119 2317 1228 2349 erant
1254 2311 1391 2362 legatis
1407 2312 1499 2350 dare
1519 2325 1609 2351 coa-

164 2379 264 2418 ctus,
282 2385 400 2422 quum
419 2371 512 2410 nihil
531 2371 619 2410 mihi
634 2372 822 2423 reliquum
841 2379 957 2417 esset,
976 2371 1047 2410 nisi
1066 2371 1097 2409 si
1117 2372 1209 2422 quid
1229 2372 1354 2411 celare
1375 2386 1529 2423 possem
1551 2387 1608 2412 re-

161 2439 269 2471 tento
287 2445 378 2473 auro
403 2433 508 2483 quod
537 2433 639 2484 apud
662 2434 777 2472 istum
809 2433 1023 2485 depositum
1042 2440 1135 2479 erat,
1163 2434 1284 2472 fateor
1311 2446 1371 2471 me
1399 2440 1439 2471 et
1464 2433 1512 2471 de
1532 2440 1607 2472 tre-

160 2494 284 2534 centis
304 2495 495 2534 drachmis
514 2509 598 2534 esse
627 2495 843 2534 confessum
862 2501 901 2533 et
921 2495 1069 2533 caeteris
1088 2494 1127 2532 in
1147 2496 1260 2533 rebus
1283 2507 1329 2533 ea
1346 2501 1385 2532 et
1404 2494 1548 2533 dixisse
1568 2503 1607 2534 et

160 2556 300 2608 egisse,
319 2570 387 2608 per
404 2570 490 2608 quae
510 2556 585 2595 illis
605 2557 783 2595 facillime
807 2569 1036 2608 persuasum
1055 2557 1154 2595 foret
1174 2555 1296 2593 nullas
1314 2555 1405 2592 mihi
1422 2557 1604 2607 pecunias

160 2630 255 2656 esse.
311 2618 410 2662 Quae
437 2631 513 2656 non
539 2631 584 2656 ex
606 2617 735 2669 inopia
760 2630 821 2656 me
841 2617 994 2662 fecisse,
1024 2616 1090 2654 sed
1110 2623 1152 2653 ut
1177 2615 1250 2652 illis
1278 2615 1393 2653 fidem
1425 2616 1603 2664 facerem,

160 2679 271 2717 facile
290 2679 527 2731 intelligetis.
585 2679 754 2717 Primum
780 2679 880 2718 enim
906 2685 1020 2717 testes
1046 2676 1269 2728 producam,
1296 2677 1362 2726 qui
1394 2689 1455 2714 me
1475 2679 1604 2718 sciunt

160 2753 319 2790 magnas
349 2753 440 2792 opes
459 2755 480 2780 e
500 2742 626 2780 Ponto
652 2741 840 2788 attulisse,
866 2739 1004 2778 deinde
1028 2751 1093 2776 eos
1120 2737 1184 2787 qui
1208 2737 1382 2775 viderunt
1411 2751 1470 2777 me
1491 2739 1601 2779 istius

161 2815 294 2840 mensa
329 2802 396 2846 uti,
427 2803 518 2854 quin
552 2803 638 2842 illos
664 2803 777 2841 etiam
810 2815 831 2839 a
858 2801 995 2852 quibus
1031 2812 1076 2838 eo
1107 2806 1274 2848 tempore
1303 2799 1464 2850 amplius
1498 2801 1600 2840 mille

160 2861 320 2903 stateres
348 2877 482 2903 aureos
511 2865 584 2903 alia
611 2865 772 2916 pecunia
791 2862 1032 2902 commutavi.
1093 2860 1297 2905 Praeterea,
1325 2860 1466 2899 tributo
1491 2863 1599 2901 nobis

158 2927 341 2977 imperato
379 2932 414 2963 et
453 2927 532 2964 aliis
569 2927 746 2965 censibus
787 2925 938 2966 habitisv
976 2937 1047 2973 ego
1087 2922 1289 2973 plurimum
1331 2923 1429 2962 inter
1464 2937 1598 2963 omnes
