1870 3277
492 177 564 214 DE
595 177 814 215 ClRONIS
846 174 1204 212 HEREDITATE.
1493 171 1567 207 :383

134 283 182 319 ad
203 293 397 319 servorum
416 293 483 331 per
502 287 687 318 tormenta
699 277 961 328 quaesitionem
980 274 1133 325 procedi
1149 274 1399 323 postulamus,
1414 284 1566 322 aequum

133 344 170 380 id
191 356 275 380 esse
289 342 525 393 judicantes;
556 342 626 378 hos
647 348 772 378 autem
794 345 870 374 tarn
891 349 1040 385 aequam
1056 334 1312 372 conditionem
1329 333 1569 383 defugientes

133 404 393 455 producimus,
412 416 532 453 eoque
564 402 667 442 facto
697 402 752 438 sic
785 399 936 435 demum
971 396 1166 447 poscimus
1196 401 1238 431 ut
1268 395 1380 432 fidem
1410 394 1568 431 testibus

135 464 273 502 nostris
305 463 489 501 habeatis.
563 463 666 513 Cape
696 467 736 497 tu
767 459 848 495 haec
881 456 1099 495 testimonia
1129 463 1166 492 et
1195 455 1313 492 recita
1339 453 1567 504 [judicibus]

134 526 252 563 hisce.

670 631 1028 669 TESTIMONIA.

135 714 331 757 Quosnam
365 718 661 750 consentaneum
694 716 755 748 est
783 715 935 746 vetusta
969 705 1107 744 nosse?
1137 705 1284 743 scilicet
1315 716 1379 741 eos
1409 702 1471 753 qui
1501 713 1573 739 avo

134 773 366 811 familiariter
384 773 440 810 usi
463 779 565 810 sunt.
621 772 708 809 Jam
730 771 768 807 hi
796 783 840 808 eo
866 769 981 807 modo
1008 765 1225 809 testimonii,
1244 765 1309 816 qui
1332 766 1420 808 ἀκοὴ
1447 763 1572 813 [inau-

134 835 239 879 ditio,
261 835 373 878 fama,
403 834 553 882 relatio]
588 841 805 883 usurpatur,
836 830 964 868 testati
985 836 1086 867 sunt.
1145 828 1343 871 Quosnam
1368 838 1480 876 porro
1508 837 1576 861 ne-

134 908 243 933 cesse
263 902 321 932 est
349 894 397 932 de
417 908 511 932 meae
530 893 659 931 matris
684 893 721 930 in
742 891 1023 930 matrimonium
1051 888 1263 927 elocatione
1288 885 1430 924 nosse?
1459 884 1578 922 Nimi-

135 969 216 993 rum
246 969 312 993 eos
344 956 480 1006 quibus
509 954 574 991 illa
601 954 792 1005 desponsa
820 953 904 998 fuit,
930 965 1001 989 nec
1032 964 1108 988 non
1136 963 1202 988 eos
1233 949 1298 999 qui
1332 946 1579 999 sponsalibus

137 1016 403 1053 interfuerunt.
459 1015 546 1052 Jam
580 1015 710 1052 testati
744 1021 834 1051 sunt
867 1013 1110 1050 Nausimenis
1131 1009 1338 1048 necessarii
1365 1008 1438 1046 hac
1464 1007 1512 1044 de
1540 1020 1579 1044 re

135 1091 212 1115 una
230 1091 315 1115 cum
346 1077 464 1129 patris
486 1077 559 1114 mei
587 1076 821 1114 necessariis.
879 1074 1044 1118 Quinam
1076 1073 1230 1110 tandem
1254 1078 1395 1108 norunt
1417 1076 1576 1106 matrem

137 1151 260 1176 meam
281 1138 428 1175 Cironis
449 1150 534 1175 esse
564 1136 765 1187 genuinam
785 1135 902 1172 filiam
925 1135 961 1171 in
982 1135 1174 1184 domoque
1200 1132 1361 1181 sinuque
1380 1129 1498 1180 patris
1523 1128 1580 1165 sui

139 1200 290 1238 Cironis
310 1197 538 1237 educatam?
587 1198 638 1235 Hi
665 1198 736 1248 ipsi
763 1197 843 1247 qui,
864 1210 950 1246 quae
981 1209 1053 1245 ego
1072 1207 1173 1232 nunc
1199 1195 1274 1237 aio,
1294 1205 1340 1230 ea
1366 1192 1403 1228 in
1429 1198 1581 1228 contro·

138 1263 298 1300 versiam
324 1268 486 1306 vocant3
515 1273 560 1298 eo
590 1260 689 1297 enim
716 1259 817 1310 quod
848 1257 1038 1308 mancipia
1063 1256 1111 1294 ad
1138 1255 1402 1306 quaesitionem
1428 1252 1579 1289 tradere

138 1330 374 1366 recusarunt,
395 1335 416 1360 e
435 1322 572 1372 quibus
592 1321 723 1358 harum
745 1332 864 1357 rerum
882 1332 980 1356 verae
1000 1319 1166 1356 rationes
1185 1316 1355 1354 omnium
1370 1313 1579 1352 certissime

137 1384 323 1434 explorari
342 1388 534 1433 poterant,
557 1382 638 1431 ipso
658 1381 759 1417 facto
779 1380 904 1431 palam
931 1379 1062 1416 testati
1082 1384 1172 1416 sunt
1192 1390 1232 1414 se
1253 1389 1368 1414 nosse
1387 1387 1478 1412 vera
1495 1387 1582 1411 esse

137 1444 266 1481 omnia
283 1456 369 1493 quae
390 1442 462 1479 aio.
520 1442 764 1491 Quapropter
782 1453 849 1478 vos
870 1439 1012 1489 utique,
1032 1439 1199 1489 judiceS,
1218 1450 1293 1475 non
1320 1435 1458 1474 nostris
1478 1435 1582 1472 testi—

139 1505 225 1549 bus,
245 1504 312 1541 sed
332 1504 480 1548 horum,
501 1501 696 1540 diffidetis.

192 1568 230 1603 5.
261 1565 405 1602 Verum
433 1572 572 1615 praeter
589 1564 672 1601 haec
692 1570 916 1614 argumenta
943 1569 1033 1600 sunt
1051 1562 1160 1599 nobis
1185 1562 1311 1599 adhuc
1333 1559 1408 1598 alia
1431 1572 1583 1610 quoque

140 1628 178 1665 in
207 1633 398 1677 promptu,
422 1625 522 1662 unde
551 1625 796 1674 cognoscatis
825 1637 895 1661 nos
926 1623 1077 1661 Cironis
1105 1636 1190 1660 esse
1217 1621 1402 1673 genuinos
1429 1620 1583 1658 liberos.

141 1690 230 1727 Ciro
249 1701 384 1739 nempe
402 1701 470 1725 nos
490 1687 535 1724 iis
557 1687 676 1724 modis
698 1686 846 1736 accepit
863 1686 1084 1736 habuitque,
1103 1685 1242 1736 quibus
1263 1685 1310 1722 ab
1326 1697 1396 1721 avo
1412 1690 1587 1720 materno

141 1758 299 1801 nepotes
327 1749 449 1799 accipi
468 1756 581 1798 atque
606 1748 737 1785 haberi
765 1760 832 1797 par
851 1755 889 1785 et
917 1753 1218 1784 consentaneum
1246 1753 1328 1783 est:
1360 1743 1582 1781 sacrificium

143 1813 224 1851 sine
245 1811 355 1849 nobis
382 1811 530 1848 nullum
550 1822 717 1860 unquam
745 1809 848 1854 fecit,
865 1809 934 1846 sed
955 1809 1031 1846 sive
1052 1809 1176 1846 minus
1197 1808 1275 1845 sive
1293 1806 1415 1857 majus
1435 1805 1585 1843 offerret

146 1888 295 1913 sacrum
312 1874 538 1924 [minoribus
559 1872 630 1909 diis
652 1872 905 1922 majoribusve
926 1871 1100 1919 faceret],
1120 1871 1259 1920 ubique
1279 1870 1448 1906 locorum
1470 1874 1586 1916 atque

143 1945 355 1986 temporum
375 1934 409 1971 ei
430 1947 499 1971 nos
519 1934 768 1971 intereramus
787 1941 824 1971 et
845 1945 994 1970 sacrum
1009 1946 1086 1969 una
1101 1945 1186 1969 cum
1207 1944 1277 1968 avo
1294 1930 1584 1981 peragebamus.

145 1998 282 2048 Neque
301 1997 350 2034 ad
370 1996 460 2034 talia
481 1995 722 2033 solummodo
749 1996 1049 2039 arcessebamur,
1070 1995 1138 2032 sed
1166 1993 1279 2031 etiam
1307 2005 1373 2043 per
1402 1991 1587 2029 Liberalia

145 2072 213 2096 nos
242 2071 371 2096 secum
398 2070 462 2094 rus
495 2057 663 2094 ducebat
693 2070 854 2106 semper,
882 2056 918 2093 in
953 2055 1182 2106 spectaculis
1216 2054 1477 2092 assidebamns
1502 2053 1588 2103 ipsi,

146 2120 305 2170 diesque
320 2120 438 2157 festos
459 2118 559 2168 apud
577 2131 663 2155 eum
683 2119 894 2167 agebamus
911 2130 1058 2154 omnes.
1115 2116 1222 2153 Nulli
1239 2114 1382 2152 numini
1402 2113 1591 2151 addictior

145 2189 239 2227 erat,
254 2194 367 2231 quam
383 2179 471 2217 Jovi
492 2179 622 2216 Ctesio
643 2178 720 2229 [vel
742 2178 914 2222 Peculio,
930 2186 993 2215 aut
1014 2177 1329 2228 Locupletatori],
1349 2176 1460 2226 eique
1480 2188 1591 2213 sacra

147 2244 271 2281 facere
301 2241 483 2293 imprimis
515 2241 796 2278 contendebat:
842 2253 928 2290 quae
966 2253 1076 2277 sacra
1106 2239 1247 2276 faciens
1279 2251 1403 2288 neque
1442 2250 1590 2274 servum

149 2316 272 2354 neque
292 2304 481 2353 ingenuos
502 2302 647 2340 alienos
668 2302 906 2345 admittebat,
927 2301 994 2339 sed
1015 2301 1095 2352 ipse
1113 2314 1179 2352 per
1200 2313 1283 2338 sese
1300 2299 1490 2337 laboribus
1509 2306 1588 2335 tum

149 2364 462 2404 convenientibus
481 2364 784 2414 defungebatur3
816 2376 886 2401 nos
906 2371 1033 2400 tamen
1060 2363 1194 2401 horum
1215 2375 1407 2400 sacrorum
1428 2360 1594 2398 faciebat

150 2426 367 2477 participes,
386 2438 567 2462 manuum
589 2438 741 2476 operam
762 2425 814 2462 illi
836 2425 1236 2469 accommodabamus,
1261 2425 1295 2460 in
1317 2422 1592 2474 componendis

152 2489 265 2539 tignis
286 2488 462 2537 extisque
485 2488 758 2538 adjuvabamus
779 2488 928 2538 aliaque
944 2488 1152 2525 ministeria
1169 2487 1461 2537 praestabamus,
1477 2491 1516 2522 et
1534 2483 1595 2522 ille

153 2551 249 2588 inter
270 2555 361 2587 vota
386 2550 602 2587 faciendum
625 2563 647 2587 a
673 2550 745 2587 (leo
765 2551 990 2601 precabatur
1016 2557 1058 2586 ut
1080 2561 1295 2599 prosperam
1319 2547 1592 2591 valetudinem,

153 2624 229 2649 rem
255 2611 470 2656 florentem,
491 2617 529 2648 et
556 2617 727 2662 quaestus
756 2611 969 2648 ubertatem
994 2611 1102 2647 nobis
1124 2623 1277 2660 quoque
1304 2609 1525 2659 largiretur;
1556 2608 1593 2645 id

153 2670 258 2722 quod
285 2684 371 2708 eum
391 2672 517 2709 facere
546 2678 850 2709 consentaneum
879 2683 1030 2720 quoque
1051 2678 1130 2708 erat
1151 2671 1215 2720 qui
1237 2682 1331 2706 avus
1358 2669 1464 2706 nobis
1485 2676 1596 2706 esset.

156 2730 286 2781 Atqui,
314 2731 387 2768 nisi
416 2744 486 2786 nos
506 2732 606 2774 ,filiae
635 2745 713 2769 suae
743 2733 880 2769 liberos
916 2731 1088 2768 duxisset
1118 2731 1295 2780 solosque
1329 2730 1398 2768 sibi
1428 2730 1596 2780 reliquos

156 2793 279 2830 factos
300 2798 472 2842 nepotes,
499 2806 696 2843 nunquam
715 2794 850 2831 horum
871 2793 1078 2842 quicquam
1105 2793 1271 2835 fecisset,
1301 2792 1368 2830 sed
1396 2791 1498 2830 hunc
1526 2793 1596 2830 sibi

157 2852 407 2904 adjunxisset,
427 2853 492 2902 qui
521 2854 669 2892 Cironis
689 2868 709 2892 e
729 2867 854 2891 sorore
875 2861 1053 2904 nepotem
1074 2867 1114 2891 se
1135 2854 1219 2891 fert.
1279 2854 1380 2892 Vera
1396 2853 1479 2892 hoec
1499 2867 1519 2892 a
1541 2868 1598 2891 me

158 2915 260 2952 dicta
280 2927 360 2952 esse
380 2913 521 2958 omnia,
538 2922 676 2953 norunt
692 2916 845 2965 quidem
865 2915 1031 2953 omniurn
1058 2915 1262 2953 certissime
1279 2915 1336 2953 avi
1353 2915 1493 2958 famuli,
1511 2928 1604 2964 quos
