1870 3277
774 227 1024 266 ULYSSES.
1553 228 1630 263 505

170 330 512 376 Cassandram,
550 336 602 368 ut
638 330 925 381 scripseras,
964 325 1266 377 despondet;
1315 333 1362 363 tu
1398 333 1478 364 tua
1514 327 1634 365 cele·

169 391 284 429 riter
321 404 511 442 perage.
568 392 697 442 Atque
716 391 800 428 haec
826 390 981 441 quidem
1009 395 1120 426 erant
1141 386 1321 439 scriptae:
1352 387 1462 438 cujus
1478 401 1546 426 vos
1567 388 1635 432 rei,

170 453 234 503 qui
255 453 373 490 telum
395 452 614 504 accepistis,
632 459 753 490 testes
775 451 939 489 advoco.

795 587 1007 625 TESTES.

224 676 512 726 &Quinetiam
540 684 660 721 telum
679 683 787 721 vobis
809 683 936 734 ipsum
957 681 1228 726 ostendissem,
1250 680 1321 719 nisi
1343 681 1381 719 id
1404 681 1440 719 in
1466 682 1634 720 tumultu

167 758 233 796 per
248 746 429 783 incuriam
445 747 594 784 Teucer
615 745 818 783 amisisset.
859 743 936 782 Sed
950 744 1099 794 reliqua
1113 744 1204 781 mihi
1225 756 1381 794 quoque
1402 744 1636 794 exponenda

168 814 271 851 sunt,
292 820 340 844 ne
360 807 491 857 inique
511 807 713 845 videamur
733 806 901 857 capitale
923 807 1068 844 crimen
1095 806 1359 857 turpissimum
1385 806 1650 844 commilitoni-

167 868 373 918 imponere,
395 868 606 919 praesertim
627 869 693 919 qui
714 869 823 905 vobis
844 868 1035 906 hactenus
1063 880 1175 905 carus
1203 867 1330 904 fuerit.
1388 867 1490 904 Nam
1511 869 1637 918 prius-

166 943 283 980 quam¹
300 930 377 968 huc
397 930 694 981 appelleremus,
717 930 783 967 diu
809 943 888 967 una
907 930 1064 974 fuimus,
1086 942 1174 967 cum
1203 927 1309 965 illum
1341 940 1453 965 nemo
1482 927 1635 977 signum

166 990 203 1027 in
232 991 369 1041 clypeo
390 991 540 1029 viderat
561 997 758 1042 gerentem
777 1005 786 1029 :
818 998 1025 1042 postquam
1045 1004 1136 1029 vero
1157 989 1301 1027 fuimus
1320 989 1397 1027 huc
1417 989 1549 1035 delati,
1569 990 1635 1027 tri-

168 1052 324 1098 dentem
357 1052 564 1103 inscripsit.
624 1052 734 1091 Cur?
763 1053 836 1090 nisi
869 1060 912 1090 ut
939 1053 1025 1090 liaec
1054 1066 1143 1090 eum
1167 1051 1367 1101 inscriptio
1387 1050 1636 1089 manifestum

166 1114 358 1160 redderet,
391 1115 470 1152 sive
499 1114 601 1152 hunc
628 1115 753 1153 hostis
788 1122 950 1165 peteret,
981 1115 1060 1152 si've
1089 1113 1154 1151 hic
1182 1114 1219 1151 in
1252 1113 1359 1150 illum
1384 1112 1634 1165 jacularetur.

168 1175 272 1219 Quid
288 1175 393 1226 quod
408 1175 497 1213 hinc
514 1176 629 1214 etiam
643 1176 730 1227 jure
744 1176 791 1214 de
812 1177 925 1214 hasta
945 1176 1086 1215 emissa
1100 1175 1361 1226 conjecturam
1377 1173 1489 1211 facio.
1531 1173 1635 1212 Nam

166 1237 204 1274 in
235 1237 300 1275 illa
326 1251 482 1288 quoque
505 1239 753 1289 perscriptum
778 1238 951 1282 dixerim,
974 1237 1130 1288 quando
1163 1250 1235 1274 nos
1258 1242 1363 1274 esset
1382 1235 1634 1286 proditurus:

165 1302 221 1339 sic
241 1301 341 1339 enim
363 1302 423 1339 hic
444 1302 518 1340 illis
546 1308 585 1339 et
604 1302 656 1340 illi
682 1302 771 1339 huic
792 1301 975 1347 vicissim,
992 1314 1079 1351 quae
1098 1300 1294 1345 volebant,
1314 1299 1390 1336 hoc
1419 1298 1532 1336 modo
1551 1298 1635 1335 sine

165 1363 316 1400 nunciis
337 1363 575 1401 indicabant.
635 1363 751 1401 Nunc
768 1363 881 1400 etiam
903 1362 980 1400 hoc
997 1363 1239 1413 perpendite.
1289 1361 1458 1399 Decreto
1475 1366 1634 1398 cautum

165 1425 266 1463 inter
285 1438 356 1462 nos
378 1432 475 1470 erat,
496 1432 550 1470 ut,
566 1425 596 1463 si
617 1425 703 1476 quis
724 1425 845 1462 telum
861 1424 908 1462 ab
925 1423 1100 1461 hostibus
1121 1424 1350 1474 accepisset,
1366 1421 1412 1459 ad
1432 1422 1634 1471 princepes

164 1486 348 1531 deferret,
370 1486 686 1536 quandoquidem
705 1498 776 1522 nos
798 1485 871 1522 illis
894 1497 971 1522 non
1001 1498 1103 1535 saepe
1125 1486 1292 1522 utimur:
1324 1490 1440 1533 atque
1461 1482 1525 1520 alii
1549 1482 1636 1532 qui-

164 1548 250 1586 dem
271 1547 361 1585 huic
380 1553 517 1598 parent
536 1547 736 1592 mandato,
755 1559 890 1585 verum
911 1546 988 1591 hic,
1008 1553 1215 1597 postquam
1237 1545 1313 1583 tela
1333 1545 1503 1595 quinque
1521 1557 1636 1581 exce·

163 1609 233 1660 pit,
248 1621 319 1646 nec
341 1608 460 1645 ullum
478 1607 527 1645 ad
544 1621 612 1645 vos
629 1607 781 1652 detulit,
796 1606 1037 1657 sagittarium
1060 1619 1101 1644 se
1118 1606 1308 1657 prodidit;
1342 1618 1459 1655 quare
1480 1604 1539 1642 vel
1559 1605 1635 1643 hac

164 1671 211 1707 de
231 1683 349 1708 causa
369 1669 504 1708 merito
525 1669 617 1706 mihi
639 1669 763 1718 capite
782 1667 1014 1718 plectendus
1035 1667 1226 1705 videatur.
1267 1665 1357 1703 Non
1378 1665 1464 1702 haec
1487 1678 1533 1702 ex
1554 1666 1635 1703 cal-

163 1732 242 1770 lida
263 1740 390 1770 mente
411 1738 640 1782 versutoque
663 1732 744 1782 ejus
764 1731 941 1776 consilio,
959 1730 1104 1775 Graeci,
1124 1730 1293 1780 prodire,
1310 1742 1398 1779 quae
1420 1728 1544 1778 ipsum
1566 1728 1634 1765 de-

163 1801 279 1832 ceant
298 1794 467 1839 minime,
480 1793 688 1843 cogitatis?
719 1794 821 1836 Quin
844 1793 920 1830 imo
934 1792 1039 1830 hunc
1060 1805 1187 1830 rerum
1201 1799 1420 1829 nostrarum
1437 1790 1634 1840 totiusque

162 1856 354 1893 exercitus
376 1862 518 1893 statum
532 1856 623 1894 huic
641 1862 757 1906 atque
773 1854 888 1906 hujus
905 1853 1054 1906 parenti
1071 1859 1275 1904 acceptum
1297 1853 1448 1892 docebo
1465 1852 1633 1890 referen-

162 1918 270 1964 dum,
287 1918 362 1956 nisi
384 1919 488 1969 quod
508 1918 682 1969 pluribus
703 1917 828 1955 verbis
850 1924 909 1954 est
928 1929 1041 1966 opus.

216 1982 254 2018 4.
285 1979 403 2018 Pater
434 1980 524 2018 huic
557 1993 704 2032 pauper
729 1986 800 2023 est,
829 1978 1022 2030 Nauplius
1055 1978 1223 2024 nomine,
1245 1981 1326 2014 arte
1351 1974 1534 2026 piscator.
1592 1976 1631 2014 Is

162 2041 387 2079 Graeeorum
410 2042 597 2092 plurimos
623 2041 671 2079 de
693 2041 821 2078 medio
845 2040 1016 2085 sustulit,
1037 2053 1130 2091 opes
1153 2039 1294 2077 multas
1318 2051 1338 2075 e
1358 2037 1521 2075 navibus
1543 2038 1632 2074 abs-

160 2103 260 2149 tulit,
280 2103 453 2154 plurimis
488 2103 630 2155 injuriis
662 2109 800 2140 nautas
826 2101 967 2147 affecit,
992 2101 1174 2152 omnique
1199 2107 1258 2138 est
1278 2098 1447 2137 versutia
1467 2098 1632 2150 plenus:

158 2165 198 2203 id
220 2165 325 2215 quod
356 2165 392 2202 in
428 2178 633 2216 progressu
665 2163 870 2209 sermonis,
897 2163 1055 2201 veritate
1084 2176 1210 2201 rerum
1239 2168 1435 2213 gestarum
1457 2161 1631 2210 cognita,

159 2225 401 2276 intelligetis.
442 2226 538 2264 Aleo
551 2227 691 2276 Tegeae
705 2225 900 2276 regi‚cum
921 2225 1096 2275 Delphos
1110 2224 1293 2268 venisset,
1315 2222 1495 2273 praedixit
1520 2222 1632 2268 deus,

157 2289 380 2339 quicunque
398 2302 444 2327 ex
465 2289 548 2340 ejus
569 2289 647 2327 filia
669 2294 892 2326 nasceretur
913 2300 1048 2338 nepos,
1069 2288 1117 2325 ab
1132 2288 1188 2325 'eo
1208 2286 1350 2324 liberos
1372 2285 1489 2336 ipsius
1512 2285 1630 2322 inter-

157 2357 327 2401 emptum
361 2350 419 2388 iri.
476 2351 563 2388 Hoc
603 2349 735 2388 audito
767 2349 971 2387 confestim
1004 2349 1161 2387 domum
1189 2359 1380 2392 reversuS,
1401 2346 1522 2384 Aleus
1554 2345 1631 2383 Mi-

157 2424 286 2449 nervae
302 2411 544 2450 sacerdotem
567 2411 661 2450 facit
679 2411 812 2458 filiam,
829 2417 865 2449 et
887 2418 1062 2455 mortem,
1083 2410 1113 2448 si
1134 2422 1306 2459 unquam
1329 2421 1417 2446 cum
1438 2408 1518 2445 viro
1547 2420 1628 2445 rem

157 2474 315 2519 habeat,
336 2474 615 2512 interminatur.
680 2473 780 2510 Cum
812 2479 939 2511 autem
966 2472 1158 2510 Hercules
1183 2470 1283 2508 Elim
1305 2469 1354 2507 ad
1383 2469 1557 2518 Augeam
1587 2468 1626 2506 in

155 2534 333 2586 proelium
355 2536 452 2573 forte
480 2534 747 2579 contenderet,
769 2535 817 2572 ab
838 2535 935 2573 Aleo
954 2535 991 2572 in
1013 2534 1098 2571 aede
1126 2532 1314 2570 Minervae
1335 2530 1503 2582 hospitio
1524 2531 1626 2568 acci-

155 2596 282 2647 pitur:
315 2603 353 2635 et
371 2597 503 2647 puella
523 2605 747 2648 conspecta,
761 2609 828 2647 per
845 2596 1068 2635 ebrietatem
1088 2608 1174 2633 cum
1191 2607 1237 2633 ea
1252 2593 1449 2631 miscetur.
1498 2592 1627 2643 Atque

157 2665 201 2696 ut
221 2671 304 2696 eam
327 2659 446 2697 Aleus
473 2659 670 2709 gravidam
691 2658 859 2703 rescivit,
878 2658 992 2708 hujus
1020 2663 1165 2707 patrem
1195 2654 1368 2698 arcessit,
1393 2666 1506 2704 quem
1537 2665 1624 2703 por·

157 2720 311 2758 titorem
334 2727 372 2757 et
403 2720 583 2759 callidum
613 2733 699 2759 esse
731 2725 991 2770 cognoverat;
1025 2719 1137 2769 eique
1160 2717 1276 2755 filiam
1298 2715 1622 2765 submergendam

157 2781 286 2819 tradit.
348 2781 421 2820 Hic
450 2783 541 2820 dum
562 2796 646 2821 eam
674 2782 846 2825 abducit,
868 2781 931 2818 illa
963 2780 1178 2830 Telephum
1201 2779 1238 2816 in
1260 2784 1389 2815 monte
1412 2776 1622 2814 Parthenio

156 2842 281 2893 parit:
313 2848 353 2880 et
371 2843 418 2880 ab
439 2842 523 2893 ipso
544 2843 699 2889 deinde,
721 2842 909 2892 neglectis
933 2841 1021 2878 Alei
1041 2839 1247 2884 mandatis,
1270 2851 1347 2876 una
1367 2851 1454 2875 cum
1477 2837 1623 2875 infante

158 2904 387 2942 Teuthranti
419 2904 557 2956 Mysiae
585 2906 664 2956 regi
695 2904 891 2942 venditur.
952 2903 987 2940 ls
1010 2915 1094 2940 cum
1118 2908 1323 2950 utrumque
1350 2900 1624 2951 perspexisset,

158 2968 298 3019 Augen
316 2967 387 3006 sibi
407 2980 563 3005 uxorem
581 2967 724 3018 jungit,
746 2974 783 3004 et
811 2966 929 3003 filium
952 2965 1165 3017 Telephum
1187 2963 1422 3017 appellatum
1447 2963 1621 3013 adoptat,

857 3029 877 3066 3
910 3040 934 3065 Τ
