1870 3277
696 215 808 253 PRO
838 213 1154 252 PALAMEDE.
1600 216 1677 252 515

211 317 319 363 Quid
332 317 439 368 quod
457 329 534 355 non
554 323 704 355 tantum
724 316 838 367 culpa
857 328 918 353 me
932 327 1084 360 vacare,
1101 314 1170 360 sed
1190 314 1305 352 etiam
1321 314 1476 365 egregie
1497 315 1546 353 de
1565 317 1675 354 vobis

217 386 257 417 et
267 378 416 416 Graecis
432 385 550 428 atque
567 378 664 416 adeo
677 377 830 416 cunctis
846 375 1085 422 mortalibus,
1101 376 1166 426 qui
1183 376 1339 425 quidem
1360 384 1580 427 sequentur,
1598 391 1680 415 me-

217 441 333 478 ritum
357 453 441 478 esse
469 439 644 485 dixerim,
671 451 745 476 nec
778 437 942 475 mentiar
968 450 1094 487 neque
1122 437 1288 474 refellar.
1345 438 1442 479 Quis
1463 439 1563 475 enim
1584 439 1681 477 alius

218 501 337 538 vitam
349 500 557 538 humanam
573 499 723 536 facilem
742 511 788 537 ex
803 497 964 543 difficili,
981 505 1157 535 ornatam
1174 510 1222 535 ex
1237 498 1414 535 inornata
1427 499 1684 537 reddidisset?

219 561 410 612 Equidem
431 567 470 598 et
489 560 584 598 aciei
603 560 755 597 bellicae
769 559 956 597 rationem
970 559 1107 609 reperi,
1123 572 1202 597 rem
1219 571 1295 597 non
1312 560 1417 609 parvi
1433 562 1629 607 momenti,
1646 568 1685 599 et

220 621 328 671 leges
349 620 529 671 scriptas,
543 620 706 671 justitiae
724 619 917 665 custodes,
938 626 978 658 et
997 620 1138 665 literas,
1161 620 1457 658 instrumentum
1477 623 1683 668 memoriae,

218 688 258 720 et
270 694 469 720 mensuras
485 689 600 731 atque
613 680 798 731 pondera,
810 680 942 719 faciles
957 687 1225 719 contractuum
1237 682 1410 728 arbitros,
1420 689 1459 719 et
1471 696 1687 729 numerum,

219 756 338 795 opum
355 743 575 788 custodem,
589 749 626 779 et
640 742 760 788 faces,
777 741 944 792 optimos
961 755 1006 781 ae
1019 742 1241 781 celerrimos
1255 743 1435 788 nuncios,
1448 750 1487 781 et
1498 744 1687 791 calculos,

221 804 288 843 otii
317 816 472 842 suavem
505 816 633 842 usum.
697 803 777 840 Cur
800 803 914 853 igitur
940 803 1024 840 haec
1043 802 1153 841 vobis
1175 803 1212 840 in
1240 805 1461 842 memoriam
1489 805 1688 843 revocavi?

220 865 312 902 Non
332 872 412 903 tam
428 864 531 915 quod
551 864 611 902 his
627 877 704 902 non
723 878 808 902 esse
822 864 1012 910 deditum,
1028 877 1144 916 quam
1165 866 1270 915 quod
1287 879 1310 904 a
1322 866 1498 917 turpibus
1520 874 1558 904 et
1579 868 1689 906 malis

219 928 335 965 rebus
351 940 411 964 me
434 934 624 965 semotum
646 940 732 965 esse
753 927 922 965 indicare
942 927 1102 966 vellem:
1135 939 1225 964 narn
1243 928 1308 978 qui
1324 928 1390 966 illa
1410 935 1532 975 curet,
1553 929 1583 966 is
1603 929 1689 968 haec

222 1000 381 1026 necesse
411 994 472 1025 est
502 987 690 1038 negligat.
760 988 848 1026 Hoc
875 994 1004 1026 autem
1032 988 1203 1039 postulo,
1240 989 1270 1026 si
1304 1002 1496 1041 nusquam
1524 1003 1593 1028 vos
1614 1003 1689 1041 ego

225 1048 324 1094 laesi,
354 1061 401 1086 ne
422 1062 445 1086 a
463 1049 572 1087 vobis
594 1049 685 1086 item
707 1049 790 1100 ipse
810 1048 942 1087 laedar.
993 1050 1095 1087 Nam
1116 1063 1187 1088 nec
1205 1050 1244 1088 in
1264 1049 1348 1089 aliis
1368 1051 1536 1101 negotiis
1556 1051 1609 1089 ita
1630 1065 1690 1090 me

226 1123 332 1160 gero,
368 1117 413 1147 ut
443 1110 504 1148 vel
532 1109 706 1161 juniores
733 1110 793 1149 vel
822 1110 994 1148 seniores
1021 1111 1112 1148 mihi
1137 1124 1277 1149 nocere
1307 1112 1479 1162 cupiant.
1535 1113 1691 1151 Etenim

226 1171 384 1209 senibus
404 1184 488 1209 sum
510 1184 586 1210 non
609 1171 858 1222 injucundus,
882 1172 1092 1223 juvenibus
1115 1184 1192 1210 non
1213 1172 1379 1216 inutilis3
1410 1173 1588 1212 felicibus
1612 1187 1690 1211 non

224 1233 399 1278 odiosus,
427 1246 520 1284 erga
540 1233 700 1272 miseros
725 1233 964 1278 misericors3
995 1247 1066 1272 nec
1086 1241 1352 1285 paupertatem
1375 1235 1609 1286 despiciens,
1626 1244 1693 1274 aut

225 1307 318 1345 opes
332 1294 454 1345 pluris
474 1307 589 1344 quam
608 1295 787 1333 virtutem
803 1295 970 1339 faciens3
1004 1309 1075 1334 nec
1094 1297 1133 1333 in
1148 1296 1318 1333 consiliis
1335 1296 1544 1347 imperitus,
1561 1310 1634 1335 nec
1653 1298 1693 1335 in

225 1357 368 1407 praeliis
399 1357 562 1407 ignavus
590 1363 658 1394 aut
688 1363 910 1395 contumax.
973 1358 1051 1395 Sed
1080 1371 1157 1396 non
1184 1371 1245 1396 me
1273 1358 1387 1396 decet
1406 1372 1512 1397 meas
1534 1360 1694 1398 recitare

225 1417 389 1461 laude53
420 1418 489 1455 nisi
505 1418 609 1467 quod
628 1417 714 1455 haec
732 1425 908 1469 tempora
926 1431 1000 1464 me,
1017 1419 1230 1470 praesertim
1246 1427 1484 1468 accusatum,
1499 1421 1694 1460 defensio-

226 1491 314 1516 nem
335 1483 482 1528 cogunt
500 1478 716 1515 instituere.

281 1542 318 1577 8.
350 1539 561 1589 Reliquum
587 1545 662 1586 est,
685 1545 728 1576 ut
745 1539 794 1577 de
815 1539 923 1577 vobis
944 1540 994 1577 ad
1014 1553 1083 1577 vos
1111 1540 1230 1577 verba
1250 1540 1402 1586 faciam,
1423 1541 1562 1590 quibus
1585 1543 1697 1581 abso-

228 1600 318 1638 lutis
339 1599 576 1638 defendendi
596 1600 712 1637 finem
729 1606 910 1637 statuam.
970 1600 1032 1637 Ac
1049 1600 1311 1638 misericordia
1331 1601 1487 1650 quidem
1505 1609 1544 1640 et
1563 1616 1697 1653 preces

229 1668 345 1712 atque
367 1661 579 1699 amicorum
602 1661 839 1711 deprecatio,
861 1674 950 1698 cum
975 1661 1083 1711 vulgi
1103 1668 1161 1699 est
1177 1661 1380 1712 judicium,
1396 1676 1509 1700 usum
1530 1663 1695 1704 habent:

230 1730 270 1761 at
289 1723 397 1760 vobis
419 1722 646 1760 Graecorum
666 1722 904 1773 principibus
925 1735 1000 1760 non
1023 1723 1233 1761 amicorum
1254 1724 1405 1761 auxiliis
1428 1738 1499 1762 nec
1521 1726 1697 1775 precibus

229 1790 296 1822 aut
315 1784 578 1822 misericordia
595 1784 908 1835 persuadendum
932 1790 1005 1830 est,
1022 1797 1153 1822 verum
1170 1785 1382 1836 justissime
1400 1786 1595 1824 declarata
1615 1788 1697 1826 sine

229 1846 366 1883 fraude
385 1845 547 1884 veritate
567 1846 712 1884 crimen
732 1845 807 1884 hoc
826 1845 1083 1884 evadendum,
1136 1847 1226 1884 Jam
1246 1860 1315 1885 vos
1336 1860 1413 1885 non
1434 1849 1549 1885 verba
1571 1849 1699 1899 potius

195 1935 197 1938 -
231 1913 517 1959 oportetquam
538 1920 598 1945 res
627 1907 839 1954 attendere,
862 1921 932 1945 nec
960 1907 1253 1958 probationibus
1282 1921 1506 1959 praeponere
1526 1909 1699 1957 crimina,

228 1982 354 2020 neque
367 1970 548 2020 exiguum
569 1976 721 2020 tempus
738 1968 857 2020 longo
873 1969 1084 2020 sapientius
1099 1970 1368 2021 judicaturum
1384 1971 1553 2016 credere,
1572 1985 1698 2023 neque

229 2030 435 2069 calumniae
455 2030 541 2081 plus
559 2042 674 2080 quam
697 2030 943 2081 experientiae
959 2030 1049 2068 fidei
1063 2031 1218 2069 habere.
1276 2031 1334 2070 Ut
1352 2032 1453 2069 enim
1468 2033 1645 2071 omnibus
1660 2034 1700 2071 in

232 2091 350 2129 rebus
369 2090 439 2128 viri
465 2091 555 2128 boni
574 2091 739 2129 maxime
768 2097 908 2129 cavent
938 2104 1118 2137 errorem,
1140 2092 1191 2130 ita
1212 2092 1251 2129 in
1270 2091 1317 2130 iis
1346 2106 1434 2143 quae
1461 2094 1611 2131 restitui
1631 2107 1700 2132 ne-

231 2158 382 2203 queunt
411 2152 526 2190 etiam
553 2152 703 2203 magis:
727 2165 818 2190 nam
847 2152 934 2190 haec
966 2160 1004 2190 et
1023 2153 1269 2204 providentia
1300 2160 1466 2204 possunt
1492 2155 1639 2205 evitari,
1660 2162 1701 2194 et

231 2213 460 2266 poenitentia
492 2214 618 2252 curari
653 2221 867 2265 nequeunt.
924 2215 1018 2252 Tale
1046 2228 1160 2266 porro
1179 2221 1254 2264 est,
1274 2228 1363 2253 cum
1385 2215 1546 2267 alicujus
1568 2223 1699 2266 caput,

231 2283 275 2314 ut
295 2289 399 2314 nunc
421 2276 523 2326 apud
540 2288 622 2322 vos,
643 2276 783 2326 agitur.
854 2275 1006 2320 Quodsi
1035 2289 1128 2326 ergo
1148 2276 1275 2314 verbis
1304 2283 1440 2327 posset
1459 2289 1553 2327 pura
1573 2290 1700 2315 rerum

231 2337 373 2376 veritas
389 2338 628 2376 auditoribus
649 2345 782 2389 aperta
802 2338 925 2383 reddi,
941 2338 1056 2377 facile
1076 2345 1182 2376 esset
1200 2339 1414 2376 secundum
1431 2352 1475 2376 ea
1490 2352 1576 2389 quae
1597 2340 1701 2378 dicta

234 2407 325 2437 sunt
339 2399 537 2451 judicare:
567 2399 748 2450 quoniam
769 2406 898 2437 autem
918 2399 1029 2438 aliter
1050 2412 1091 2438 se
1111 2413 1173 2437 res
1193 2399 1321 2444 habet,
1337 2412 1478 2451 corpus
1495 2413 1622 2438 meum
1643 2414 1703 2439 as-

239 2467 406 2506 servate,
427 2460 584 2511 longius
615 2466 840 2511 exspectate
873 2467 1037 2511 tempus,
1061 2473 1106 2499 ac
1134 2474 1222 2498 vere
1240 2461 1430 2511 judicate.
1501 2461 1601 2499 Nam
1629 2475 1698 2500 vos

235 2521 395 2572 quidem
425 2534 585 2559 necesse
612 2521 892 2572 propemodum
912 2522 997 2567 erit,
1015 2521 1046 2559 si
1066 2533 1134 2559 vos
1155 2521 1308 2572 iniquos
1329 2522 1582 2573 praebueritis,
1602 2522 1700 2560 infa-

235 2583 352 2620 miam
373 2595 461 2620 cum
492 2582 614 2633 gloria
644 2590 898 2621 commutare.
956 2584 1009 2620 At
1036 2583 1231 2621 infamiam
1252 2583 1319 2621 viri
1340 2584 1449 2635 probi
1470 2592 1590 2621 morte
1612 2597 1701 2635 gra-

238 2641 381 2679 viorem
411 2643 588 2681 ducunt:
625 2643 687 2681 cui
714 2643 799 2682 haec
829 2644 958 2688 finem,
979 2643 1046 2681 illa
1065 2645 1239 2681 morbum
1272 2644 1467 2683 conciliat.
1525 2645 1643 2687 Quod
1671 2645 1703 2683 si

238 2715 301 2739 me
322 2702 462 2752 injuste
493 2704 723 2751 occideritis,
745 2705 782 2743 id
804 2705 981 2742 omnibus
1000 2705 1246 2743 manifestum
1268 2705 1353 2743 fiet:
1386 2718 1474 2743 nam
1493 2712 1533 2744 et
1553 2719 1627 2757 ego
1646 2707 1701 2744 in-

238 2776 396 2808 nocenS
417 2769 456 2800 et
475 2772 602 2803 vestra
619 2766 719 2804 inter
733 2779 866 2804 omnes
887 2765 1045 2804 Graecos
1059 2766 1128 2804 erit
1143 2766 1278 2804 nobilis
1295 2774 1409 2817 atque
1425 2768 1529 2805 clara
1544 2768 1700 2806 malitia.

241 2824 345 2868 Quid
357 2823 463 2874 quod
483 2825 591 2864 vobis
611 2834 732 2865 totum
752 2828 970 2878 imponetur
984 2827 1180 2878 injustitiae
1196 2828 1352 2874 crimen,
1367 2841 1444 2866 non
1461 2830 1699 2867 accusatori:

240 2885 430 2935 siquidem
441 2885 667 2936 vosjudicio
680 2889 796 2927 finem
811 2888 992 2926 statuitis.
1015 2888 1154 2939 Neque
1167 2902 1255 2927 vero
1268 2892 1390 2938 majus
1406 2890 1528 2927 ullum
1545 2891 1701 2941 possitis

242 2947 478 2986 committere
503 2955 718 2999 peccatum.
791 2950 1116 3001 Quandoquidem
1149 2964 1226 2990 non
1257 2952 1295 2989 in
1325 2965 1385 2991 mc
1413 2958 1561 2991 tantum
1582 2959 1619 2990 et
1640 2965 1705 3003 pa-
