1870 3277
298 162 374 196 322
962 161 1079 198 lsAEI

296 260 548 298 hereditatem
577 260 710 312 Pyrrhi
740 262 775 299 in
807 269 997 313 potestate
1030 262 1176 308 habuit,
1199 269 1263 300 aut
1290 276 1455 313 quonam
1486 277 1572 301 cum
1602 264 1739 301 comite

293 332 408 374 atque
435 330 533 361 teste
562 336 795 374 congressus
824 338 911 363 cum
941 325 1093 370 herede,
1114 324 1162 361 de
1188 324 1277 361 dote
1308 325 1425 362 sorori
1449 324 1642 362 reddenda
1659 337 1744 362 cum

294 384 359 422 illo
384 384 524 422 herede
549 385 646 422 intra
669 394 744 422 tarn
771 385 1023 436 longinquum
1050 393 1199 434 tempus
1227 386 1538 436 expostulaverit.
1595 386 1741 423 Horum

293 446 424 495 itaque
455 446 622 482 omnium
650 460 716 483 cur
741 446 832 482 nihil
861 446 1004 484 factum
1033 446 1095 491 sit,
1122 446 1282 483 libenter
1310 460 1355 483 ex
1387 459 1432 483 eo
1460 453 1674 496 perconter,
1697 459 1744 483 ea

294 520 410 559 super
428 508 588 546 muliere
614 522 700 559 quae
725 508 893 558 legitime
920 509 1069 546 dicatur
1094 509 1242 546 elocata
1269 508 1384 545 fuisse
1403 530 1454 535 —-
1473 520 1562 545 nam
1587 508 1641 545 sic
1662 521 1684 545 a
1702 520 1743 545 se

293 581 460 608 sororem
487 570 634 620 Pyrrho
661 570 848 607 elocatam
877 570 995 608 fuisse
1022 570 1255 608 Nicodemus
1282 570 1343 607 hic
1370 577 1529 607 testatus
1551 575 1610 606 est
1623 591 1688 615 ——‚
1707 576 1747 606 et

292 640 489 682 praeterea,
509 646 597 670 num
614 632 699 682 quis
721 631 848 670 adhuc
868 633 964 670 alius
984 645 1147 671 sororem
1166 633 1248 684 ejus
1263 633 1298 670 in
1317 631 1552 669 matrimonio
1570 631 1746 668 habuerit

293 707 449 732 uxorein
468 695 537 731 sibi
560 695 627 731 rite
648 695 893 744 desponsam,
913 694 992 731 sive
1008 694 1072 731 ille
1093 708 1190 732 unus
1212 701 1271 732 est
1290 707 1336 731 ex
1354 706 1482 730 eorum
1505 703 1664 729 numero
1679 691 1744 740 qui

292 755 450 793 muliere
479 755 545 793 illa
574 755 807 793 familiariter
828 755 886 792 usi
907 762 1010 801 sunt,
1030 763 1232 805 antequam
1255 754 1464 792 avunculus
1490 760 1618 791 noster
1644 753 1742 790 noti-

292 816 383 854 tiam
405 830 491 855 cum
514 830 559 854 ea
579 817 837 863 contraheret,
857 817 935 855 sive
956 830 1002 854 ex
1023 830 1153 854 eorum
1176 818 1239 867 qui
1263 816 1452 854 avunculo
1478 828 1565 852 cum
1587 827 1633 851 ea
1652 826 1744 851 con-

291 887 496 917 suescente
512 880 704 917 mulierem
716 879 1022 929 frequentarunt,
1033 880 1112 916 sive
1124 879 1289 928 denique
1301 891 1427 916 eorum
1442 878 1502 926 qui
1517 875 1709 914 avunculo
1721 889 1742 912 e

289 942 383 979 vivis
395 942 546 979 sublato
562 954 629 977 usu
644 942 776 978 crebro
789 941 982 990 cognitam
998 947 1112 989 atque
1128 940 1289 977 amicam
1304 952 1386 975 eam
1403 938 1636 975 habuerunt:
1654 949 1743 974 con-

290 1010 368 1040 stat
381 1004 494 1047 enini,
511 1003 541 1040 si
556 1003 689 1039 horum
706 1002 886 1052 cuiquam
902 1002 968 1038 rite
984 1002 1179 1052 desponsa
1194 1001 1276 1043 fuit,
1290 1013 1373 1037 eam
1391 1011 1519 1035 eorum
1535 998 1742 1047 unicuique

291 1064 514 1101 conditione
537 1063 673 1102 eadem
696 1063 883 1101 elocatam
897 1063 1013 1100 fuisse
1034 1076 1057 1100 a
1077 1062 1191 1100 fratre
1206 1074 1283 1111 qua
1303 1060 1492 1098 avunculo
1508 1065 1637 1096 nostro
1657 1058 1742 1103 fuit,

287 1126 318 1162 si
351 1126 423 1163 fuit
453 1138 637 1176 unquam.
724 1125 813 1162 Non
844 1124 1033 1162 modicum
1062 1124 1152 1161 mihi
1183 1124 1315 1161 datum
1347 1121 1444 1159 foret
1473 1120 1682 1171 negotium,
1710 1119 1741 1157 si

287 1187 335 1224 de
363 1187 496 1224 horum
525 1186 694 1224 omnium
715 1186 778 1236 qui
801 1186 964 1223 mulieris
994 1186 1103 1223 amici
1132 1198 1301 1235 unquam
1329 1184 1482 1220 fuerunt
1508 1193 1743 1232 unoquoque

286 1249 480 1299 sigillatim
514 1261 704 1299 exponere
738 1261 895 1285 necesse
924 1247 1052 1284 fuerit.
1109 1246 1258 1289 Quodsi
1285 1258 1376 1295 ergo
1401 1257 1465 1281 vos
1484 1243 1666 1295 jubeatis,
1691 1241 1739 1279 de

284 1311 516 1362 quibusdam
534 1322 664 1348 eorum
688 1324 709 1348 a
729 1323 788 1347 me
809 1310 1037 1347 mentionem
1055 1309 1147 1353 fieri,
1163 1307 1325 1345 faciam:
1357 1306 1411 1344 sin
1428 1313 1553 1343 autem
1571 1312 1737 1342 vestrum

284 1373 514 1424 quibusdam
549 1372 712 1424 perinde
745 1373 904 1410 insuave
934 1373 984 1409 sit
1016 1371 1144 1409 audire
1177 1369 1389 1407 istiusmodi
1422 1367 1738 1418 narratiunculaS,

284 1442 397 1484 atque
419 1434 510 1471 mihi
530 1440 591 1471 est
610 1434 647 1471 in
667 1434 711 1471 iis
732 1434 903 1471 oratione
924 1432 1080 1476 versari,
1104 1432 1187 1469 sola
1206 1432 1312 1469 vobis
1333 1430 1520 1468 exhibebo
1542 1427 1739 1466 recitanda

281 1496 501 1533 testimonia
531 1508 645 1544 super
663 1495 734 1532 hac
753 1495 912 1532 muliere
932 1494 967 1530 in
990 1493 1112 1543 priore
1135 1493 1284 1530 actione
1304 1492 1421 1536 dicta,
1442 1503 1599 1541 quorum
1628 1489 1736 1526 testi-

280 1557 490 1594 moniorum
514 1556 684 1593 omnium
713 1556 750 1593 in
775 1555 922 1593 nullum
951 1554 988 1591 hi
1017 1555 1100 1591 ausi
1129 1564 1218 1591 sunt
1247 1553 1502 1603 [Nicodemus
1528 1558 1622 1602 puta
1648 1563 1736 1588 curn

281 1618 448 1656 factione
478 1616 564 1665 sua]
593 1616 773 1654 falsitatis
801 1616 991 1654 actionem
1018 1615 1217 1652 instruere.
1276 1614 1394 1664 Atqui
1420 1613 1498 1650 fieri
1522 1613 1585 1663 qui
1605 1612 1736 1662 possit,

282 1688 324 1717 ut
344 1680 412 1717 rite
433 1679 625 1730 desponsa
639 1679 821 1730 cuiquam
844 1685 957 1728 atque
977 1678 1130 1715 elocata
1145 1677 1318 1714 videatur
1335 1689 1381 1714 ea
1400 1675 1546 1719 mulier,
1566 1687 1680 1725 quam
1698 1674 1737 1711 hi

279 1741 356 1792 ¹ipsi
376 1740 768 1778 confitenturvvolenti
784 1740 921 1790 cuique
941 1738 1135 1789 patuisse?
1176 1738 1290 1781 Quod
1310 1737 1408 1774 enim
1431 1735 1648 1773 testimonia
1665 1735 1737 1772 hac

281 1802 366 1854 ipsa
385 1802 433 1839 de
454 1815 494 1839 re
516 1802 622 1840 dicta
646 1801 820 1839 falsitatis
847 1801 998 1839 actione
1024 1799 1211 1849 persecuti
1237 1812 1312 1836 non
1341 1805 1445 1843 sunt,
1465 1810 1509 1835 eo
1534 1797 1618 1847 ipso
1645 1809 1737 1834 con-

281 1863 372 1901 fessi
399 1869 490 1900 sunt
516 1862 711 1900 mulierem
741 1875 880 1913 corpus
901 1861 1081 1912 vulgasse
1106 1861 1271 1910 ideoque
1294 1861 1362 1898 rite
1384 1860 1618 1910 desponsam
1640 1871 1738 1895 nun-

279 1937 396 1975 quam
428 1925 561 1962 fuisse.
620 1924 717 1967 Quae
750 1923 967 1961 testimonia
996 1923 1059 1960 ubi
1086 1935 1153 1960 vos
1180 1934 1336 1972 quoque
1363 1920 1571 1965 audieritis,
1591 1933 1737 1970 cogno-

281 1986 398 2024 scetis
414 1993 453 2023 et
469 1985 724 2023 Nicodemum
740 1985 1000 2022 testimonium
1015 1983 1156 2021 dixisse
1173 1990 1301 2034 aperte
1317 1990 1354 2019 et
1369 1982 1569 2019 manifeste
1584 1981 1738 2026 falsum,

279 2053 318 2084 et
336 2046 543 2098 superioris
565 2046 725 2084 actionis
740 2046 890 2098 judices
910 2059 1063 2096 aequam
1077 2045 1230 2096 jurique
1246 2051 1541 2082 consentaneam
1563 2057 1733 2095 pronun-

280 2107 403 2145 ciasse
424 2107 651 2145 sententiam
675 2107 712 2144 in
728 2107 827 2145 hanc
847 2108 1060 2151 formulam,
1078 2107 1328 2144 hereditatem
1349 2106 1495 2144 mulieri
1514 2106 1618 2144 haud
1637 2105 1734 2156 legi-

279 2171 370 2208 time
391 2178 491 2208 natae
507 2185 584 2209 non
602 2177 833 2221 competere.
891 2170 1030 2208 Recita
1051 2177 1105 2214 tu,
1122 2178 1164 2207 tu
1184 2176 1311 2207 autem
1331 2168 1457 2206 inhibe
1476 2168 1732 2220 clepsydram.

826 2282 1185 2330 TESTIMONIA.

277 2361 395 2405 Quod
416 2374 507 2413 ergo
528 2360 704 2398 meretrix
723 2359 867 2397 volenti
893 2360 1033 2409 cuique
1059 2360 1239 2404 obnoxia,
1260 2372 1337 2397 non
1365 2364 1493 2396 autern
1519 2370 1614 2395 uxor
1638 2357 1732 2408 legi-

277 2423 369 2461 tima
388 2422 507 2460 nostri
528 2420 721 2466 avunculi,
735 2420 850 2458 fuerit
869 2433 916 2458 ea
933 2421 1083 2465 mulier,
1100 2435 1215 2471 quam
1235 2421 1295 2459 hic
1317 2419 1590 2471 [Nicodemus]
1610 2426 1730 2457 testa-

276 2493 338 2522 tus
360 2491 419 2522 est
439 2497 461 2521 a
482 2497 522 2522 se
536 2483 589 2521 illi
610 2482 777 2534 legitime
793 2481 1021 2533 desponsam
1043 2489 1158 2532 atque
1177 2483 1363 2520 elocatam
1383 2481 1515 2527 fuisse,
1530 2481 1577 2519 de
1594 2483 1730 2528 eojam

276 2552 429 2584 constat
456 2545 563 2582 vob'rs
593 2556 683 2582 cum
714 2556 735 2581 e
761 2542 987 2581 testimoniis
1022 2543 1250 2594 reliquorum
1281 2543 1576 2595 propinquorum
1605 2550 1687 2579 tum
1711 2556 1733 2580 e

275 2606 486 2645 vicinorum
506 2607 571 2656 qui
591 2605 681 2643 olim
701 2604 849 2655 Pyrrho
868 2604 1042 2647 fuerunt3
1077 2618 1182 2642 nunc
1204 2612 1332 2643 autem
1359 2601 1489 2641 testati
1514 2609 1604 2640 sunt
1631 2603 1731 2641 rixas

268 2680 501 2719 pugnasque
531 2667 683 2704 crebras
712 2678 734 2703 a
761 2679 801 2704 se
822 2666 920 2704 visas
947 2665 1176 2716 auditasque
1204 2679 1289 2704 esse
1316 2672 1354 2703 et
1379 2664 1670 2703 comissationes
1693 2673 1732 2704 et

275 2727 525 2780 petulantiam
538 2726 812 2771 incredibilem,
824 2727 937 2765 toties
951 2727 1099 2777 quoties
1114 2726 1198 2764 haec
1213 2725 1474 2774 mulier'hujus
1490 2725 1729 2776 [Nicodemi]

270 2802 382 2827 *soror
413 2802 532 2840 penes
559 2802 647 2827 eum
679 2787 903 2839 [Pyrrhum]
935 2794 1048 2826 esset.
1111 2788 1231 2838 Atqui
1263 2801 1374 2826 nemo
1405 2787 1518 2825 facile
1550 2787 1651 2825 ausit
1680 2787 1729 2825 a‘d

272 2857 467 2888 matronas
500 2850 566 2887 rite
602 2849 800 2887 maritatas
831 2849 1153 2888 comissabundus
1188 2848 1396 2893 accedere:
1434 2861 1560 2899 neque
1592 2861 1727 2886 uxores

270 2913 427 2950 maritos
448 2912 496 2950 ad
515 2911 690 2949 convivia
705 2912 949 2960 comitantur,
966 2926 1088 2962 neque
1109 2913 1416 2963 compotantibus
1437 2912 1609 2951 assident
1628 2912 1725 2950 inter
