1870 3277
695 177 954 215 EPISTOLA
985 178 1053 214 Vl.
1518 179 1595 215 293

155 291 313 329 rumque
341 279 472 317 amicis
499 293 574 317 non
604 280 848 331 perspiciunt,
867 280 1047 330 idemque
1072 279 1146 318 illis
1171 281 1298 318 evenit
1324 281 1426 331 quod
1451 281 1508 319 his
1530 282 1593 332 qui

155 341 372 391 turpissima
398 348 435 378 et
460 340 622 378 maxime
647 341 791 379 nefaria
818 341 990 378 facinora
1019 340 1240 379 moliuntur.
1305 342 1363 378 llli
1392 342 1506 389 enim,
1528 343 1595 380 etsi

156 413 279 438 rerum
308 402 532 452 pravitatem
554 414 629 440 non
657 403 844 453 ignorant,
863 407 991 439 tamen
1013 401 1049 438 id
1072 402 1263 439 commodi
1283 403 1385 453 quod
1405 403 1477 441 illis
1496 404 1597 442 inest

156 468 401 513 excerpturos
433 476 473 501 se
507 469 675 513 sperant,
696 462 875 514 periculis
905 469 943 500 et
971 462 1080 500 malis
1111 463 1289 501 omnibus
1320 476 1405 514 quae
1434 478 1521 502 cum
1552 466 1597 504 iis

155 523 268 560 rebus
291 524 471 575 conjungi
492 524 618 562 solent
637 523 802 569 evitatis,
823 536 982 575 eamque
999 524 1047 561 de
1068 537 1107 561 se
1127 524 1215 575 ipsis
1238 525 1419 562 rationem
1441 525 1597 564 inituros

157 592 198 622 ut
217 593 255 623 et
275 599 295 623 a
315 586 532 624 discrimine
552 585 655 624 omui
672 585 748 623 sint
765 585 1005 623 remotissimi
1024 593 1061 623 et
1081 586 1306 624 utilitatibus
1328 587 1500 638 proximi.
1558 588 1597 624 Si

157 648 219 697 qui
241 648 355 698 igitur
374 650 426 687 ita
446 649 630 695 sentiunt,
650 647 734 686 illos
754 660 827 698 ego
848 661 917 686 sua
938 649 1113 686 socordia
1130 650 1264 687 beatos
1288 662 1374 687 esse
1399 649 1511 687 facile
1530 663 1596 700 pa—

157 711 246 754 tim-3
267 723 327 748 me
342 723 431 747 vero
450 710 610 761 puderet
624 709 705 748 aliis
718 709 954 754 suadentem,
972 709 1045 748 illis
1058 710 1255 760 neglectis,
1274 724 1399 748 meum
1416 724 1597 762 compen-

157 772 258 808 dium
278 778 463 822 speetare‚
476 785 548 810 nec
563 771 770 823 repudiatis
790 778 828 808 et
846 772 1057 809 commodis
1078 779 1116 809 et
1133 773 1279 810 caeteris
1296 774 1408 810 rebus
1422 773 1598 811 omnibus

158 841 198 869 ut
219 846 240 869 a
266 846 325 870 me
355 832 486 871 alienis
514 832 714 870 utilissima
744 833 965 884 praecipere.
1025 833 1121 871 Mihi
1150 834 1266 884 igitur
1294 834 1597 873 sic-auscultetis

155 882 278 939 velini,
293 902 334 932 ut
352 907 411 932 me
430 895 504 933 hoe
524 907 609 933 esse
630 896 757 933 animo
773 907 849 933 non
871 894 1067 933 dubitetis.
