1870 3277
519 179 590 216 DE
622 179 829 217 PYRRHI
860 177 1216 217 HEREDITATE.
1509 176 1584 211 325

154 281 377 332 Dionysium
396 279 642 318 Erchiensem
655 285 694 316 et
709 277 988 316 Aristolochum
1004 275 1249 313 AEthalidern.
1304 276 1402 311 Cum
1416 273 1476 312 bis
1494 273 1587 310 duo·
1603 292 1606 296 ·

154 346 224 382 bus
247 345 353 381 aiunt
377 343 414 380 hi
435 343 687 393 [Nicodemus
716 355 803 379 cum
829 338 1008 387 factione]
1030 338 1241 375 Xenoclem
1261 337 1297 374 in
1317 339 1410 374 urbe
1429 336 1586 374 extesti-

154 406 320 442 monium
342 404 411 441 sibi
431 404 510 441 dari
529 416 698 442 curasse.
756 400 986 452 Hujusmodi
1013 405 1101 437 sunt
1128 411 1258 436 eorum
1282 411 1404 436 mores
1423 404 1462 435 et
1483 397 1588 435 insti-

155 473 262 508 tuta;
294 465 431 515 quibus
456 477 567 502 nemo
593 463 705 501 facile
731 462 809 498 ulla
832 460 906 498 alia
930 461 968 497 in
993 473 1033 497 re
1051 471 1277 510 quacunque
1297 458 1450 495 tandem
1476 458 1590 495 fidem

157 526 347 563 adhibeat.
403 525 455 562 At
471 525 618 562 medius
638 523 751 561 fidius
770 522 852 560 leve
871 522 960 572 quid
981 529 1060 559 erat
1081 527 1195 570 atque
1213 519 1388 556 frivolum
1408 517 1461 563 id,
1482 518 1590 568 cujus

156 600 272 624 causa
292 586 481 624 Xenocles
501 587 560 634 (ut
577 585 614 622 hi
635 585 756 631 aiunt)
774 583 1080 621 extestimonium
1097 595 1119 619 a
1139 580 1318 632 Pyretide
1337 581 1534 631 poscebat,
1551 586 1594 616 ut

158 648 368 685 mirandum
386 647 438 684 nil
454 648 501 684 sit
514 648 560 683 ab
573 659 618 683 eo
633 658 709 682 rem
726 646 836 682 istam
852 652 959 682 tanta
975 658 1061 682 curn
1075 643 1248 681 socordia
1262 650 1374 692 atque
1391 640 1594 691 supinitate

159 718 281 747 actam
308 708 422 747 esse?
475 706 595 757 Atqui
615 706 706 744 levis
728 714 766 744 et
786 706 917 744 frivola
936 706 1016 743 haec
1036 719 1096 743 res
1116 705 1194 756 qui,
1212 716 1358 755 quaeso,
1378 703 1444 740 erit
1465 702 1513 747 ei,
1533 701 1594 739 cui

159 771 196 807 in
217 771 288 807 hoc
304 771 388 820 ipso
407 775 616 806 verteretur
640 767 756 805 cardo
776 767 993 804 certaminis
1014 767 1110 818 ejus,
1131 766 1234 817 quod
1254 764 1415 802 Xenocli
1435 763 1482 801 de
1497 762 1596 800 falso

160 832 262 869 dicto
291 830 507 868 testimonio
536 828 757 866 certandum
788 828 873 872 fuit,
901 836 1028 866 utrum
1057 841 1151 865 uxor
1177 840 1248 865 sua
1272 826 1399 877 spuria
1427 838 1446 863 e
1471 831 1597 863 scorto

162 900 249 931 nata
268 906 315 929 an
336 892 415 929 filia
433 891 601 941 legitima
618 890 751 941 Pyrrhi
766 903 786 927 e
802 898 921 927 matre
937 890 1095 927 familias
1110 889 1272 926 honesto
1289 887 1403 925 modo
1419 892 1599 936 suscepta

161 954 287 993 esset?
335 955 442 991 Itane
462 966 550 990 vero
572 952 619 989 ad
640 952 896 990 testimonium
915 953 987 989 hac
1003 952 1049 989 de
1064 965 1116 996 re,
1135 951 1164 988 si
1181 963 1308 988 verum
1323 949 1459 987 fuisset
1477 960 1615 998 neque-

161 1015 625 1064 commentitium,paucos
639 1014 822 1064 quosdam
836 1021 873 1051 et
889 1014 1032 1052 alienos
1044 1013 1213 1051 homines
1228 1020 1265 1050 et
1283 1024 1357 1049 non
1371 1011 1496 1062 potius
1515 1010 1604 1047 ami-

163 1091 230 1116 cos
254 1068 367 1127 atque
393 1076 596 1113 familiares
622 1075 878 1113 advocasset?
927 1076 1079 1125 Utique,
1099 1075 1152 1112 ita
1175 1088 1234 1112 me
1261 1074 1355 1111 deus
1381 1080 1495 1117 amet,
1514 1085 1600 1109 vere

164 1140 305 1177 factum
326 1137 363 1174 id
384 1137 414 1174 si
434 1137 580 1181 fuisset,
601 1137 703 1187 quod
731 1137 753 1173 ii
772 1137 914 1174 factum
942 1138 1049 1174 aiunt
1067 1136 1123 1186 [h.
1140 1150 1175 1174 e.
1197 1136 1245 1173 ad
1274 1134 1531 1173 testimonium
1553 1146 1601 1170 ex

164 1214 228 1237 ore
253 1199 429 1237 testantis
458 1198 725 1248 excipiendum
746 1197 791 1234 de
811 1211 849 1235 re
869 1199 964 1236 tanti
985 1199 1176 1243 momenti,
1197 1203 1385 1248 quotquot
1402 1196 1602 1246 potuisset,

165 1274 294 1299 omnes
325 1267 434 1297 notos
464 1267 502 1296 et
530 1259 730 1297 familiares
760 1260 1019 1308 advocasset}
1078 1259 1197 1310 Atqui
1225 1265 1376 1297 constat
1404 1263 1604 1307 utrumque

165 1324 313 1368 horum,
331 1331 409 1359 tam
431 1321 638 1358 Xenoclem
669 1334 783 1371 quam
814 1321 1080 1368 Nicodemum,
1100 1334 1159 1359 res
1190 1318 1400 1371 gravissimi
1425 1318 1605 1369 ponderis

167 1384 358 1422 studuisse
377 1383 490 1426 clam,
506 1395 604 1432 pene
623 1383 726 1419 nullo
743 1396 830 1420 cum
849 1389 947 1420 teste
966 1389 1032 1420 aut
1051 1395 1136 1420 curn
1156 1382 1343 1419 levissimo
1363 1393 1530 1431 quoque,
1545 1392 1609 1430 pe-

167 1458 321 1496 ragere;
371 1457 458 1481 nam
496 1443 684 1481 Xenocles
718 1443 870 1494 quidem
905 1443 1214 1481 extestimonium
1245 1442 1315 1480 sibi
1350 1441 1430 1479 dari
1463 1440 1610 1478 curavit

168 1520 296 1546 coram
333 1506 481 1543 duobus
518 1505 756 1542 solummodo
792 1505 952 1542 testibus
991 1504 1146 1542 fortuito
1183 1503 1334 1549 oblatis,
1373 1502 1609 1540 Nicodemus

169 1576 310 1614 autem,
331 1567 368 1604 id
393 1580 510 1617 agens
534 1574 577 1604 ut
596 1579 762 1604 sororem
783 1566 861 1604 viro
891 1566 1147 1617 desponderet
1176 1565 1431 1603 substantiam
1455 1563 1611 1601 habenti

170 1631 289 1668 tribus
323 1628 475 1666 talentis
509 1640 650 1678 parem,
677 1628 737 1664 cui
765 1627 866 1665 illam
901 1641 924 1664 a
955 1641 995 1664 se
1025 1627 1254 1677 desponsam
1286 1627 1351 1672 ait,
1371 1639 1448 1663 non
1478 1625 1612 1663 habuit

170 1705 296 1729 secum
327 1691 396 1727 nisi
423 1703 540 1727 unum
569 1689 807 1727 solummodo
835 1696 969 1727 testem
997 1689 1238 1726 advocatum.
1299 1688 1348 1726 Et
1375 1688 1611 1725 Nicodemus

171 1753 322 1803 quidem
344 1765 383 1789 se
405 1752 528 1788 solum
550 1750 769 1802 Pyretidem
797 1764 926 1788 secum
950 1751 1126 1789 habuisse
1147 1757 1382 1788 commentus
1402 1757 1460 1787 est
1477 1748 1613 1800 (Pyre-

173 1815 271 1852 tides
297 1814 396 1851 enim
422 1813 503 1863 ipse
529 1812 670 1850 factum
697 1812 914 1859 infitiatur);
947 1813 993 1849 ab
1013 1825 1058 1849 eo
1079 1820 1206 1850 autem
1228 1812 1317 1857 viro,
1338 1811 1403 1862 qui
1428 1810 1614 1861 ejusmodi
1640 1852 1648 1858 ‚

175 1875 367 1913 mulierem
384 1874 451 1911 sibi
468 1874 678 1924 deponderi
693 1880 856 1919 curaret,
870 1873 1078 1911 advocatos
1093 1887 1132 1911 se
1147 1873 1384 1924 sponsalibus
1400 1872 1615 1909 interfuisse

174 1938 278 1974 aiunt
299 1936 520 1987 Lysimenes
536 1943 574 1973 et
592 1935 725 1972 fratres
744 1935 839 1986 ejus,
855 1935 1019 1973 Cbaeron
1035 1943 1073 1973 et
1093 1935 1274 1987 Pylades.
1332 1935 1424 1973 Hoc
1439 1934 1545 1972 aiunt
1562 1933 1616 1979 hi,

173 1999 236 2049 qui
271 1997 531 2048 despondendi
559 1997 736 2034 avunculi
763 2004 902 2035 essent.
961 1997 1063 2035 Proh
1088 2011 1164 2035 rem
1192 2000 1472 2049 portentosam!
1527 1996 1616 2034 Jam

176 2067 342 2097 vestrum
364 2067 433 2102 est,
446 2058 609 2109 judices,
630 2058 817 2109 dispicere
837 2067 1096 2097 commentum
1115 2059 1189 2097 hoc
1211 2067 1335 2096 utrum
1355 2059 1404 2096 sit
1423 2057 1616 2096 credibile.

179 2122 278 2158 Nam
298 2134 369 2171 ego
390 2120 565 2171 equidem
585 2129 752 2165 autumo,
773 2134 818 2158 ex
841 2134 887 2159 eo
906 2121 1090 2172 colligens
1111 2121 1215 2172 quod
1234 2128 1538 2159 consentaneum
1562 2126 1620 2157 est

177 2182 270 2228 fieri,
294 2183 323 2219 si
351 2181 520 2233 Pyrrhus
549 2182 619 2219 sibi
642 2182 904 2232 proposuisset
930 2182 1073 2233 aliquid
1100 2189 1167 2220 aut
1194 2182 1384 2233 spondere
1413 2188 1478 2219 aut
1504 2193 1619 2232 agere

177 2244 280 2293 quod
303 2256 440 2293 genere
460 2243 575 2293 ipsius
595 2250 699 2281 esset
717 2243 929 2294 indignum,
945 2245 1064 2282 multo
1083 2257 1168 2282 eum
1188 2244 1307 2296 magis
1326 2257 1479 2295 operam
1499 2243 1620 2281 fuisse

133 2344 137 2351 ,
180 2306 356 2343 daturum
386 2313 427 2343 ut
456 2305 492 2343 id
519 2305 647 2343 insciis
678 2306 899 2344 necessariis
926 2307 1102 2345 omnibus
1129 2308 1287 2353 faceret,
1313 2321 1425 2358 quam
1454 2307 1619 2344 voluisse

182 2368 388 2406 avunculos
403 2368 449 2406 ad
464 2381 625 2406 errorem
639 2375 716 2406 tam
732 2368 876 2406 foedum
890 2370 1010 2407 oculis
1024 2370 1101 2408 suis
1111 2371 1403 2408 contestandum
1417 2368 1620 2407 advocare.

233 2433 270 2467 4.
302 2429 505 2473 Praeterea,
526 2429 598 2467 hoc
619 2443 771 2481 quoque
791 2430 915 2475 miror,
938 2431 968 2468 si
984 2445 1069 2469 vera
1088 2432 1240 2470 fuerunt
1253 2431 1318 2468 illa
1332 2430 1535 2482 sponsalia,
1556 2442 1621 2467 cur

182 2492 229 2530 de
249 2492 336 2529 dote
359 2491 505 2528 nullum
532 2499 685 2543 pactum
713 2492 968 2530 intercesserit
989 2506 1111 2544 neque
1130 2506 1153 2531 a
1180 2500 1285 2544 parte
1305 2492 1430 2530 dantis
1456 2503 1580 2542 neque
1600 2503 1622 2528 a

184 2561 290 2605 parte
310 2554 543 2604 accipientis.
601 2553 689 2591 Sive
709 2554 808 2592 enim
830 2554 1064 2592 Nicodemus
1086 2555 1215 2592 dotem
1236 2553 1380 2605 Pyrrho
1400 2553 1623 2598 dedit,con-

183 2623 407 2654 sentaneum
437 2623 517 2654 erat
544 2623 600 2660 ut,
628 2616 691 2666 qui
717 2623 833 2654 testes
867 2630 906 2654 se
933 2616 1172 2668 sponsalibus
1193 2616 1300 2653 aiunt
1328 2615 1559 2659 interfuisse,
1585 2614 1623 2651 hi

183 2677 294 2715 iidem
308 2690 460 2727 quoque
481 2685 711 2716 testarentur
732 2678 833 2715 illam
852 2679 979 2715 dotem
1000 2677 1146 2728 Pyrrho
1161 2677 1196 2714 in
1216 2690 1353 2714 manus
1375 2689 1397 2714 a
1414 2676 1624 2714 Nicodemo

186 2738 312 2775 datam
334 2745 447 2789 atque
474 2746 712 2777 numeratam
734 2739 877 2777 fuisse:
909 2739 964 2776 sin
986 2746 1110 2776 autem
1140 2738 1348 2789 cupiditate
1377 2738 1541 2776 mulieris
1562 2750 1625 2775 ac-

186 2812 325 2836 census
356 2800 568 2838 avunculus
600 2808 727 2839 noster
755 2814 892 2851 passus
927 2807 1028 2837 esset
1059 2800 1269 2837 indotatam
1298 2800 1366 2838 sibi
1399 2799 1624 2851 desponderi

188 2861 380 2898 mulierem
413 2868 451 2898 et
477 2874 558 2900 eam
591 2863 743 2913 quidem
773 2863 826 2900 sic
859 2869 1056 2906 moratam,
1086 2869 1195 2911 paret
1227 2862 1478 2900 Nicodemum
1508 2861 1626 2898 multo

187 2924 297 2961 etiam
322 2930 399 2959 tum
421 2923 540 2973 magis
561 2937 711 2974 operam
734 2924 909 2962 daturum
934 2923 1046 2961 fuisse
1067 2932 1105 2961 ut
1131 2924 1296 2974 Pyrrhus
1318 2938 1444 2962 coram
1468 2924 1625 2961 testibus
