1870 3277
250 170 327 205 334
917 170 1032 207 lsAEl

244 269 478 320 illegitimam
499 282 619 320 eoque
642 270 797 309 irritam.
855 272 968 314 Quod
990 274 1021 311 si
1046 287 1139 324 ergo
1167 274 1349 326 PyrrhuS‚
1369 289 1484 326 quem
1505 278 1694 329 fingemus

247 331 431 381 tantisper
448 331 561 368 filiam
583 332 783 382 reliquisse
799 332 1022 383 legitimam,
1044 335 1108 373 illa
1127 335 1203 373 filia
1222 337 1415 386 praeterita
1440 338 1607 377 Endium
1627 354 1695 391 pro

246 392 322 429 filio
343 392 550 443 adoptavit,
572 393 632 430 lex
652 394 754 431 illam
777 394 1063 445 adoptationem
1084 396 1321 447 illegitimam
1350 398 1557 439 declaravit
1577 409 1694 452 atque

246 454 411 491 irritam:
445 454 502 491 sin
531 462 657 492 autem
692 455 860 506 Pyrrhus
886 470 962 495 una
990 472 1075 495 cum
1106 459 1215 512 bonis
1246 459 1371 497 Endio
1399 460 1513 498 filiam
1540 476 1695 514 quoque

247 514 387 565 legavit
415 528 535 566 eaque
565 516 783 554 conditione
812 518 1035 569 adoptatum
1070 520 1106 556 in
1142 521 1250 557 bonis
1283 521 1447 559 Endium
1480 523 1630 573 reliquit
1655 533 1698 562 ut

246 577 359 614 filiam
389 577 426 615 in
447 579 687 616 matrimonio
717 579 889 624 haberet,
910 593 977 617 cur
1002 582 1105 631 passi
1137 595 1202 620 vos
1234 582 1311 619 duo
1333 584 1438 628 estis,
1466 585 1531 634 qui
1560 585 1695 635 Pyrrhi

247 640 378 676 essetis
402 639 592 684 avunculi,
622 648 661 677 ut
695 640 842 679 Endius
873 642 971 678 bona
1002 642 1136 694 Pyrrhi
1171 657 1193 681 a
1214 644 1413 695 judicibus
1448 645 1517 682 sibi
1546 654 1697 685 curaret

248 700 412 745 attribui,
428 701 580 738 tametsi
597 709 824 751 praetensam
841 702 942 740 illam
964 703 1097 754 Pyrrhi
1114 705 1227 742 filiam
1246 705 1280 742 in
1299 706 1579 744 matrimonium
1593 707 1694 745 haud

247 761 435 800 duceret?
464 763 669 813 praesertim
699 765 828 802 testati
845 778 931 802 cum
958 765 1038 803 sitis
1070 766 1141 817 ipsi
1175 766 1375 818 Pyrrhum,
1401 768 1538 806 sororis
1560 775 1696 806 vestrae

247 823 378 869 filium,
391 823 516 875 ipsum
531 824 638 862 vobis
660 825 880 863 morientem
898 826 1154 864 demandasse
1168 835 1210 864 ut
1228 827 1340 877 hujus
1354 836 1452 865 natae
1471 841 1550 866 suae
1563 842 1694 867 euram

246 884 466 923 haberetis?
515 887 570 923 At
600 887 714 937 agite,
747 900 769 924 o
802 887 902 932 boni,
935 888 1165 925 excusabitis
1205 888 1364 926 forsitan
1399 890 1693 928 obliviositatem

246 955 431 990 vestram;
463 947 664 985 credemus
686 949 870 999 tantisper
893 949 999 986 vobis
1021 949 1099 986 sive
1120 949 1244 987 oblitis
1263 951 1340 987 sive
1361 952 1489 989 insciis
1510 952 1583 990 hoc
1605 966 1693 992 eve-

246 1008 348 1045 nisse
365 1022 374 1046 :
406 1016 445 1046 at
462 1009 611 1046 Endius
631 1016 759 1047 tamen
782 1023 868 1047 cum
890 1010 1085 1048 mulierem
1102 1010 1359 1062 desponderet
1378 1020 1492 1062 atque
1515 1013 1694 1061 elocaret,

246 1083 312 1107 cur
341 1078 421 1107 tum
449 1084 515 1109 vos
545 1073 768 1123 permisistis
795 1073 953 1118 mulieri,
975 1080 1017 1111 ut
1048 1076 1165 1111 tacita
1186 1083 1225 1112 et
1244 1075 1296 1113 nil
1324 1082 1458 1114 contra
1480 1076 1632 1116 hiscens
1652 1091 1694 1117 se

246 1139 434 1183 pateretur
466 1146 488 1171 a
522 1134 636 1172 fratre
665 1148 731 1185 pro
763 1136 891 1185 spuria
924 1135 1061 1186 Pyrrhi
1095 1136 1339 1187 desponderi,
1367 1151 1434 1176 vos
1464 1139 1529 1188 qui
1561 1138 1696 1190 Pyrrhi

246 1194 425 1232 avunculi
447 1195 611 1233 essetis?
640 1197 849 1247 praesertim
870 1210 957 1234 cum
980 1197 1051 1248 ipsi
1073 1198 1182 1236 aiatis
1203 1212 1270 1237 vos
1296 1199 1448 1238 affuisse
1464 1209 1559 1245 tum,
1576 1214 1694 1251 quum

246 1257 416 1308 Pyrrhus
437 1266 594 1296 matrem
617 1259 731 1310 hujus
752 1259 920 1297 mulieris
936 1273 981 1298 ea
1000 1261 1084 1311 lege
1105 1262 1176 1299 sibi
1196 1269 1346 1300 curaret
1361 1263 1693 1314 despondendam,

247 1326 288 1356 ut
307 1332 390 1356 eam
415 1319 516 1358 domi
538 1333 618 1357 suae
642 1334 710 1371 pro
739 1321 910 1371 legitima
931 1322 1217 1361 matrefamilias
1245 1323 1423 1367 haberem
1453 1331 1491 1362 et
1511 1331 1697 1376 praeterea

245 1380 289 1418 iis
305 1381 426 1432 epulis
444 1395 510 1419 vos
526 1382 634 1419 aiatis
655 1382 831 1421 invitatos
851 1383 1084 1429 interfuisse,
1105 1398 1193 1435 quae
1212 1386 1260 1422 ob
1280 1384 1392 1433 hujus
1412 1386 1499 1423 filiae
1519 1387 1696 1425 nativita-

245 1449 321 1480 tem
341 1443 402 1480 die
416 1443 566 1481 decimo
581 1451 670 1493 post
688 1444 791 1481 illam
814 1451 924 1494 partu
940 1445 1080 1483 editam
1094 1445 1299 1484 celebratae
1314 1446 1500 1490 fuissent;
1531 1447 1694 1498 denique

245 1503 348 1540 -id
367 1504 469 1554 quod
485 1505 654 1542 omnium
671 1504 913 1542 deterrimum
935 1515 991 1543 est
1005 1528 1054 1533 —-
1068 1506 1138 1556 ipsi
1159 1520 1245 1544 cum
1275 1508 1384 1545 aiatis
1406 1507 1592 1558 Pyrrhum
1611 1521 1693 1546 mo-

244 1564 402 1602 rientem
429 1565 701 1610 demandasse,
724 1579 854 1604 curam
877 1566 992 1617 hujus
1012 1567 1152 1617 puellae
1173 1574 1216 1605 ut
1234 1568 1383 1606 velletis
1406 1569 1560 1613 habere,
1581 1572 1694 1620 (euge

244 1626 468 1676 praeclaram
484 1640 614 1664 curam
627 1629 655 1675 !)
674 1634 750 1664 tam
769 1628 889 1678 probe
909 1629 1156 1666 consuluistis
1172 1629 1205 1666 ei
1227 1635 1270 1666 ut
1290 1630 1512 1680 pateremini
1526 1644 1609 1668 eam
1628 1644 1695 1682 pro

245 1690 375 1740 spuria
393 1690 640 1741 desponderi,
658 1691 867 1742 praesertim
890 1704 976 1742 quae
991 1691 1130 1729 sororis
1150 1699 1289 1730 vestrae
1310 1705 1447 1730 nomen
1469 1700 1630 1743 gereret,
1653 1694 1692 1731 id

244 1751 349 1801 quod
368 1752 439 1802 ipsi
461 1765 526 1789 vos
548 1765 614 1803 pro
635 1752 856 1790 testimonio
877 1752 1110 1790 affirmastis.

302 1815 362 1850 ll.
393 1814 451 1850 Ex
470 1813 526 1851 his
551 1813 682 1864 itaque
704 1827 726 1852 a
745 1827 804 1852 me
827 1814 938 1851 dictis
966 1820 1005 1851 et
1030 1827 1076 1851 ex
1103 1821 1183 1852 tota
1203 1827 1322 1851 causa
1349 1814 1464 1852 facile
1491 1823 1693 1866 perspectu

244 1875 382 1925 cuique
402 1882 470 1921 est,
487 1888 601 1926 quam
616 1875 934 1927 impudentissimi
952 1876 1027 1913 sint
1046 1875 1083 1912 hi
1103 1875 1290 1913 homines.
1347 1876 1572 1914 Avunculus
1593 1879 1692 1915 enim

245 1944 378 1974 noster
406 1937 437 1974 si
465 1937 578 1974 filiam
602 1937 671 1974 rite
696 1937 766 1974 sibi
787 1944 917 1974 natam
941 1937 1168 1987 reliquisset,
1189 1950 1309 1988 ecquo
1338 1937 1492 1975 fratrem
1521 1945 1694 1976 nostrum

244 1988 312 2049 pro
327 1998 404 2037 filio
421 1999 601 2050 adoptato
620 1999 656 2036 in
673 1999 781 2037 bonis
803 1999 1048 2050 reliquisset?
1092 2001 1247 2045 Ideone‚
1264 2000 1368 2051 quod
1387 2000 1449 2038 alii
1468 2009 1595 2038 essent
1611 2015 1695 2052 pro-

243 2061 375 2111 pinqui
389 2061 674 2099 necessitudine
691 2061 886 2112 sanguinis
908 2062 1104 2112 propiores
1122 2076 1237 2113 quam
1256 2076 1340 2109 nos,
1361 2076 1457 2113 quos
1478 2063 1540 2101 ille
1561 2063 1693 2101 volens

246 2124 428 2161 facultate
457 2125 574 2162 filiam
594 2138 702 2162 suam
732 2124 769 2161 in
797 2125 882 2176 jure
914 2125 1071 2175 petendi
1098 2125 1318 2171 excludere,
1344 2125 1498 2163 fratrem
1524 2133 1694 2164 nostrum

245 2184 498 2236 adoptasset?
545 2187 596 2223 At
623 2199 748 2237 neque
776 2187 850 2224 fuit
876 2200 1044 2237 unquam
1072 2187 1149 2225 filia
1175 2188 1374 2236 ejusmodi,
1407 2188 1515 2240 cujus
1542 2188 1579 2225 in
1610 2188 1694 2227 foro

245 2246 424 2298 petendae
448 2255 487 2286 et
515 2248 734 2286 obtinendae
759 2249 868 2287 locus
896 2250 1075 2300 cuiquam
1101 2250 1249 2296 fuisset,
1273 2264 1399 2302 neque
1425 2258 1493 2288 est.
1553 2251 1696 2289 Liberis

244 2308 374 2359 itaque
393 2309 507 2347 nullis
521 2309 697 2359 ingenuis
720 2311 767 2347 ab
789 2323 833 2348 eo
853 2310 1012 2358 relictis,
1039 2324 1153 2349 nemo
1172 2311 1224 2349 illi
1242 2313 1395 2363 propior
1413 2318 1473 2350 est
1491 2325 1604 2362 quam
1625 2325 1696 2350 nos
1733 2304 1736 2308 i

244 2384 376 2409 sumus
394 2384 403 2408 τ
433 2384 522 2409 nam
541 2384 664 2422 neque
685 2371 799 2409 frater
819 2371 871 2409 illi
892 2372 962 2410 fuit
987 2385 1112 2423 neque
1131 2380 1290 2424 nepotes
1312 2386 1361 2411 ex
1380 2373 1508 2418 fratre,
1527 2373 1597 2411 sed
1625 2386 1695 2411 nos

246 2446 378 2471 sumus
399 2446 445 2471 ex
465 2433 546 2485 ejus
567 2445 695 2470 sorore
716 2433 805 2470 nati.
862 2433 990 2484 Atque
1019 2442 1147 2472 tamen
1168 2435 1315 2473 medius
1334 2435 1449 2474 fidius
1469 2435 1538 2485 (ita
1556 2435 1696 2472 fortas-

248 2507 341 2531 sean
359 2501 535 2532 occurret
553 2494 644 2531 mihi
667 2494 874 2545 quispiam)
899 2494 1065 2546 Pyrrhus
1087 2496 1201 2534 alium
1222 2509 1243 2534 e
1265 2497 1442 2548 cognatis
1462 2497 1492 2534 si
1511 2497 1694 2547 adoptas-

249 2563 318 2601 set,
347 2569 424 2594 una
456 2570 541 2594 cum
569 2556 780 2594 hereditate
809 2556 925 2594 filiam
950 2570 1103 2607 quoque
1130 2557 1162 2594 ei
1189 2558 1360 2596 dedisset
1385 2557 1600 2596 habendam
1626 2571 1694 2609 pro

248 2630 376 2655 uxore.
434 2618 595 2669 Ecquid,
613 2619 995 2669 inquam,oportebat
1013 2617 1202 2669 Pyrrhum
1221 2620 1272 2657 ita
1285 2619 1408 2670 palam
1427 2632 1694 2670 quemcunque

249 2679 402 2716 tandem
438 2687 691 2730 cognatorum
720 2679 946 2718 offendere?
987 2681 1049 2718 cui
1081 2680 1234 2726 licebat,
1270 2682 1301 2719 si
1328 2694 1458 2719 revera
1491 2681 1695 2720 Nicodemi

248 2752 413 2777 sororem
437 2742 506 2779 sibi
526 2748 696 2780 curasset
720 2755 788 2793 pro
816 2741 1096 2780 matrefamilias
1123 2742 1369 2793 desponderi,
1389 2743 1517 2789 filiam,
1543 2757 1630 2794 quae
1648 2757 1694 2782 ex

247 2813 292 2838 ea
318 2808 411 2839 nata
427 2803 545 2840 fertur
565 2818 662 2849 esse,
681 2804 718 2841 in
741 2803 939 2855 phratoras
964 2803 1147 2841 inducere
1168 2811 1212 2841 ut
1229 2817 1275 2842 ex
1295 2817 1335 2842 se
1356 2804 1526 2855 legitime
1546 2813 1691 2850 natam,

247 2868 285 2900 et
301 2863 487 2914 virginem
511 2865 689 2904 heredem
709 2865 898 2904 universae
927 2867 1152 2904 substantiae
1177 2866 1216 2903 in
1235 2866 1351 2904 domo
1373 2880 1442 2905 sua
1470 2867 1694 2918 relinquere,

247 2938 293 2964 ea
319 2925 403 2977 lege
429 2933 470 2964 ut
486 2928 679 2977 proximus
707 2925 895 2979 Cognatus
917 2941 999 2967 eam
1028 2928 1099 2967 sibi
1119 2941 1141 2966 a
1163 2927 1359 2979 judicibus
1379 2936 1529 2968 curaret
1548 2928 1695 2980 adjudi-
