1870 3277
219 171 293 208 164
822 171 1104 209 ISOCRA'Hs

212 282 293 310 tum
311 274 358 311 ad
373 273 605 324 explendam
621 287 729 312 suam
747 275 942 312 avaritiam
957 274 1109 325 quidvis
1127 273 1248 324 parati
1263 274 1339 311 sint
1354 283 1392 312 et
1406 275 1533 313 facere
1547 281 1585 312 et
1599 287 1679 325 per-

212 336 301 384 peti,
324 335 462 372 civium
486 335 647 373 candem
669 349 756 386 quoe
779 336 1072 385 magistratuum
1094 343 1154 372 est
1175 335 1457 386 improbitatem
1479 337 1555 373 fore
1577 338 1679 387 [esse

211 397 342 450 velint,
355 398 424 436 lios
438 406 572 436 contra
587 406 625 435 et
642 398 886 448 sibimetipsis
901 406 939 435 et
954 399 1100 435 civibus
1119 398 1281 448 pessime
1295 397 1677 448 consulerejudico];

209 463 274 512 qui
302 470 428 501 autem
460 475 586 513 neque
616 463 670 499 sic
703 474 828 511 neque
857 468 897 498 ut
926 461 1030 512 prius
1061 461 1137 498 dixi
1169 474 1251 498 sese
1283 467 1434 510 parant,
1465 460 1532 497 sed
1557 472 1678 510 quum

211 525 335 562 securi
354 533 456 570 sunt,
473 539 539 562 eos
562 525 723 562 maxime
744 525 938 561 honorant
953 523 1017 573 qui
1036 523 1083 560 ad
1102 523 1260 572 gratiam
1284 523 1505 572 loquuntur,
1522 522 1556 558 in
1576 528 1677 559 metu

210 599 298 624 vero
319 594 357 625 et
380 587 575 638 periculis,
595 586 642 624 ad
659 586 825 637 optimos
842 593 879 623 et
899 584 1219 636 prudentissimos
1240 598 1414 635 quosque
1435 583 1679 634 confugiunt,

210 662 277 687 eos
299 664 365 700 per
385 650 487 687 vices
507 649 601 686 alias
624 649 812 686 feliciores
833 648 912 686 fore
934 647 1028 685 alias
1050 647 1368 685 calamitosiores.

265 713 329 748 53.
364 711 460 749 Haec
490 711 607 761 igitur
634 717 772 748 natura
798 717 837 748 et
858 710 914 747 vis
941 717 998 748 est
1024 709 1412 760 rerumpublicarum3
1455 717 1571 759 atque
1595 708 1678 745 hoec

209 772 293 810 aliis
315 773 434 810 multo
456 773 565 824 plura
588 773 703 810 verba
736 771 1029 822 suppeditatura
1057 772 1235 809 existimo
1256 785 1371 822 quam
1400 785 1470 809 nos
1503 771 1678 814 fecimus,

210 833 302 870 mihi
329 846 417 871 vero
446 847 521 870 non
552 833 599 870 de
630 833 808 871 omnibus
836 831 925 877 illis,
959 832 1026 869 sed
1059 832 1106 869 dc
1139 833 1222 870 sola
1248 833 1433 884 majorum
1463 840 1678 870 nostrorum

210 894 422 945 republica,
445 908 531 932 esse
552 893 841 932 disserendum:
873 893 972 930 banc
994 894 1095 931 enim
1116 894 1309 944 pollicitus
1331 907 1415 932 sum
1438 893 1679 931 demonstra-

210 963 340 993 turum
363 957 515 1005 maioris
536 970 622 994 esse
643 955 753 1007 pretii
774 968 890 1005 quam
913 968 997 993 eam
1018 968 1105 1006 quae
1127 956 1278 1005 Spartae
1299 955 1511 993 constituta
1533 961 1604 992 est.

204 1023 207 1026 “
262 1020 328 1055 54.
360 1018 445 1055 Erit
477 1025 602 1055 autem
634 1017 757 1054 oratio
791 1017 849 1054 his
881 1017 945 1066 qui
978 1030 1037 1055 me
1069 1017 1236 1055 libenter
1267 1017 1315 1054 de
1347 1019 1450 1055 bona
1481 1016 1678 1067 republica

208 1078 402 1116 dicentem
423 1079 592 1116 audituri
612 1085 702 1116 sunt
717 1077 847 1127 'neque
869 1077 1035 1115 molesta
1051 1091 1123 1116 nec
1144 1078 1428 1128 intempestiva,
1447 1078 1514 1115 sed
1536 1084 1626 1129 apta
1641 1084 1680 1116 et

208 1141 442 1178 conveniens
460 1140 742 1190 superioribus-;
765 1139 839 1177 illis
856 1151 945 1176 vero
961 1140 1025 1189 qui
1042 1153 1197 1190 gravem
1220 1146 1257 1177 et
1275 1153 1445 1177 severam
1468 1140 1678 1177 orationem

208 1203 488 1254 adspernantes
514 1202 558 1239 iis
585 1202 750 1239 maxime
778 1201 1022 1239 delectantur
1047 1201 1112 1251 qui
1138 1201 1173 1239 in
1199 1201 1485 1238 celebritatibus
1511 1201 1678 1238 convitia

209 1265 358 1311 dicunt,
373 1265 448 1311 vel,
467 1264 497 1302 si
519 1264 646 1302 furore
667 1263 734 1301 illo
753 1263 1020 1308 abstinuerint,
1043 1270 1110 1300 aut
1130 1276 1189 1300 res
1206 1263 1377 1300 omnium
1395 1262 1595 1301 vilissimas
1612 1271 1679 1302 aut

209 1326 428 1364 mortalium
451 1325 709 1376 nequissimos
739 1324 912 1369 laudant,
933 1325 977 1361 iis
999 1338 1083 1362 eam
1105 1324 1228 1362 visum
1257 1325 1299 1362 iri
1320 1331 1413 1375 puto
1433 1338 1546 1375 quam
1567 1339 1678 1376 opor-

208 1397 286 1427 teat
318 1389 572 1440 prolixiorem.
643 1387 787 1425 Verum
819 1399 892 1437 ego
924 1387 1018 1424 nihil
1052 1400 1225 1438 unquam
1257 1388 1447 1438 ejusmodi
1481 1388 1677 1426 auditores

207 1451 349 1496 curavi,
385 1457 427 1488 ut
456 1463 527 1487 nec
562 1450 661 1487 alius
693 1448 898 1499 quisquam
931 1449 986 1486 vir
1017 1450 1199 1500 prudens,
1231 1450 1299 1487 sed
1330 1462 1462 1487 eorum
1492 1450 1678 1488 rationem

207 1512 337 1559 habui,
358 1512 422 1563 qui
443 1518 483 1549 et
502 1511 567 1548 illa
585 1510 765 1561 quaejam
790 1509 865 1546 dixi
889 1523 965 1560 prae
995 1511 1172 1547 omnibus
1196 1511 1278 1548 aliis
1307 1512 1499 1548 memoriae
1520 1511 1679 1550 manda-

207 1575 295 1620 turi,
317 1587 440 1624 neque
461 1572 735 1623 disputationis
757 1571 1032 1621 prolixitatem,
1053 1572 1204 1610 etiamsi
1225 1572 1353 1610 decies
1374 1573 1476 1610 mille
1497 1586 1677 1611 versuum

208 1648 255 1673 ea
272 1635 401 1681 fuerit,
421 1634 691 1686 reprehensuri
718 1640 823 1679 sunt,
852 1633 922 1670 sed
951 1633 1011 1670 sui
1036 1633 1178 1671 arbitrii
1206 1647 1290 1671 esse
1314 1635 1506 1684 putabunt
1527 1642 1678 1672 tantum

207 1698 335 1748 legere
353 1705 391 1735 et
409 1709 636 1747 percensere
652 1702 840 1746 quantum
858 1695 930 1745 ipsi
946 1694 1087 1740 volent,
1104 1695 1350 1745 omniumque
1363 1697 1529 1734 maxime
1544 1710 1678 1735 eorum

206 1758 270 1810 qui
293 1757 386 1795 nihil
407 1757 589 1795 libentius
615 1756 777 1794 audiant
797 1768 842 1793 ea
862 1755 1033 1794 oratione
1049 1770 1127 1806 qua
1148 1756 1204 1793 vel
1227 1757 1490 1807 praestantium
1513 1758 1676 1796 virorum

207 1822 364 1859 virtutes
395 1821 454 1859 vel
491 1820 716 1871 reipublicae
753 1819 851 1855 bene
889 1819 1113 1856 constitutae
1145 1832 1269 1861 mores
1306 1828 1678 1861 commemorentur:

207 1897 295 1933 quae
317 1883 348 1920 si
368 1881 526 1933 quidam
561 1881 697 1919 imitari
730 1888 891 1931 possent
917 1889 953 1918 et
984 1881 1141 1925 vellent,
1170 1894 1257 1918 cum
1287 1882 1357 1932 ipsi
1388 1896 1529 1933 magna
1554 1882 1677 1933 gloria

208 1951 361 1982 aetatem
389 1944 590 1994 exigerent
621 1949 703 1980 tum
740 1954 831 1979 suas
862 1943 975 1980 urbes
1006 1942 1136 1980 felices
1169 1942 1389 1981 redderent.
1447 1946 1508 1981 Ac
1539 1945 1677 1995 quales

209 2006 300 2044 mihi
322 2005 519 2044 auditores
542 2005 624 2043 dari
645 2004 824 2055 optarim,
846 2004 944 2047 dixi3
976 2017 1109 2042 vereor
1130 2011 1274 2051 autem,
1295 2005 1443 2043 etiamsi
1466 2006 1564 2044 tales
1585 2020 1677 2045 con-

207 2068 376 2118 tigerint,
410 2081 457 2105 ne
492 2067 608 2118 longe
643 2064 795 2103 tenuius
829 2079 942 2116 quam
976 2079 1045 2117 pro
1080 2067 1207 2104 rerum
1238 2067 1426 2116 gravitate
1460 2067 1508 2106 de
1538 2069 1677 2119 quibus

209 2130 396 2168 disserere
417 2130 564 2166 institui
584 2129 726 2165 dicam.
787 2128 851 2164 Sic
871 2135 999 2164 tamen
1029 2135 1071 2165 ut
1095 2135 1233 2178 potero
1258 2130 1306 2165 de
1329 2128 1383 2166 eis
1409 2130 1526 2168 verba
1551 2130 1679 2170 facere

210 2191 428 2242 aggrediar.
570 2193 575 2197 “

263 2255 327 2290 55.
359 2252 475 2295 Quod
502 2251 618 2302 igitur
648 2259 779 2290 nostra
808 2252 899 2289 urbs
927 2251 1001 2289 illis
1031 2253 1266 2304 temporibus
1293 2254 1428 2292 melius
1449 2269 1562 2306 quam
1591 2248 1692 2296 aliaex

209 2314 478 2353 administrata
497 2313 581 2358 fuit,
603 2313 641 2351 id
670 2314 840 2364 regibuS,
865 2313 914 2351 de
937 2314 1075 2365 quibus
1104 2315 1222 2365 paulo
1251 2322 1340 2354 ante
1360 2316 1451 2363 dixi,
1473 2325 1678 2370 acceptum

210 2377 339 2416 referri
367 2376 497 2415 debet.
557 2376 609 2412 Hi
634 2375 735 2414 enim
764 2375 920 2413 fuerunt
943 2376 1011 2426 qui
1036 2377 1223 2427 populum
1246 2378 1296 2415 ad
1315 2378 1510 2425 virtutem,
1540 2381 1588 2419 ad
1610 2382 1679 2433 ju-

210 2439 367 2485 stitiam,
398 2451 660 2489 magnamque
690 2437 916 2475 modestiam
946 2437 1192 2485 instituerint,
1219 2448 1258 2477 et
1285 2441 1363 2479 suis
1390 2443 1608 2483 actionibus
1638 2445 1680 2484 id

210 2501 427 2545 decuerint,
458 2499 565 2551 quod
596 2512 668 2550 ego
697 2500 888 2550 posterius
917 2499 1005 2537 dico
1035 2513 1150 2550 quam
1184 2500 1254 2552 ipsi
1286 2502 1473 2550 fecerunt,
1503 2508 1678 2555 quamvis

208 2562 433 2614 reipublicae
452 2561 615 2599 formam
635 2561 800 2599 civitatis
821 2573 906 2599 esse
926 2561 1106 2607 animam,
1128 2562 1237 2613 cujus
1259 2576 1304 2601 ea
1319 2564 1375 2602 vis
1395 2565 1446 2602 sit
1463 2579 1550 2616 quae
1571 2581 1681 2606 men-

209 2625 258 2662 tis
278 2623 317 2660 in
338 2635 518 2674 corpore:
551 2635 639 2660 nam
660 2621 744 2660 haec
766 2628 828 2660 est
852 2635 939 2673 quae
958 2629 996 2660 et
1015 2622 1194 2660 omnibus
1217 2623 1266 2661 de
1286 2625 1400 2664 rebus
1418 2626 1617 2674 deliberet,
1640 2639 1679 2669 et

208 2698 270 2723 res
291 2684 483 2722 secundas
504 2688 681 2729 tueatur,
717 2691 756 2722 et
786 2683 949 2734 effugiat
980 2684 1176 2731 adversas,
1203 2692 1338 2724 auctor
1362 2693 1476 2739 atque
1505 2689 1678 2731 effectrix

209 2746 380 2785 omnium
400 2759 488 2796 quae
508 2745 728 2783 civitatibus
749 2745 1012 2797 contigerunt.

264 2808 329 2845 56.
361 2806 459 2850 Quae
477 2819 597 2857 quum
627 2806 827 2845 didicisset
850 2807 1028 2858 populus,
1058 2807 1142 2859 ejus
1171 2808 1224 2846 rei
1248 2817 1403 2861 propter
1422 2813 1677 2853 mutationem

207 2870 350 2908 oblitus
373 2881 451 2907 non
469 2875 543 2915 est,
574 2869 642 2907 sed
663 2868 702 2906 in
722 2869 796 2907 hoc
826 2869 950 2921 magis
973 2883 1090 2921 quam
1110 2871 1156 2908 ·in
1185 2870 1261 2910 alia
1287 2872 1476 2921 incubuit,
1498 2882 1538 2913 ut
1557 2876 1678 2916 duces

207 2932 419 2983 sortiretur,
440 2929 504 2980 qui
521 2934 719 2968 et'statum
740 2931 963 2983 popularem
978 2938 1219 2983 expeterent,
1236 2940 1275 2971 et
1295 2933 1337 2972 iis
1356 2936 1524 2975 moribus
1544 2946 1676 2977 essent
