1870 3277
278 152 352 187 5328
943 157 1053 194 ISAEI

795 300 1197 339 TESTIMONIUM.

275 374 350 412 Sed
375 383 414 412 ut
440 375 487 413 de
510 376 582 414 hoc
602 390 756 427 quoque
779 385 930 415 constet
953 379 1056 429 quod
1083 379 1197 416 modo
1213 381 1567 423 commemorabam,
1587 393 1606 417 e
1629 381 1712 431 jure

273 444 403 475 nostro
419 451 650 476 reversuram
673 440 720 476 ad
740 439 990 477 Nicodemum
1012 441 1127 477 fuisse
1147 441 1288 486 dotem,
1304 441 1332 477 si
1350 442 1536 479 evenisset
1551 450 1591 478 ut
1610 455 1714 478 soror

271 497 354 547 ejus
373 498 452 536 sine
474 500 578 549 prole
598 500 824 544 decederct;
855 501 955 538 unde
975 502 1219 551 colligebam,
1239 501 1482 552 cupiditatem
1518 502 1712 539 Nicodemi

275 571 471 609 passuram
494 573 567 598 non
584 561 703 597 fuisse
725 570 764 597 ut
783 561 829 598 de
849 561 938 599 dote
960 563 1178 612 praestanda
1194 563 1244 599 nil
1270 570 1420 599 curaret
1440 576 1461 599 a
1483 562 1628 613 Pyrrho
1646 564 1713 599 sibi

273 621 410 664 caveri,
426 622 485 658 cui
506 634 669 658 sororem
691 635 713 659 a
732 636 771 659 sc
791 622 1022 673 desponsam
1042 624 1157 660 fuisse
1179 624 1386 661 indotatam
1410 637 1476 674 pro
1498 624 1713 661 testimonio

273 683 513 720 asseveravit.
573 683 706 721 Recita
734 692 773 721 tu
796 684 893 722 hanc
919 698 1073 736 quoque
1103 687 1221 723 nostri
1245 686 1343 736 juris
1376 698 1395 722 e
1422 685 1554 722 codice
1587 686 1712 734 legum

273 743 510 792 particulam.

895 847 1078 884 LEGES.

271 919 481 959 Videturne
507 922 610 959 vobis
638 921 874 960 Nicodemus
900 924 946 960 ad
977 924 1234 961 emolumenta
1263 931 1339 960 tam
1367 924 1496 973 segnis
1528 932 1603 962 tam
1635 930 1710 962 tor-

271 982 383 1033 pidus
403 991 440 1020 et
460 983 576 1021 hebes
597 983 725 1028 fuisse,
749 992 789 1021 ut
810 996 886 1020 non
908 984 1026 1021 multo
1045 985 1164 1034 magis
1184 985 1255 1021 hoc
1277 985 1313 1021 in
1334 986 1486 1034 negotio
1507 985 1608 1022 unde
1625 998 1713 1036 spes

271 1046 365 1083 lucri
384 1055 488 1084 certa
504 1046 574 1097 ipsi
594 1047 809 1097 affulgeret,
825 1048 855 1084 si
868 1060 953 1085 vere
971 1056 1098 1086 actum
1121 1061 1285 1098 unquam
1305 1048 1453 1092 fuisset,
1474 1061 1622 1086 summa
1638 1062 1715 1098 qua

269 1107 346 1144 fieri
368 1114 497 1158 potest
516 1121 600 1145 cum
622 1108 819 1159 diligentia
839 1116 954 1159 atque
975 1109 1317 1160 circumspectione
1339 1117 1558 1147 versaturus
1581 1110 1713 1148 fuisset

266 1167 421 1218 suisque
446 1170 656 1207 commodis
678 1171 982 1221 prospecturus?
1024 1171 1108 1221 Ego
1128 1171 1284 1221 quidem
1313 1171 1462 1208 medius
1484 1171 1594 1208 fidius
1615 1172 1710 1209 arbi-

266 1231 344 1267 tror
358 1243 444 1268 eum
473 1231 521 1268 ad
550 1231 786 1282 diligentiam
808 1233 859 1270 rei
889 1233 1080 1270 saciundae
1102 1232 1195 1270 nihil
1216 1233 1285 1270 sibi
1318 1232 1503 1282 reliquum
1526 1233 1712 1270 facturum

265 1292 399 1330 fuisse:
431 1293 492 1331 alii
511 1293 678 1344 quidem,
698 1294 762 1345 qui
783 1294 977 1333 mulierem
993 1295 1160 1345 aliquam
1181 1295 1252 1332 sub
1273 1295 1492 1332 conditione
1510 1294 1714 1345 pellicatus

263 1354 456 1392 elocantes
486 1355 689 1405 pecuniam
720 1356 753 1392 ei
776 1356 938 1401 addunt,
964 1356 1088 1394 caveri
1109 1356 1178 1394 sibi
1207 1363 1344 1393 curant
1369 1356 1417 1393 de
1443 1355 1712 1393 emolumentis

263 1428 422 1465 quorum
444 1416 608 1453 fructum
624 1429 775 1467 sperare
791 1417 928 1454 debeat
944 1417 1131 1468 ejusmodi
1147 1416 1294 1468 pellex;
1328 1417 1564 1454 Nicodemus
1586 1423 1710 1454 autem

263 1477 300 1514 in
321 1485 556 1515 sorore—ut
577 1477 984 1529 ait—despondenda,
1004 1479 1076 1517 hoc
1098 1492 1216 1516 unum
1244 1479 1390 1516 scilicet
1415 1479 1644 1528 spectaverit
1672 1487 1713 1515 ut

263 1539 429 1590 legitime
462 1552 545 1577 eam
567 1539 854 1590 desponderet?
884 1540 985 1578 dotis
1017 1549 1054 1578 et
1082 1540 1370 1578 commodorum
1397 1539 1485 1577 inde
1513 1539 1561 1576 ad
1593 1546 1714 1576 semet

263 1601 503 1638 redeuntium
535 1600 680 1638 nullam
703 1615 856 1652 prorsus
883 1602 1061 1639 habuerit
1089 1601 1307 1639 rationem?
1338 1602 1466 1646 illene,
1493 1600 1557 1651 qui
1578 1601 1713 1638 minuti

261 1663 348 1700 aeris
370 1676 500 1708 causa,
522 1662 631 1713 cujus
658 1663 867 1713 cupiditate
892 1663 1064 1701 forenses
1083 1675 1223 1701 causas
1245 1664 1281 1699 in
1303 1662 1557 1700 tribunalibus
1578 1662 1712 1699 vestris

260 1726 408 1769 actitat,
428 1738 592 1773 nequam
611 1738 696 1762 esse
716 1725 820 1763 haud
840 1725 1017 1764 veretur?

316 1789 352 1825 7.
383 1788 525 1825 Verum
546 1786 617 1824 etsi
638 1788 806 1838 nequitia
833 1787 946 1838 hujus
969 1786 1144 1832 hominis,
1164 1799 1223 1824 me
1244 1785 1304 1823 vel
1325 1793 1491 1831 tacente,
1514 1785 1706 1836 plerisque

245 1856 427 1887 rvestrum
442 1849 597 1900 cognita
613 1849 665 1887 ita
680 1857 718 1887 et
734 1858 936 1901 perspecta
950 1856 1022 1895 est,
1040 1856 1082 1886 ut
1096 1848 1186 1885 mihi
1202 1848 1372 1899 quidem,
1387 1847 1435 1885 de
1451 1860 1496 1884 eo
1513 1847 1706 1897 quippiam

261 1911 470 1962 eloquenti,
496 1918 616 1949 testes
639 1925 715 1949 non
741 1918 830 1949 sunt
849 1911 1035 1954 defuturi;
1061 1911 1171 1961 juvat
1195 1916 1322 1947 tamen
1345 1917 1433 1946 ante
1458 1908 1584 1946 omnia
1610 1921 1712 1945 sum-

262 1986 361 2010 niam
381 1973 462 2024 ejus
490 1973 526 2010 in
549 1973 715 2010 dicendo
736 1974 831 2011 falso
852 1972 1070 2010 testimonio
1089 1971 1367 2022 impudentiam
1388 1971 1492 2008 hisce
1512 1983 1713 2021 propemo-

261 2034 351 2072 dum
372 2035 603 2085 argumentis
627 2035 835 2073 denudare.
894 2035 982 2079 Dic,
1008 2034 1137 2077 sodes,
1161 2033 1388 2077 Nicodeme,
1417 2046 1585 2070 sororem
1615 2033 1644 2070 si
1673 2040 1713 2069 tu

262 2096 408 2147 Pyrrho
425 2097 592 2148 legitime
614 2096 851 2149 despondisti
871 2110 916 2135 ex
935 2109 1056 2146 eaque
1077 2096 1176 2134 nosti
1196 2096 1308 2134 filiam
1329 2095 1381 2132 illi
1400 2096 1468 2132 rite
1491 2102 1631 2141 natam,
1648 2108 1716 2132 cur

259 2172 398 2209 passus
419 2172 458 2197 es
477 2159 631 2198 fratrem
651 2167 823 2198 nostrum
840 2159 1092 2197 hereditatem
1109 2158 1243 2210 Pyrrhi
1261 2158 1494 2209 ajudicibus
1516 2163 1645 2208 petere
1665 2159 1713 2194 ab

260 2220 383 2271 iisque
405 2234 489 2259 eam
515 2222 569 2259 illi
591 2222 817 2273 adjudicari,
840 2221 1032 2273 praeterita
1058 2221 1134 2258 filia
1162 2233 1277 2271 quam
1303 2226 1345 2256 tu
1367 2220 1422 2257 ais
1447 2219 1494 2256 ab
1521 2219 1713 2256 avunculo

259 2289 391 2321 nostro
425 2283 594 2320 relictam
632 2283 797 2333 legitime
835 2282 1079 2334 susceptam?
1137 2282 1197 2319 An
1229 2289 1266 2319 te
1304 2281 1476 2332 fugiebat
1509 2293 1575 2331 per
1611 2281 1711 2318 hanc
1731 2307 1734 2310 »

259 2344 378 2394 ipsam
409 2344 629 2382 hereditatis
655 2344 878 2394 petitionem
906 2352 1023 2394 atque
1052 2343 1376 2395 adjudicationem
1396 2341 1511 2380 filiam
1539 2354 1560 2379 e
1585 2354 1712 2379 sorore

257 2413 328 2444 tua
349 2414 477 2445 natam
504 2406 686 2446 declarari
706 2406 900 2458 spuriam?
950 2407 1049 2444 Nam
1076 2407 1249 2457 profecto
1277 2406 1392 2443 frater
1413 2411 1544 2442 noster
1564 2404 1628 2441 illa
1652 2417 1715 2455 pe-

262 2470 377 2509 tenda
396 2478 435 2509 et
454 2470 696 2522 impetranda
716 2470 768 2507 nil
787 2470 890 2507 aliud
909 2470 1011 2516 fecit,
1028 2483 1142 2520 quam
1164 2478 1206 2507 ut
1222 2469 1350 2515 filiam,
1369 2481 1454 2518 quae
1476 2481 1517 2505 se
1536 2468 1610 2505 fert
1629 2469 1710 2515 ejus

261 2545 284 2570 a
303 2546 379 2582 quo
399 2532 588 2570 hereditas
607 2531 741 2570 relicta
759 2531 844 2577 fuit,
865 2531 1032 2581 spuriam
1054 2530 1276 2568 declararet.
1333 2530 1478 2566 Verum
1500 2541 1575 2565 non
1597 2527 1711 2565 modo

259 2595 376 2633 frater
396 2595 435 2633 id
463 2595 570 2641 fecit,
594 2595 662 2633 sed
691 2594 838 2632 dudum
859 2601 948 2631 ante
968 2593 1069 2630 idem
1096 2593 1241 2630 fecerat
1261 2593 1342 2643 ipse
1363 2603 1518 2641 quoque
1541 2590 1710 2641 Pyrrhus

248 2670 306 2695 veo
327 2657 432 2708 quod
448 2658 604 2695 fratrem
623 2663 794 2695 nostrum
814 2669 883 2707 pro
901 2655 978 2693 filio
998 2655 1196 2705 adoptavit
1213 2667 1221 2689 τ
1253 2653 1391 2704 quibus
1407 2652 1506 2689 enim
1528 2652 1615 2689 filiae
1635 2652 1711 2689 sint

252 2720 426 2771 legitime
447 2721 636 2772 quaesitae,
658 2733 789 2758 eorum
811 2719 905 2757 nulli
924 2732 992 2770 per
1010 2718 1116 2769 leges
1138 2717 1227 2755 licet
1250 2722 1519 2754 testamentum
1546 2715 1711 2753 scribere

253 2788 325 2820 aut
346 2783 545 2833 praeteritis
564 2782 716 2821 filiabus
737 2791 774 2820 et
800 2782 837 2819 in
860 2781 1031 2819 fraudem
1052 2791 1180 2817 earum
1201 2777 1265 2815 alii
1284 2777 1501 2827 cuicunque
1522 2778 1707 2815 bonorum

257 2857 416 2882 suorum
438 2852 583 2894 partem
604 2844 747 2882 donare
765 2844 908 2895 legare.
968 2842 1011 2879 Id
1036 2840 1139 2892 quod
1160 2853 1226 2878 vos
1253 2839 1326 2891 ipsi
1353 2853 1373 2877 e
1398 2839 1548 2890 legibus
1567 2837 1708 2876 intelli-

259 2906 371 2956 getis,
388 2920 473 2943 cum
498 2908 672 2944 recitatas
693 2905 901 2943 audieritis.
960 2904 1096 2943 Recita
1116 2910 1155 2940 tu
1174 2901 1245 2940 illis
1264 2901 1392 2939 hasce.
