1870 3277
219 180 243 215 6
808 174 1095 212 lSOCRATlS

219 280 392 331 populari
413 277 568 328 (legenti
591 276 787 327 republica
810 277 1017 313 multitudo
1037 275 1201 313 colenda
1223 281 1293 318 est,
1319 275 1372 313 sic
1393 282 1433 313 et
1453 288 1538 313 eum
1559 276 1622 325 qui
1645 276 1680 311 in

220 341 378 391 imperio
416 339 520 389 regio
557 338 748 383 consedit,
785 351 912 387 regem
949 337 1128 374 admirari
1168 342 1334 386 oportet.
1409 336 1680 385 Magistratum

220 403 397 451 adeptus,
412 400 556 437 nullius
577 399 738 449 improbi
761 399 968 435 ministerio
988 399 1023 435 in
1041 399 1230 435 obeundis
1251 397 1415 445 nogotiis
1431 398 1566 434 utitor:
1594 409 1681 433 nam

218 462 399 513 quicquid
424 462 485 499 ille
506 460 720 510 deliquerit,
742 459 776 496 id
798 460 862 496 tibi
880 459 1142 509 imputabitur.
1189 460 1217 495 Α
1239 458 1401 509 publicis
1422 458 1682 494 functionibus

219 524 389 567 discede,
420 535 496 560 naon
523 521 752 572 locupletior
776 520 843 557 sed
872 520 1087 557 laudatior:
1124 520 1245 569 gloria
1271 519 1370 555 enim
1404 524 1443 555 et
1471 517 1553 554 laus
1581 525 1682 555 recte

219 586 407 622 factorum
436 583 586 633 magnis
616 582 753 632 opibus
782 587 844 618 est
868 580 1121 632 praeserenda.
1183 580 1335 617 Nullius
1356 578 1517 629 improbi
1545 579 1685 627 negotii

219 646 278 682 vel
308 646 461 696 adjutor
480 644 537 681 vel
567 649 753 692 patronus
774 654 859 679 esse
881 642 997 679 velis:
1030 654 1116 678 nam
1139 649 1177 678 et
1197 642 1364 691 teipsum
1394 639 1531 676 eadem
1558 639 1683 676 facere

219 708 409 757 putabunt
440 718 528 755 quae
563 705 611 741 ab
643 704 724 741 aliis
757 703 858 740 facta
892 702 1126 740 defenderis.
1196 703 1260 739 Sic
1293 710 1330 739 te
1362 708 1496 751 parato
1527 708 1569 737 ut
1600 699 1683 736 aliis

219 768 305 818 plus
332 767 469 818 possis,
499 774 537 803 et
564 778 679 815 aequo
705 771 835 802 tamen
860 763 948 814 jure
976 776 1064 800 cum
1089 763 1237 800 caeteris
1267 762 1398 808 vivito,
1431 770 1472 799 ut
1505 768 1540 798 te
1567 761 1683 811 justi-

218 829 308 866 tiam
331 829 455 866 colere
484 833 669 878 appareat
694 839 771 863 non
799 838 843 862 ex
870 825 1131 862 imbecillitate
1160 824 1228 861 sed
1256 831 1411 874 propter
1442 822 1680 873 aequitatem.

220 890 489 941 Paupertatem
518 902 604 926 curn
632 887 784 939 justitia
810 886 1057 936 conjunctam
1084 886 1222 935 opibus
1249 885 1348 922 male
1374 884 1492 934 partis
1522 891 1682 932 antepo-

219 952 322 989 nito:
352 964 439 988 nam
464 949 614 1001 justitia
634 947 810 999 pecuniis
831 959 879 984 eo
898 946 1143 997 praestantior
1163 953 1236 990 est,
1258 945 1361 995 quod
1382 945 1443 981 hae
1464 944 1680 981 viventibus

219 1018 368 1049 tantum
400 1017 576 1063 prosunt,
601 1009 668 1047 illa
697 1009 811 1047 etiam
841 1007 1034 1045 defunctis
1062 1007 1220 1057 gloriam
1250 1006 1364 1057 parit,
1395 1006 1456 1042 hae
1486 1005 1544 1042 vel
1573 1005 1683 1042 malis

218 1073 436 1111 hominibus
458 1072 705 1121 contingunt,
726 1071 829 1107 illam
851 1069 1013 1120 improbi
1036 1067 1144 1105 nullo
1165 1067 1349 1117 consequi
1371 1067 1486 1105 modo
1507 1073 1683 1118 possunt.

219 1135 419 1172 Neminem
441 1145 571 1170 eorum
594 1132 658 1182 qui
680 1131 794 1168 lucris
815 1130 960 1181 injustis
982 1130 1154 1166 ditantur
1173 1128 1368 1173 aemulare‚
1390 1128 1459 1165 sed
1476 1140 1543 1165 eos
1565 1127 1683 1177 pluris

217 1196 334 1233 facito
351 1195 414 1246 qui
436 1196 485 1233 ob
506 1193 667 1245 justitiae
688 1193 856 1230 studium
880 1191 1120 1229 detrimentis
1146 1190 1385 1227 afficiuntur:
1416 1202 1502 1227 nam
1519 1189 1632 1240 justi,
1653 1189 1683 1225 si

217 1256 323 1294 nulla
345 1269 385 1294 re
407 1256 481 1293 alia
502 1254 654 1305 injustis
674 1259 876 1304 praestant,
895 1266 963 1303 spe
979 1259 1083 1290 certe
1099 1253 1202 1289 bona
1217 1259 1307 1289 sunt
1321 1252 1552 1302 superiores.
1583 1251 1682 1287 Cum

217 1318 384 1355 omnium
407 1330 531 1354 rerum
554 1328 642 1366 quae
664 1315 712 1352 ad
733 1315 849 1352 vitani
880 1314 1100 1364 degendam
1132 1313 1298 1351 attinent
1326 1326 1457 1351 curam
1485 1313 1683 1363 suscipite),

216 1385 296 1416 tum
315 1378 470 1429 ingenio
491 1375 703 1414 excolendo
723 1375 782 1412 vel
801 1376 963 1413 maxime
984 1375 1154 1412 intentus
1176 1381 1282 1412 esto:
1313 1375 1482 1411 maxima
1501 1374 1601 1412 enim
1623 1386 1683 1411 res

216 1440 253 1476 in
276 1453 314 1477 re
335 1439 489 1476 minima
509 1445 567 1475 est
585 1439 690 1474 bona
707 1449 816 1473 mens
838 1437 873 1473 iu
896 1449 1055 1486 corpore
1074 1436 1259 1473 humano.
1318 1436 1381 1473 Da
1400 1449 1557 1487 operam
1582 1442 1626 1473 ut
1645 1442 1685 1473 et

215 1513 374 1551 corpore
405 1500 458 1537 sis
487 1498 692 1543 laborioso,
724 1505 763 1534 et
792 1497 920 1534 animo
949 1496 1137 1543 studioso,
1157 1504 1201 1533 ut
1220 1497 1342 1534 altero
1362 1498 1543 1547 perficere
1563 1509 1683 1547 queas

216 1562 387 1606 decreta,
417 1560 538 1597 altero
569 1558 789 1610 prospicere
818 1557 916 1595 scias
945 1558 1158 1608 profutura.
1216 1558 1412 1607 Quicquid
1433 1558 1604 1595 dicturus
1625 1570 1683 1603 es,

216 1623 320 1673 prius
343 1635 429 1660 cum
451 1621 580 1659 animo
601 1628 667 1657 tuo
688 1625 847 1670 reputa:
879 1619 989 1656 multi
1011 1619 1110 1656 enim
1133 1625 1224 1655 sunt
1242 1632 1403 1668 quorum
1427 1618 1560 1668 lingua
1578 1619 1682 1669 cogi-

215 1684 350 1721 tationi
369 1688 598 1720 antevertat.
655 1680 746 1717 Duo
776 1679 962 1730 loquendi
989 1687 1162 1730 tempora
1195 1680 1403 1725 constitue,
1437 1679 1599 1717 alterum
1635 1679 1684 1718 de

216 1745 330 1782 rebus
351 1744 417 1780 tibi
437 1742 549 1794 plane
571 1740 749 1790 cognitis,
772 1740 933 1778 alterum
956 1739 1003 1777 de
1025 1740 1069 1777 iis
1090 1754 1178 1790 quae
1199 1741 1419 1778 necessario
1440 1747 1532 1777 sunt
1551 1740 1682 1778 dicen-

215 1807 287 1844 da:
319 1807 356 1842 in
385 1804 444 1842 his
465 1803 564 1841 enim
585 1802 677 1840 solis
699 1801 892 1839 silentium
913 1800 1112 1839 antecellit
1130 1802 1266 1848 oratio,
1283 1802 1319 1849 in
1341 1802 1424 1839 aliis
1445 1814 1535 1838 vero
1555 1807 1682 1839 tacere

215 1868 336 1906 satius
352 1874 410 1904 est
430 1878 545 1916 q-uam
567 1864 686 1914 loqui.
744 1862 849 1899 Nihil
866 1875 990 1900 rerum
1007 1862 1260 1900 humanarum
1281 1876 1365 1900 esse
1383 1864 1531 1900 firmum
1554 1863 1681 1900 existi-

215 1941 300 1966 ma:
330 1927 383 1964 sic
399 1928 463 1963 fiet
485 1933 527 1963 ut
546 1938 618 1963 nec
638 1924 675 1961 in
697 1923 811 1961 rebus
832 1923 1011 1961 secundis
1034 1923 1166 1961 laetitia
1186 1924 1373 1968 exsultes,
1396 1938 1467 1962 nec
1487 1924 1522 1961 in
1546 1924 1681 1962 adver·

216 1990 268 2027 sis
297 1986 568 2026 consterneris.
626 1986 677 2022 Et
701 1985 874 2034 gaudere
905 1985 1024 2022 debes
1053 1985 1168 2022 rebus
1199 1985 1396 2031 secundis,
1419 1992 1458 2023 et
1478 1985 1677 2023 moderate

215 2052 312 2088 ferre
341 2049 513 2086 dolorem
542 2046 822 2091 calamitatum,
848 2046 918 2083 sed
947 2053 1111 2095 utraque
1141 2046 1408 2084 dissimulato:
1439 2060 1558 2097 quum
1579 2048 1678 2084 enim

216 2110 321 2149 domi
342 2122 436 2160 opes
464 2108 719 2153 occultemus,
740 2107 946 2144 absurdum
975 2107 1091 2143 fuerit
1116 2115 1251 2157 aperto
1271 2108 1397 2145 animo
1416 2107 1679 2146 obambulare.

218 2171 348 2222 Magis
369 2183 461 2208 cave
480 2169 816 2219 reprehensionem
838 2181 949 2217 quam
968 2168 1204 2218 periculum3
1237 2182 1325 2206 nam
1350 2177 1391 2206 ut
1406 2169 1492 2206 vitae
1513 2169 1598 2206 finis
1615 2169 1682 2206 im-

215 2234 360 2285 probis,
396 2232 450 2269 sic
482 2232 594 2268 bonis
623 2230 711 2267 viris
747 2229 1001 2280 ignominiosa
1033 2230 1110 2267 vita
1138 2229 1391 2267 formidolosa
1423 2243 1512 2267 esse
1551 2230 1680 2267 debet.
1721 2256 1723 2259 v

210 2295 386 2346 Operam
411 2293 447 2330 in
467 2291 599 2342 primis
620 2291 711 2328 dato
729 2297 771 2328 ut
792 2292 828 2328 in
851 2297 935 2328 tuto
954 2291 1081 2328 vivere
1100 2303 1241 2340 queas;
1273 2291 1341 2327 sed
1362 2290 1391 2327 si
1412 2291 1570 2340 quando
1591 2298 1684 2328 tem»

215 2368 288 2407 pus
313 2353 489 2392 inciderit
516 2359 559 2390 ut
585 2352 756 2404 pericula
783 2351 859 2389 sint
887 2351 1081 2397 adeunda,
1106 2352 1310 2390 incolumis
1340 2366 1360 2389 e
1388 2353 1493 2390 bello
1518 2354 1681 2392 evadere

215 2416 328 2455 stude
344 2428 430 2453 cum
450 2414 565 2452 laude
582 2422 620 2451 et
633 2414 769 2464 gloria,
784 2427 859 2451 non
880 2427 968 2451 cum
983 2413 1141 2451 infamia
1160 2421 1198 2451 et
1214 2415 1423 2457 dedecore3
1456 2428 1543 2452 nam
1559 2416 1680 2453 fatum

215 2491 349 2516 omnes
370 2476 480 2526 quasi
501 2475 638 2526 capitis
658 2475 943 2519 condemnavit,
962 2482 1122 2513 mortem
1144 2483 1271 2513 autem
1293 2475 1453 2514 honeste
1473 2478 1683 2528 oppetitam

215 2545 353 2577 natura
371 2537 564 2588 peculiare
583 2537 850 2588 praestantium
870 2537 1034 2574 virorum
1057 2550 1196 2574 munus
1216 2551 1298 2575 esse
1317 2537 1453 2575 voluit.

269 2601 310 2637 5.
338 2598 479 2648 Neque
497 2611 585 2636 vero
604 2597 730 2636 mirari
752 2598 887 2643 debes,
908 2598 1030 2635 multa
1050 2610 1097 2635 ex
1118 2597 1163 2635 iis
1179 2611 1267 2648 quae
1289 2598 1471 2644 diximus,
1491 2598 1551 2636 isti
1572 2599 1678 2637 aetati

217 2668 297 2699 tuae
315 2673 392 2698 non
410 2659 640 2697 convenire:
669 2672 758 2697 nam
778 2659 817 2696 id
839 2672 899 2697 me
920 2673 1073 2710 quoque
1091 2672 1168 2697 uon
1193 2660 1391 2710 praeteriit,
1414 2660 1482 2698 sed
1503 2662 1678 2711 proposi-

214 2729 297 2761 tum
317 2721 408 2759 mihi
427 2721 512 2766 fuit,
531 2734 610 2758 una
629 2721 842 2772 eademque
858 2734 977 2772 opera
991 2728 1031 2759 et
1046 2721 1094 2758 de
1114 2722 1291 2772 praesenti
1307 2722 1396 2759 vitae
1416 2722 1562 2760 ratione
1583 2736 1677 2760 con-

213 2784 340 2822 silium
369 2795 546 2834 promere
567 2790 610 2820 et
638 2782 732 2833 quid
756 2782 795 2820 in
820 2790 1019 2833 posterum
1048 2783 1115 2820 tibi
1142 2782 1363 2821 faciendum
1393 2790 1499 2821 esset
1526 2783 1678 2821 denun-

213 2846 324 2886 tiare.
381 2844 480 2882 Nam
508 2857 620 2881 usum
646 2843 801 2895 quidem
829 2843 962 2881 horum
989 2844 1103 2881 facile
1131 2843 1336 2894 intelliges,
1362 2844 1515 2882 fidelem
1544 2851 1674 2883 autem

210 2914 251 2945 et
268 2904 498 2944 benevolum
518 2905 745 2943 monitorem
774 2905 881 2943 haud
905 2911 1048 2943 temere
1069 2903 1255 2943 invenies.
1314 2904 1373 2942 Ne
1394 2905 1511 2956 igitur
1531 2913 1674 2945 caetera
