1870 3277
913 436 1073 526 viil.

375 614 466 660 AD
505 611 1069 660 MYTILENAEORUM
1110 611 1600 659 MAGISTRATUS.

324 824 353 859 1.
388 822 594 860 Arriam-:1
618 821 737 864 liberi,
757 821 830 858 mei
852 828 1025 872 nepotes,
1052 821 1098 858 ab
1121 822 1297 872 Agenore
1319 822 1353 859 in
1382 823 1538 860 musicis
1565 823 1717 867 cruditi,

266 896 326 921 me
346 891 503 922 orarunt
524 891 567 920 ut
586 896 653 920 vos
674 896 740 933 per
763 882 891 919 literas
911 895 1098 932 rogarem,
1121 890 1174 926 nt,
1195 883 1349 932 quando
1370 883 1482 921 etiam
1504 884 1598 922 alios
1624 899 1717 922 non-

266 946 392 984 nullos
423 948 470 984 ab
492 946 627 984 exsilio
654 946 874 990 revocastis,
896 953 934 982 et
965 946 1068 983 hunc
1099 958 1186 982 curn
1212 953 1319 996 patre
1340 954 1377 984 ct
1403 946 1583 986 fratribus
1604 951 1716 987 resti·

265 1009 396 1045 tuatis.
452 1008 602 1050 Quibus
630 1020 702 1058 ego
721 1020 839 1057 quum
865 1007 1029 1045 dicerem
1061 1007 1179 1044 vereri
1202 1020 1261 1044 me
1289 1020 1338 1044 ne
1359 1008 1470 1045 nimis
1496 1010 1660 1048 absurde
1681 1019 1718 1048 et

265 1068 509 1119 impudenter
529 1068 655 1106 facere
672 1068 832 1111 viderer,
844 1068 907 1118 qui
928 1080 1008 1105 rem
1028 1074 1175 1106 tantam
1196 1081 1218 1104 a
1232 1068 1334 1111 viris,
1356 1081 1443 1105 curn
1460 1069 1599 1119 quibus
1619 1084 1716 1108 nun-

264 1143 379 1181 quam
399 1130 505 1181 prius
526 1129 584 1167 vel
601 1129 816 1167 collocutus
838 1129 895 1167 vel
917 1129 1168 1167 familiaritate
1189 1129 1420 1180 conjunctus
1440 1144 1580 1175 essem,
1600 1133 1716 1184 impe-

264 1199 362 1230 trare
382 1191 675 1236 studerem‚hac
691 1192 941 1230 excusatione
961 1190 1091 1229 audita
1111 1191 1284 1242 rogando
1300 1192 1420 1230 multo
1441 1193 1560 1243 magis
1577 1194 1716 1232 instare

262 1261 473 1305 coeperunt.
552 1253 626 1290 Ubi
664 1266 754 1290 vero
793 1267 858 1304 spe
895 1266 965 1291 sua
1003 1266 1158 1304 prorsus
1202 1254 1499 1299 frustrabantur,
1538 1256 1715 1294 omnibus

264 1317 474 1366 apparebat
497 1328 563 1353 eos
591 1314 692 1352 affici
724 1315 900 1353 molestia
930 1321 969 1353 et
1003 1315 1195 1367 repulsam
1223 1316 1388 1366 graviter
1419 1317 1526 1355 ferre.
1585 1319 1712 1362 Quum

263 1383 391 1414 autem
412 1389 478 1414 eos
499 1375 762 1414 vehementius
788 1375 917 1414 dolere
936 1376 1106 1414 viderem
1125 1389 1238 1427 quam
1259 1377 1436 1422 decebat,
1455 1379 1610 1417 tandem
1631 1380 1714 1431 pol-

260 1435 386 1474 licitus
407 1450 490 1474 sum
510 1450 571 1474 me
590 1436 690 1475 hanc
711 1437 913 1488 epistolam
934 1437 1163 1488 scripturum
1183 1438 1286 1475 etad
1307 1451 1375 1475 vos
1391 1438 1594 1478 missurum
1614 1454 1713 1479 esse.

261 1497 388 1548 Atque
408 1497 493 1536 haec
512 1496 638 1535 habeo
654 1510 741 1548 quae
760 1497 884 1534 dicam
905 1497 955 1535 ad
975 1497 1264 1549 deprecandum
1286 1499 1458 1537 stultitiae
1478 1508 1516 1538 et
1537 1501 1717 1553 importu-

259 1560 390 1597 nitatis
409 1561 565 1598 crimen.

315 1622 352 1657 2.
385 1620 560 1658 Arbitror
589 1627 716 1658 autem
750 1633 817 1658 vos
847 1621 1056 1671 prudenter
1087 1621 1241 1665 fecisse,
1278 1622 1342 1672 qui
1380 1630 1417 1660 et
1447 1636 1533 1661 cum
1569 1625 1713 1663 civibus

258 1681 396 1720 vestris
411 1683 448 1719 in
469 1681 631 1732 gratiam
653 1681 855 1724 redieritis,
874 1689 912 1719 et
925 1686 1080 1734 Operam
1097 1681 1277 1721 dederitis
1290 1691 1333 1721 ut
1344 1684 1519 1725 exsulum
1533 1698 1714 1724 numerus

259 1743 466 1788 minuatur,
486 1743 674 1781 sociorum
691 1743 729 1781 in
748 1742 946 1794 republica
964 1744 1083 1795 major
1102 1745 1182 1789 fiat,
1203 1752 1242 1782 et
1262 1745 1299 1782 in
1318 1746 1391 1784 ista
1407 1747 1593 1786 seditione
1610 1750 1712 1787 urbis

259 1813 400 1866 nostrae
425 1805 642 1857 exemplum
663 1805 875 1843 imitemini.
934 1805 1035 1843 Illud
1060 1813 1188 1844 autem
1208 1806 1246 1844 in
1266 1808 1396 1859 primis
1417 1808 1532 1847 laude
1551 1810 1710 1861 (lignum

257 1876 328 1911 est,
347 1867 451 1919 quod
466 1867 662 1905 exsulibus
678 1873 829 1918 ereptas
851 1880 943 1919 opes
962 1880 1038 1905 una
1051 1881 1140 1905 cum
1156 1869 1278 1920 patria
1296 1869 1512 1909 restituitis:
1541 1872 1709 1910 ostendi-

257 1933 305 1970 tis
325 1931 425 1968 enim
445 1936 484 1967 et
504 1929 681 1967 omnibus
702 1930 918 1974 declaratis,
938 1943 1006 1968 vos
1032 1943 1109 1967 non
1137 1930 1346 1969 alienarum
1365 1944 1481 1983 opum
1501 1933 1711 1985 cupiditate

258 1992 454 2044 impulsos,
473 1992 541 2030 sed
560 1991 721 2043 reipubl.
743 1997 974 2036 metuentes,
995 1992 1088 2029 urbe
1107 2005 1173 2030 eos
1189 1992 1361 2043 ejecisse.

312 2057 348 2091 3.
378 2053 535 2097 Verum,
555 2052 704 2090 etiamsi
730 2052 824 2090 nihil
842 2052 980 2090 horum
1007 2053 1276 2091 decrevissetis
1303 2066 1377 2092 nec
1396 2054 1516 2091 ullum
1537 2056 1706 2094 exsulem

256 2115 486 2165 reciperetis,
504 2127 524 2152 e
553 2127 593 2152 re
612 2121 740 2152 vestra
761 2121 888 2152 tamen
923 2127 1008 2152 esse
1039 2121 1212 2165 putarem
1239 2122 1280 2152 ut
1307 2115 1366 2152 his
1395 2115 1442 2153 de
1467 2116 1604 2167 quibus
1634 2131 1708 2168 ego

257 2176 381 2214 scribo
400 2175 561 2225 patriam
582 2174 809 2214 redderetis.
865 2176 995 2217 Quum
1011 2175 1220 2213 eniminter
1234 2189 1367 2214 omnes
1386 2184 1535 2216 constet
1545 2185 1707 2216 vestram

256 2240 387 2277 urbem
408 2238 544 2289 peritia
571 2237 730 2275 musicae
750 2238 926 2276 omnibus
946 2237 1192 2285 antecellere,
1211 2244 1250 2276 et
1268 2240 1368 2276 viros
1387 2239 1425 2276 in
1443 2252 1489 2278 ea
1511 2247 1590 2278 arte
1606 2241 1706 2278 cele-

254 2302 438 2340 berrimos
453 2300 556 2352 apud
572 2313 638 2338 vos
659 2314 744 2339 esse
763 2308 889 2347 natos,
905 2308 1013 2352 turpe
1027 2301 1140 2339 fuerit
1157 2315 1258 2346 eum,
1272 2301 1336 2353 qui
1355 2303 1573 2353 cognitione
1592 2304 1706 2352 hujus
1725 2305 1727 2308 “

254 2362 468 2414 disciplinae
487 2369 632 2400 nostrae
651 2361 776 2399 aetatis
798 2363 965 2400 artifices
985 2370 1153 2414 superat,
1175 2363 1242 2401 tali
1267 2363 1417 2401 civitate
1436 2364 1637 2410 exsulare;
1669 2375 1706 2403 et

254 2438 371 2476 quum
386 2425 516 2463 caeteri
536 2424 666 2462 Graeci
687 2437 754 2462 eos
774 2425 840 2474 qui
860 2424 987 2474 aliquo
1006 2424 1172 2463 honesto
1192 2425 1320 2463 studio
1334 2426 1542 2470 excellunt,
1558 2429 1704 2465 tametsi

254 2500 410 2539 prorsus
429 2486 588 2529 alienos,
608 2485 761 2523 civitate
778 2485 919 2523 donare
939 2485 1104 2528 soleant,
1124 2499 1204 2531 vos,
1225 2499 1384 2537 quorum
1405 2487 1508 2538 apud
1524 2487 1617 2525 alios
1633 2488 1704 2526 hac

252 2550 299 2588 de
314 2562 431 2587 causa
451 2548 601 2587 celebre
620 2560 761 2586 nomen
781 2554 853 2592 est,
875 2547 1112 2585 committere
1126 2553 1168 2584 ut
1188 2548 1279 2586 civis
1299 2555 1425 2586 vester
1437 2548 1538 2599 apud
1551 2557 1702 2588 exteros

252 2611 476 2661 inquilinum
499 2616 602 2661 agat.
660 2609 837 2648 Demiror
852 2608 1029 2660 equidem
1048 2622 1112 2646 eas
1128 2609 1318 2654 civitates,
1337 2623 1424 2660 quae
1443 2610 1586 2661 majora
1605 2602 1701 2662 pree-

252 2673 327 2709 mia
351 2672 557 2709 victoribus
588 2672 627 2709 in
659 2670 760 2708 ludis
789 2670 976 2722 gymnicis
1004 2670 1216 2708 decernunt
1240 2684 1352 2721 quam
1380 2670 1439 2708 his
1467 2672 1531 2721 qui
1559 2672 1701 2724 ingenii

250 2733 405 2771 solertia
424 2741 462 2771 et
481 2733 670 2771 industria
691 2745 762 2771 sua
781 2733 869 2770 vitae
888 2732 1032 2783 aliquid
1053 2732 1144 2770 utile
1165 2741 1397 2784 repererunt,
1421 2747 1547 2784 neque
1573 2737 1700 2774 consi-

249 2795 386 2833 derant
403 2795 547 2846 pedum
562 2795 796 2834 celeritatem
814 2802 851 2832 et
876 2795 991 2833 robur
1015 2801 1135 2832 morte
1155 2808 1233 2832 una
1251 2808 1336 2833 cum
1357 2808 1514 2846 corpore
1535 2797 1700 2841 interire,

249 2857 384 2895 artium
404 2864 531 2894 autem
545 2870 629 2894 eam
646 2870 730 2895 esse
751 2864 926 2895 naturam
942 2864 985 2894 ut
997 2863 1184 2908 perpetuo
1199 2856 1337 2895 durent
1352 2857 1488 2908 suique
1505 2859 1699 2898 studiosos

246 2931 393 2970 semper
418 2920 564 2969 juvent.
625 2919 723 2957 Haec
753 2919 1004 2969 prudentibus
1032 2918 1311 2957 consideranda
1339 2926 1439 2962 sunt,
1474 2927 1516 2958 ut
1548 2922 1699 2959 maximi
