<?xml version="1.0" encoding="UTF-8"?>
<!DOCTYPE html PUBLIC "-//W3C//DTD XHTML 1.0 Transitional//EN"
    "http://www.w3.org/TR/xhtml1/DTD/xhtml1-transitional.dtd">
<html xmlns="http://www.w3.org/1999/xhtml" xml:lang="en" lang="en">
 <head>
  <title>
</title>
<meta http-equiv="Content-Type" content="text/html;charset=utf-8" />
  <meta name='ocr-system' content='tesseract 3.04.00' />
  <meta name='ocr-capabilities' content='ocr_page ocr_carea ocr_par ocr_line ocrx_word'/>
</head>
<body>
  <div class='ocr_page' id='page_1' title='image "./oratoresatticie14dobs_0094.png"; bbox 0 0 1870 3277; ppageno 0'>
   <div class='ocr_carea' id='block_1_1' title="bbox 281 194 1161 232">
    <p class='ocr_par' dir='ltr' id='par_1_1' title="bbox 281 194 1161 232">
     <span class='ocr_line' id='line_1_1' title="bbox 281 194 1161 232; baseline 0.001 -2"><span class='ocrx_word' id='word_1_1' title='bbox 281 196 329 231; x_wconf 83' lang='lat'>82</span> <span class='ocrx_word' id='word_1_2' title='bbox 874 194 1161 232; x_wconf 77' lang='lat' dir='ltr'><strong>[SOCRATIS</strong></span> 
     </span>
    </p>
   </div>
   <div class='ocr_carea' id='block_1_2' title="bbox 280 290 1766 3002">
    <p class='ocr_par' dir='ltr' id='par_1_2' title="bbox 280 290 1754 718">
     <span class='ocr_line' id='line_1_2' title="bbox 337 290 1751 347; baseline -0.004 -15"><span class='ocrx_word' id='word_1_3' title='bbox 337 297 400 333; x_wconf 86' lang='lat'>34.</span> <span class='ocrx_word' id='word_1_4' title='bbox 433 296 528 334; x_wconf 89' lang='lat' dir='ltr'>Dies</span> <span class='ocrx_word' id='word_1_5' title='bbox 557 308 617 334; x_wconf 90' lang='lat' dir='ltr'>me</span> <span class='ocrx_word' id='word_1_6' title='bbox 647 295 845 342; x_wconf 87' lang='lat' dir='ltr'>defecerit,</span> <span class='ocrx_word' id='word_1_7' title='bbox 868 296 899 334; x_wconf 84' lang='lat' dir='ltr'>si</span> <span class='ocrx_word' id='word_1_8' title='bbox 928 303 1075 347; x_wconf 82' lang='lat' dir='ltr'>quanto</span> <span class='ocrx_word' id='word_1_9' title='bbox 1105 309 1174 334; x_wconf 90' lang='lat' dir='ltr'>nos</span> <span class='ocrx_word' id='word_1_10' title='bbox 1200 294 1356 333; x_wconf 89' lang='lat' dir='ltr'>meliore</span> <span class='ocrx_word' id='word_1_11' title='bbox 1382 293 1604 333; x_wconf 90' lang='lat' dir='ltr'>conditione</span> <span class='ocrx_word' id='word_1_12' title='bbox 1635 290 1751 329; x_wconf 84' lang='lat' dir='ltr'>futuri</span> 
     </span>
     <span class='ocr_line' id='line_1_3' title="bbox 283 356 1752 409; baseline -0.003 -14"><span class='ocrx_word' id='word_1_13' title='bbox 283 358 401 395; x_wconf 91' lang='lat' dir='ltr'>simus</span> <span class='ocrx_word' id='word_1_14' title='bbox 421 358 612 409; x_wconf 88' lang='lat' dir='ltr'>explicare</span> <span class='ocrx_word' id='word_1_15' title='bbox 632 358 849 409; x_wconf 82' lang='lat' dir='ltr'>aggrediar.</span> <span class='ocrx_word' id='word_1_16' title='bbox 909 358 1010 397; x_wconf 92' lang='lat' dir='ltr'>Illud</span> <span class='ocrx_word' id='word_1_17' title='bbox 1031 365 1135 396; x_wconf 88' lang='lat' dir='ltr'>certe</span> <span class='ocrx_word' id='word_1_18' title='bbox 1151 357 1306 408; x_wconf 88' lang='lat' dir='ltr'>quidem</span> <span class='ocrx_word' id='word_1_19' title='bbox 1323 356 1419 395; x_wconf 89' lang='lat' dir='ltr'>inter</span> <span class='ocrx_word' id='word_1_20' title='bbox 1434 369 1566 395; x_wconf 79' lang='lat' dir='ltr'>omnes</span> <span class='ocrx_word' id='word_1_21' title='bbox 1584 361 1752 399; x_wconf 78' lang='lat' dir='ltr'>constat,</span> 
     </span>
     <span class='ocr_line' id='line_1_4' title="bbox 281 415 1752 470; baseline -0.002 -15"><span class='ocrx_word' id='word_1_22' title='bbox 281 431 352 456; x_wconf 87' lang='lat' dir='ltr'>nos</span> <span class='ocrx_word' id='word_1_23' title='bbox 374 419 531 470; x_wconf 88' lang='lat' dir='ltr'>reliquis</span> <span class='ocrx_word' id='word_1_24' title='bbox 553 420 705 458; x_wconf 77' lang='lat' dir='ltr'>Graccis</span> <span class='ocrx_word' id='word_1_25' title='bbox 725 419 956 458; x_wconf 84' lang='lat' dir='ltr'>antecellere</span> <span class='ocrx_word' id='word_1_26' title='bbox 978 432 1055 457; x_wconf 89' lang='lat' dir='ltr'>non</span> <span class='ocrx_word' id='word_1_27' title='bbox 1077 419 1343 470; x_wconf 85' lang='lat' dir='ltr'>magnitudine</span> <span class='ocrx_word' id='word_1_28' title='bbox 1363 419 1466 456; x_wconf 89' lang='lat' dir='ltr'>urbis</span> <span class='ocrx_word' id='word_1_29' title='bbox 1487 431 1556 456; x_wconf 92' lang='lat' dir='ltr'>nec</span> <span class='ocrx_word' id='word_1_30' title='bbox 1579 415 1752 455; x_wconf 88' lang='lat' dir='ltr'>multitu-</span> 
     </span>
     <span class='ocr_line' id='line_1_5' title="bbox 281 478 1752 533; baseline -0.004 -14"><span class='ocrx_word' id='word_1_31' title='bbox 281 482 369 519; x_wconf 85' lang='lat' dir='ltr'>dine</span> <span class='ocrx_word' id='word_1_32' title='bbox 397 482 575 528; x_wconf 89' lang='lat' dir='ltr'>virorum,</span> <span class='ocrx_word' id='word_1_33' title='bbox 603 483 673 521; x_wconf 89' lang='lat' dir='ltr'>sed</span> <span class='ocrx_word' id='word_1_34' title='bbox 702 495 748 520; x_wconf 94' lang='lat' dir='ltr'>eo</span> <span class='ocrx_word' id='word_1_35' title='bbox 774 482 879 532; x_wconf 83' lang='lat' dir='ltr'>quod</span> <span class='ocrx_word' id='word_1_36' title='bbox 906 489 1039 520; x_wconf 88' lang='lat' dir='ltr'>nostra</span> <span class='ocrx_word' id='word_1_37' title='bbox 1067 482 1286 533; x_wconf 86' lang='lat' dir='ltr'>respublica</span> <span class='ocrx_word' id='word_1_38' title='bbox 1315 480 1498 519; x_wconf 86' lang='lat' dir='ltr'>exercitui</span> <span class='ocrx_word' id='word_1_39' title='bbox 1528 478 1660 517; x_wconf 90' lang='lat' dir='ltr'>similis</span> <span class='ocrx_word' id='word_1_40' title='bbox 1693 484 1752 514; x_wconf 87' lang='lat' dir='ltr'>est</span> 
     </span>
     <span class='ocr_line' id='line_1_6' title="bbox 280 541 1754 594; baseline -0.005 -12"><span class='ocrx_word' id='word_1_41' title='bbox 280 545 382 582; x_wconf 90' lang='lat' dir='ltr'>bene</span> <span class='ocrx_word' id='word_1_42' title='bbox 408 545 620 583; x_wconf 89' lang='lat' dir='ltr'>constituto</span> <span class='ocrx_word' id='word_1_43' title='bbox 641 550 679 582; x_wconf 87' lang='lat' dir='ltr'>et</span> <span class='ocrx_word' id='word_1_44' title='bbox 698 556 831 594; x_wconf 88' lang='lat' dir='ltr'>parere</span> <span class='ocrx_word' id='word_1_45' title='bbox 851 543 1015 582; x_wconf 89' lang='lat' dir='ltr'>ducibus</span> <span class='ocrx_word' id='word_1_46' title='bbox 1036 543 1191 582; x_wconf 86' lang='lat' dir='ltr'>volenti.</span> <span class='ocrx_word' id='word_1_47' title='bbox 1250 542 1366 585; x_wconf 87' lang='lat' dir='ltr'>Quod</span> <span class='ocrx_word' id='word_1_48' title='bbox 1388 541 1418 579; x_wconf 91' lang='lat' dir='ltr'>si</span> <span class='ocrx_word' id='word_1_49' title='bbox 1439 541 1477 579; x_wconf 89' lang='lat' dir='ltr'>id</span> <span class='ocrx_word' id='word_1_50' title='bbox 1499 545 1754 591; x_wconf 84' lang='lat' dir='ltr'>repraesenta-</span> 
     </span>
     <span class='ocr_line' id='line_1_7' title="bbox 281 600 1754 658; baseline -0.005 -14"><span class='ocrx_word' id='word_1_51' title='bbox 281 606 407 644; x_wconf 89' lang='lat' dir='ltr'>bimus</span> <span class='ocrx_word' id='word_1_52' title='bbox 438 606 550 658; x_wconf 88' lang='lat' dir='ltr'>cujus</span> <span class='ocrx_word' id='word_1_53' title='bbox 580 605 829 644; x_wconf 84' lang='lat' dir='ltr'>simulacrum</span> <span class='ocrx_word' id='word_1_54' title='bbox 859 604 1057 656; x_wconf 85' lang='lat' dir='ltr'>quoddam</span> <span class='ocrx_word' id='word_1_55' title='bbox 1088 605 1140 643; x_wconf 86' lang='lat' dir='ltr'>ita</span> <span class='ocrx_word' id='word_1_56' title='bbox 1171 605 1283 642; x_wconf 91' lang='lat' dir='ltr'>nobis</span> <span class='ocrx_word' id='word_1_57' title='bbox 1312 604 1467 655; x_wconf 78' lang='lat' dir='ltr'>profuit,</span> <span class='ocrx_word' id='word_1_58' title='bbox 1492 602 1577 653; x_wconf 88' lang='lat' dir='ltr'>quis</span> <span class='ocrx_word' id='word_1_59' title='bbox 1604 600 1754 638; x_wconf 83' lang='lat' dir='ltr'>dubitet</span> 
     </span>
     <span class='ocr_line' id='line_1_8' title="bbox 283 666 1246 718; baseline -0.001 -14"><span class='ocrx_word' id='word_1_60' title='bbox 283 667 375 717; x_wconf 87' lang='lat' dir='ltr'>quin</span> <span class='ocrx_word' id='word_1_61' title='bbox 398 667 570 706; x_wconf 87' lang='lat' dir='ltr'>hostibus</span> <span class='ocrx_word' id='word_1_62' title='bbox 590 667 807 718; x_wconf 88' lang='lat' dir='ltr'>superiores</span> <span class='ocrx_word' id='word_1_63' title='bbox 828 667 940 705; x_wconf 86' lang='lat' dir='ltr'>facile</span> <span class='ocrx_word' id='word_1_64' title='bbox 960 667 1078 704; x_wconf 89' lang='lat' dir='ltr'>futuri</span> <span class='ocrx_word' id='word_1_65' title='bbox 1097 666 1246 704; x_wconf 74' lang='lat' dir='ltr'>simus?</span> 
     </span>
    </p>

    <p class='ocr_par' dir='ltr' id='par_1_3' title="bbox 281 724 1759 1519">
     <span class='ocr_line' id='line_1_9' title="bbox 337 724 1756 780; baseline -0.004 -14"><span class='ocrx_word' id='word_1_66' title='bbox 337 731 401 768; x_wconf 80' lang='lat'>35.</span> <span class='ocrx_word' id='word_1_67' title='bbox 436 730 520 767; x_wconf 91' lang='lat' dir='ltr'>Nec</span> <span class='ocrx_word' id='word_1_68' title='bbox 539 729 639 767; x_wconf 91' lang='lat' dir='ltr'>enim</span> <span class='ocrx_word' id='word_1_69' title='bbox 660 729 881 780; x_wconf 84' lang='lat' dir='ltr'>ignoramus</span> <span class='ocrx_word' id='word_1_70' title='bbox 901 741 967 767; x_wconf 90' lang='lat' dir='ltr'>eos</span> <span class='ocrx_word' id='word_1_71' title='bbox 988 729 1102 767; x_wconf 87' lang='lat' dir='ltr'>etiam</span> <span class='ocrx_word' id='word_1_72' title='bbox 1128 729 1193 779; x_wconf 93' lang='lat' dir='ltr'>qui</span> <span class='ocrx_word' id='word_1_73' title='bbox 1214 728 1316 766; x_wconf 86' lang='lat' dir='ltr'>hanc</span> <span class='ocrx_word' id='word_1_74' title='bbox 1337 730 1470 767; x_wconf 91' lang='lat' dir='ltr'>urbem</span> <span class='ocrx_word' id='word_1_75' title='bbox 1482 724 1756 768; x_wconf 88' lang='lat' dir='ltr'>condiderunt,</span> 
     </span>
     <span class='ocr_line' id='line_1_10' title="bbox 283 787 1753 841; baseline -0.003 -14"><span class='ocrx_word' id='word_1_76' title='bbox 283 790 425 840; x_wconf 85' lang='lat' dir='ltr'>exiguo</span> <span class='ocrx_word' id='word_1_77' title='bbox 460 791 498 828; x_wconf 90' lang='lat' dir='ltr'>in</span> <span class='ocrx_word' id='word_1_78' title='bbox 533 790 849 841; x_wconf 80' lang='lat' dir='ltr'>Peloponnesum</span> <span class='ocrx_word' id='word_1_79' title='bbox 882 790 1001 828; x_wconf 89' lang='lat' dir='ltr'>ducto</span> <span class='ocrx_word' id='word_1_80' title='bbox 1033 791 1204 828; x_wconf 88' lang='lat' dir='ltr'>exercitu</span> <span class='ocrx_word' id='word_1_81' title='bbox 1237 790 1377 828; x_wconf 90' lang='lat' dir='ltr'>multas</span> <span class='ocrx_word' id='word_1_82' title='bbox 1397 797 1436 828; x_wconf 91' lang='lat' dir='ltr'>et</span> <span class='ocrx_word' id='word_1_83' title='bbox 1454 800 1616 839; x_wconf 84' lang='lat' dir='ltr'>magnas</span> <span class='ocrx_word' id='word_1_84' title='bbox 1638 787 1753 823; x_wconf 86' lang='lat' dir='ltr'>urbes</span> 
     </span>
     <span class='ocr_line' id='line_1_11' title="bbox 281 847 1755 903; baseline -0.004 -14"><span class='ocrx_word' id='word_1_85' title='bbox 281 851 508 890; x_wconf 86' lang='lat' dir='ltr'>obtinuisse.</span> <span class='ocrx_word' id='word_1_86' title='bbox 567 851 803 889; x_wconf 87' lang='lat' dir='ltr'>Praeclarum</span> <span class='ocrx_word' id='word_1_87' title='bbox 825 852 938 902; x_wconf 84' lang='lat' dir='ltr'>igitur</span> <span class='ocrx_word' id='word_1_88' title='bbox 958 852 1072 889; x_wconf 88' lang='lat' dir='ltr'>fuerit</span> <span class='ocrx_word' id='word_1_89' title='bbox 1092 865 1162 889; x_wconf 89' lang='lat' dir='ltr'>nos</span> <span class='ocrx_word' id='word_1_90' title='bbox 1184 852 1348 903; x_wconf 86' lang='lat' dir='ltr'>majores</span> <span class='ocrx_word' id='word_1_91' title='bbox 1370 859 1523 889; x_wconf 86' lang='lat' dir='ltr'>nostros</span> <span class='ocrx_word' id='word_1_92' title='bbox 1545 847 1697 894; x_wconf 84' lang='lat' dir='ltr'>imitari,</span> <span class='ocrx_word' id='word_1_93' title='bbox 1717 855 1755 884; x_wconf 88' lang='lat' dir='ltr'>et</span> 
     </span>
     <span class='ocr_line' id='line_1_12' title="bbox 282 910 1755 965; baseline -0.003 -14"><span class='ocrx_word' id='word_1_94' title='bbox 282 913 333 951; x_wconf 86' lang='lat' dir='ltr'>ad</span> <span class='ocrx_word' id='word_1_95' title='bbox 353 913 581 965; x_wconf 89' lang='lat' dir='ltr'>principium</span> <span class='ocrx_word' id='word_1_96' title='bbox 603 926 817 964; x_wconf 86' lang='lat' dir='ltr'>regressos,</span> <span class='ocrx_word' id='word_1_97' title='bbox 838 914 1022 964; x_wconf 83' lang='lat' dir='ltr'>quoniam</span> <span class='ocrx_word' id='word_1_98' title='bbox 1044 914 1288 965; x_wconf 84' lang='lat' dir='ltr'>impegimus,</span> <span class='ocrx_word' id='word_1_99' title='bbox 1309 913 1400 951; x_wconf 87' lang='lat' dir='ltr'>dare</span> <span class='ocrx_word' id='word_1_100' title='bbox 1420 925 1577 963; x_wconf 84' lang='lat' dir='ltr'>operam</span> <span class='ocrx_word' id='word_1_101' title='bbox 1608 917 1652 948; x_wconf 88' lang='lat' dir='ltr'>ut</span> <span class='ocrx_word' id='word_1_102' title='bbox 1679 910 1755 961; x_wconf 89' lang='lat' dir='ltr'>pri-</span> 
     </span>
     <span class='ocr_line' id='line_1_13' title="bbox 283 970 1755 1026; baseline -0.003 -15"><span class='ocrx_word' id='word_1_103' title='bbox 283 974 424 1012; x_wconf 84' lang='lat' dir='ltr'>stinam</span> <span class='ocrx_word' id='word_1_104' title='bbox 454 974 684 1026; x_wconf 87' lang='lat' dir='ltr'>dignitatem</span> <span class='ocrx_word' id='word_1_105' title='bbox 715 987 760 1013; x_wconf 86' lang='lat' dir='ltr'>ac</span> <span class='ocrx_word' id='word_1_106' title='bbox 793 975 996 1026; x_wconf 89' lang='lat' dir='ltr'>imperium</span> <span class='ocrx_word' id='word_1_107' title='bbox 1027 988 1314 1026; x_wconf 88' lang='lat' dir='ltr'>recuperemus.</span> <span class='ocrx_word' id='word_1_108' title='bbox 1377 973 1560 1011; x_wconf 89' lang='lat' dir='ltr'>Omnium</span> <span class='ocrx_word' id='word_1_109' title='bbox 1581 970 1755 1022; x_wconf 89' lang='lat' dir='ltr'>profecto</span> 
     </span>
     <span class='ocr_line' id='line_1_14' title="bbox 281 1031 1759 1088; baseline -0.003 -15"><span class='ocrx_word' id='word_1_110' title='bbox 281 1035 595 1087; x_wconf 83' lang='lat' dir='ltr'>indignissimum</span> <span class='ocrx_word' id='word_1_111' title='bbox 627 1036 736 1074; x_wconf 87' lang='lat' dir='ltr'>nobis</span> <span class='ocrx_word' id='word_1_112' title='bbox 757 1036 884 1083; x_wconf 87' lang='lat' dir='ltr'>fuerit,</span> <span class='ocrx_word' id='word_1_113' title='bbox 904 1036 1068 1074; x_wconf 84' lang='lat' dir='ltr'>salutem</span> <span class='ocrx_word' id='word_1_114' title='bbox 1098 1044 1267 1074; x_wconf 89' lang='lat' dir='ltr'>nostram</span> <span class='ocrx_word' id='word_1_115' title='bbox 1290 1049 1365 1074; x_wconf 89' lang='lat' dir='ltr'>non</span> <span class='ocrx_word' id='word_1_116' title='bbox 1397 1034 1630 1088; x_wconf 88' lang='lat' dir='ltr'>persuadere</span> <span class='ocrx_word' id='word_1_117' title='bbox 1649 1031 1759 1070; x_wconf 90' lang='lat' dir='ltr'>nobis</span> 
     </span>
     <span class='ocr_line' id='line_1_15' title="bbox 284 1095 1757 1148; baseline -0.001 -14"><span class='ocrx_word' id='word_1_118' title='bbox 284 1097 418 1136; x_wconf 89' lang='lat' dir='ltr'>urbem</span> <span class='ocrx_word' id='word_1_119' title='bbox 447 1097 551 1136; x_wconf 92' lang='lat' dir='ltr'>hanc</span> <span class='ocrx_word' id='word_1_120' title='bbox 582 1105 626 1136; x_wconf 90' lang='lat' dir='ltr'>ut</span> <span class='ocrx_word' id='word_1_121' title='bbox 645 1098 922 1148; x_wconf 79' lang='lat' dir='ltr'>relinquamus,</span> <span class='ocrx_word' id='word_1_122' title='bbox 944 1112 1064 1148; x_wconf 90' lang='lat' dir='ltr'>quum</span> <span class='ocrx_word' id='word_1_123' title='bbox 1082 1099 1250 1137; x_wconf 85' lang='lat' dir='ltr'>sciamus</span> <span class='ocrx_word' id='word_1_124' title='bbox 1272 1099 1532 1136; x_wconf 85' lang='lat' dir='ltr'>Athenienses</span> <span class='ocrx_word' id='word_1_125' title='bbox 1554 1110 1621 1147; x_wconf 86' lang='lat' dir='ltr'>pro</span> <span class='ocrx_word' id='word_1_126' title='bbox 1641 1095 1757 1133; x_wconf 88' lang='lat' dir='ltr'>liber-</span> 
     </span>
     <span class='ocr_line' id='line_1_16' title="bbox 283 1159 1756 1211; baseline -0.002 -14"><span class='ocrx_word' id='word_1_127' title='bbox 283 1166 363 1197; x_wconf 88' lang='lat' dir='ltr'>tate</span> <span class='ocrx_word' id='word_1_128' title='bbox 381 1159 545 1198; x_wconf 83' lang='lat' dir='ltr'>Graeciae</span> <span class='ocrx_word' id='word_1_129' title='bbox 561 1160 724 1211; x_wconf 88' lang='lat' dir='ltr'>patriam</span> <span class='ocrx_word' id='word_1_130' title='bbox 744 1172 855 1196; x_wconf 87' lang='lat' dir='ltr'>suam</span> <span class='ocrx_word' id='word_1_131' title='bbox 870 1159 1099 1206; x_wconf 88' lang='lat' dir='ltr'>deseruisse,</span> <span class='ocrx_word' id='word_1_132' title='bbox 1115 1167 1165 1206; x_wconf 88' lang='lat' dir='ltr'>et,</span> <span class='ocrx_word' id='word_1_133' title='bbox 1181 1173 1300 1210; x_wconf 92' lang='lat' dir='ltr'>quum</span> <span class='ocrx_word' id='word_1_134' title='bbox 1321 1159 1405 1198; x_wconf 87' lang='lat' dir='ltr'>aliis</span> <span class='ocrx_word' id='word_1_135' title='bbox 1417 1159 1638 1210; x_wconf 85' lang='lat' dir='ltr'>exemplum</span> <span class='ocrx_word' id='word_1_136' title='bbox 1658 1170 1756 1208; x_wconf 85' lang='lat' dir='ltr'>prae-</span> 
     </span>
     <span class='ocr_line' id='line_1_17' title="bbox 284 1219 1755 1272; baseline -0.002 -13"><span class='ocrx_word' id='word_1_137' title='bbox 284 1222 374 1259; x_wconf 90' lang='lat' dir='ltr'>bere</span> <span class='ocrx_word' id='word_1_138' title='bbox 404 1221 616 1260; x_wconf 83' lang='lat' dir='ltr'>debeamus</span> <span class='ocrx_word' id='word_1_139' title='bbox 647 1221 873 1272; x_wconf 89' lang='lat' dir='ltr'>hujusmodi</span> <span class='ocrx_word' id='word_1_140' title='bbox 906 1222 1134 1268; x_wconf 86' lang='lat' dir='ltr'>facinorum,</span> <span class='ocrx_word' id='word_1_141' title='bbox 1156 1235 1204 1259; x_wconf 90' lang='lat' dir='ltr'>ne</span> <span class='ocrx_word' id='word_1_142' title='bbox 1231 1222 1370 1259; x_wconf 91' lang='lat' dir='ltr'>imitari</span> <span class='ocrx_word' id='word_1_143' title='bbox 1401 1221 1557 1271; x_wconf 90' lang='lat' dir='ltr'>quidem</span> <span class='ocrx_word' id='word_1_144' title='bbox 1575 1219 1673 1257; x_wconf 92' lang='lat' dir='ltr'>velle</span> <span class='ocrx_word' id='word_1_145' title='bbox 1694 1232 1755 1256; x_wconf 87' lang='lat' dir='ltr'>res</span> 
     </span>
     <span class='ocr_line' id='line_1_18' title="bbox 282 1281 1756 1335; baseline -0.002 -15"><span class='ocrx_word' id='word_1_146' title='bbox 282 1283 435 1321; x_wconf 89' lang='lat' dir='ltr'>illorum</span> <span class='ocrx_word' id='word_1_147' title='bbox 457 1290 604 1335; x_wconf 85' lang='lat' dir='ltr'>gestas.</span> <span class='ocrx_word' id='word_1_148' title='bbox 646 1282 776 1321; x_wconf 91' lang='lat' dir='ltr'>Multo</span> <span class='ocrx_word' id='word_1_149' title='bbox 797 1284 919 1334; x_wconf 82' lang='lat' dir='ltr'>magis</span> <span class='ocrx_word' id='word_1_150' title='bbox 940 1284 1056 1322; x_wconf 90' lang='lat' dir='ltr'>etiam</span> <span class='ocrx_word' id='word_1_151' title='bbox 1078 1283 1283 1321; x_wconf 89' lang='lat' dir='ltr'>ridiculum</span> <span class='ocrx_word' id='word_1_152' title='bbox 1305 1290 1378 1328; x_wconf 91' lang='lat' dir='ltr'>est,</span> <span class='ocrx_word' id='word_1_153' title='bbox 1395 1296 1514 1332; x_wconf 90' lang='lat' dir='ltr'>quum</span> <span class='ocrx_word' id='word_1_154' title='bbox 1532 1281 1756 1318; x_wconf 86' lang='lat' dir='ltr'>Phocenses</span> 
     </span>
     <span class='ocr_line' id='line_1_19' title="bbox 284 1343 1757 1396; baseline -0.002 -14"><span class='ocrx_word' id='word_1_155' title='bbox 284 1345 416 1395; x_wconf 81' lang='lat' dir='ltr'>magni</span> <span class='ocrx_word' id='word_1_156' title='bbox 451 1345 553 1396; x_wconf 84' lang='lat' dir='ltr'>regis</span> <span class='ocrx_word' id='word_1_157' title='bbox 591 1344 897 1382; x_wconf 85' lang='lat' dir='ltr'>dominationem</span> <span class='ocrx_word' id='word_1_158' title='bbox 932 1345 1139 1396; x_wconf 84' lang='lat' dir='ltr'>fugientes,</span> <span class='ocrx_word' id='word_1_159' title='bbox 1174 1344 1307 1382; x_wconf 90' lang='lat' dir='ltr'>relicta</span> <span class='ocrx_word' id='word_1_160' title='bbox 1344 1344 1439 1381; x_wconf 89' lang='lat' dir='ltr'>Asia</span> <span class='ocrx_word' id='word_1_161' title='bbox 1468 1343 1682 1380; x_wconf 87' lang='lat' dir='ltr'>Massiliam</span> <span class='ocrx_word' id='word_1_162' title='bbox 1716 1354 1757 1379; x_wconf 87' lang='lat' dir='ltr'>se</span> 
     </span>
     <span class='ocr_line' id='line_1_20' title="bbox 283 1403 1758 1457; baseline -0.003 -13"><span class='ocrx_word' id='word_1_163' title='bbox 283 1406 533 1453; x_wconf 86' lang='lat' dir='ltr'>contulerint,</span> <span class='ocrx_word' id='word_1_164' title='bbox 554 1418 625 1443; x_wconf 92' lang='lat' dir='ltr'>nos</span> <span class='ocrx_word' id='word_1_165' title='bbox 645 1412 724 1443; x_wconf 90' lang='lat' dir='ltr'>tam</span> <span class='ocrx_word' id='word_1_166' title='bbox 741 1405 903 1457; x_wconf 85' lang='lat' dir='ltr'>abjectis</span> <span class='ocrx_word' id='word_1_167' title='bbox 923 1419 1009 1444; x_wconf 91' lang='lat' dir='ltr'>esse</span> <span class='ocrx_word' id='word_1_168' title='bbox 1026 1405 1162 1444; x_wconf 86' lang='lat' dir='ltr'>animis</span> <span class='ocrx_word' id='word_1_169' title='bbox 1179 1413 1221 1443; x_wconf 89' lang='lat' dir='ltr'>ut</span> <span class='ocrx_word' id='word_1_170' title='bbox 1241 1405 1314 1443; x_wconf 89' lang='lat' dir='ltr'>illis</span> <span class='ocrx_word' id='word_1_171' title='bbox 1336 1418 1469 1456; x_wconf 84' lang='lat' dir='ltr'>parere</span> <span class='ocrx_word' id='word_1_172' title='bbox 1489 1404 1652 1443; x_wconf 88' lang='lat' dir='ltr'>velimus</span> <span class='ocrx_word' id='word_1_173' title='bbox 1672 1403 1758 1454; x_wconf 88' lang='lat' dir='ltr'>qui-</span> 
     </span>
     <span class='ocr_line' id='line_1_21' title="bbox 283 1467 867 1519; baseline 0.002 -14"><span class='ocrx_word' id='word_1_174' title='bbox 283 1468 354 1505; x_wconf 92' lang='lat' dir='ltr'>bus</span> <span class='ocrx_word' id='word_1_175' title='bbox 375 1474 563 1518; x_wconf 85' lang='lat' dir='ltr'>perpetuo</span> <span class='ocrx_word' id='word_1_176' title='bbox 582 1467 867 1519; x_wconf 86' lang='lat' dir='ltr'>imperavimus.</span> 
     </span>
    </p>

    <p class='ocr_par' dir='ltr' id='par_1_4' title="bbox 283 1527 1759 2196">
     <span class='ocr_line' id='line_1_22' title="bbox 341 1527 1756 1580; baseline 0 -14"><span class='ocrx_word' id='word_1_177' title='bbox 341 1530 404 1566; x_wconf 89' lang='lat'>36.</span> <span class='ocrx_word' id='word_1_178' title='bbox 435 1529 574 1580; x_wconf 91' lang='lat' dir='ltr'>Neque</span> <span class='ocrx_word' id='word_1_179' title='bbox 601 1542 690 1568; x_wconf 88' lang='lat' dir='ltr'>vero</span> <span class='ocrx_word' id='word_1_180' title='bbox 719 1531 856 1568; x_wconf 89' lang='lat' dir='ltr'>animis</span> <span class='ocrx_word' id='word_1_181' title='bbox 890 1531 1032 1569; x_wconf 91' lang='lat' dir='ltr'>nostris</span> <span class='ocrx_word' id='word_1_182' title='bbox 1063 1531 1130 1569; x_wconf 89' lang='lat' dir='ltr'>illa</span> <span class='ocrx_word' id='word_1_183' title='bbox 1163 1531 1244 1569; x_wconf 89' lang='lat' dir='ltr'>dies</span> <span class='ocrx_word' id='word_1_184' title='bbox 1277 1529 1473 1569; x_wconf 87' lang='lat' dir='ltr'>obversari</span> <span class='ocrx_word' id='word_1_185' title='bbox 1504 1541 1626 1580; x_wconf 89' lang='lat' dir='ltr'>usque</span> <span class='ocrx_word' id='word_1_186' title='bbox 1657 1527 1756 1566; x_wconf 84' lang='lat' dir='ltr'>adeo</span> 
     </span>
     <span class='ocr_line' id='line_1_23' title="bbox 284 1589 1754 1643; baseline -0.001 -14"><span class='ocrx_word' id='word_1_187' title='bbox 284 1590 413 1637; x_wconf 87' lang='lat' dir='ltr'>debet,</span> <span class='ocrx_word' id='word_1_188' title='bbox 427 1603 514 1641; x_wconf 88' lang='lat' dir='ltr'>qua</span> <span class='ocrx_word' id='word_1_189' title='bbox 532 1589 718 1628; x_wconf 88' lang='lat' dir='ltr'>carissimi</span> <span class='ocrx_word' id='word_1_190' title='bbox 747 1591 892 1642; x_wconf 89' lang='lat' dir='ltr'>quique</span> <span class='ocrx_word' id='word_1_191' title='bbox 913 1604 935 1629; x_wconf 89' lang='lat' dir='ltr'>a</span> <span class='ocrx_word' id='word_1_192' title='bbox 951 1592 1060 1630; x_wconf 92' lang='lat' dir='ltr'>nobis</span> <span class='ocrx_word' id='word_1_193' title='bbox 1081 1592 1315 1643; x_wconf 82' lang='lat' dir='ltr'>segregandi</span> <span class='ocrx_word' id='word_1_194' title='bbox 1335 1599 1460 1637; x_wconf 90' lang='lat' dir='ltr'>erunt,</span> <span class='ocrx_word' id='word_1_195' title='bbox 1482 1590 1548 1629; x_wconf 91' lang='lat' dir='ltr'>sed</span> <span class='ocrx_word' id='word_1_196' title='bbox 1578 1591 1669 1628; x_wconf 91' lang='lat' dir='ltr'>illuc</span> <span class='ocrx_word' id='word_1_197' title='bbox 1693 1603 1754 1628; x_wconf 89' lang='lat' dir='ltr'>re-</span> 
     </span>
     <span class='ocr_line' id='line_1_24' title="bbox 284 1651 1759 1704; baseline -0.001 -14"><span class='ocrx_word' id='word_1_198' title='bbox 284 1652 433 1702; x_wconf 88' lang='lat' dir='ltr'>spicere</span> <span class='ocrx_word' id='word_1_199' title='bbox 453 1651 656 1698; x_wconf 89' lang='lat' dir='ltr'>debemus,</span> <span class='ocrx_word' id='word_1_200' title='bbox 674 1652 755 1690; x_wconf 90' lang='lat' dir='ltr'>fore</span> <span class='ocrx_word' id='word_1_201' title='bbox 770 1659 921 1704; x_wconf 84' lang='lat' dir='ltr'>tempus</span> <span class='ocrx_word' id='word_1_202' title='bbox 941 1666 1017 1704; x_wconf 88' lang='lat' dir='ltr'>quo</span> <span class='ocrx_word' id='word_1_203' title='bbox 1032 1653 1143 1691; x_wconf 89' lang='lat' dir='ltr'>victis</span> <span class='ocrx_word' id='word_1_204' title='bbox 1162 1653 1340 1691; x_wconf 89' lang='lat' dir='ltr'>hostibus</span> <span class='ocrx_word' id='word_1_205' title='bbox 1357 1660 1473 1704; x_wconf 88' lang='lat' dir='ltr'>atque</span> <span class='ocrx_word' id='word_1_206' title='bbox 1496 1653 1587 1690; x_wconf 90' lang='lat' dir='ltr'>urbe</span> <span class='ocrx_word' id='word_1_207' title='bbox 1607 1652 1646 1690; x_wconf 89' lang='lat' dir='ltr'>in</span> <span class='ocrx_word' id='word_1_208' title='bbox 1665 1653 1759 1690; x_wconf 88' lang='lat' dir='ltr'>inte-</span> 
     </span>
     <span class='ocr_line' id='line_1_25' title="bbox 283 1713 1757 1766; baseline 0 -15"><span class='ocrx_word' id='word_1_209' title='bbox 283 1727 397 1765; x_wconf 88' lang='lat' dir='ltr'>grum</span> <span class='ocrx_word' id='word_1_210' title='bbox 417 1713 597 1752; x_wconf 84' lang='lat' dir='ltr'>restituta</span> <span class='ocrx_word' id='word_1_211' title='bbox 615 1720 655 1752; x_wconf 88' lang='lat' dir='ltr'>et</span> <span class='ocrx_word' id='word_1_212' title='bbox 670 1713 907 1752; x_wconf 78' lang='lat' dir='ltr'>domesticos</span> <span class='ocrx_word' id='word_1_213' title='bbox 928 1721 1079 1753; x_wconf 90' lang='lat' dir='ltr'>nostros</span> <span class='ocrx_word' id='word_1_214' title='bbox 1095 1715 1340 1766; x_wconf 90' lang='lat' dir='ltr'>recipiamus,</span> <span class='ocrx_word' id='word_1_215' title='bbox 1360 1722 1400 1752; x_wconf 91' lang='lat' dir='ltr'>et</span> <span class='ocrx_word' id='word_1_216' title='bbox 1419 1715 1597 1753; x_wconf 89' lang='lat' dir='ltr'>omnibus</span> <span class='ocrx_word' id='word_1_217' title='bbox 1619 1715 1757 1765; x_wconf 88' lang='lat' dir='ltr'>probe-</span> 
     </span>
     <span class='ocr_line' id='line_1_26' title="bbox 283 1775 1758 1827; baseline 0.001 -14"><span class='ocrx_word' id='word_1_218' title='bbox 283 1788 371 1814; x_wconf 89' lang='lat' dir='ltr'>mus</span> <span class='ocrx_word' id='word_1_219' title='bbox 403 1788 474 1813; x_wconf 91' lang='lat' dir='ltr'>nos</span> <span class='ocrx_word' id='word_1_220' title='bbox 508 1781 547 1814; x_wconf 89' lang='lat' dir='ltr'>et</span> <span class='ocrx_word' id='word_1_221' title='bbox 574 1788 679 1814; x_wconf 89' lang='lat' dir='ltr'>nunc</span> <span class='ocrx_word' id='word_1_222' title='bbox 709 1775 817 1814; x_wconf 93' lang='lat' dir='ltr'>nullo</span> <span class='ocrx_word' id='word_1_223' title='bbox 837 1783 971 1814; x_wconf 89' lang='lat' dir='ltr'>nostro</span> <span class='ocrx_word' id='word_1_224' title='bbox 997 1776 1132 1815; x_wconf 87' lang='lat' dir='ltr'>merito</span> <span class='ocrx_word' id='word_1_225' title='bbox 1152 1777 1272 1815; x_wconf 86' lang='lat' dir='ltr'>fuisse</span> <span class='ocrx_word' id='word_1_226' title='bbox 1294 1776 1558 1823; x_wconf 88' lang='lat' dir='ltr'>calamitosos,</span> <span class='ocrx_word' id='word_1_227' title='bbox 1584 1783 1624 1814; x_wconf 86' lang='lat' dir='ltr'>et</span> <span class='ocrx_word' id='word_1_228' title='bbox 1642 1789 1758 1827; x_wconf 89' lang='lat' dir='ltr'>supe-</span> 
     </span>
     <span class='ocr_line' id='line_1_27' title="bbox 283 1836 1758 1889; baseline 0.001 -15"><span class='ocrx_word' id='word_1_229' title='bbox 283 1836 373 1875; x_wconf 88' lang='lat' dir='ltr'>riori</span> <span class='ocrx_word' id='word_1_230' title='bbox 408 1842 584 1888; x_wconf 89' lang='lat' dir='ltr'>tempore</span> <span class='ocrx_word' id='word_1_231' title='bbox 618 1849 696 1875; x_wconf 90' lang='lat' dir='ltr'>non</span> <span class='ocrx_word' id='word_1_232' title='bbox 729 1836 920 1875; x_wconf 90' lang='lat' dir='ltr'>immerito</span> <span class='ocrx_word' id='word_1_233' title='bbox 954 1837 1213 1889; x_wconf 90' lang='lat' dir='ltr'>principatum</span> <span class='ocrx_word' id='word_1_234' title='bbox 1246 1838 1357 1876; x_wconf 89' lang='lat' dir='ltr'>nobis</span> <span class='ocrx_word' id='word_1_235' title='bbox 1395 1838 1637 1876; x_wconf 87' lang='lat' dir='ltr'>vendicasse.</span> <span class='ocrx_word' id='word_1_236' title='bbox 1694 1838 1758 1876; x_wconf 88' lang='lat' dir='ltr'>Sic</span> 
     </span>
     <span class='ocr_line' id='line_1_28' title="bbox 284 1897 1756 1950; baseline 0 -14"><span class='ocrx_word' id='word_1_237' title='bbox 284 1905 414 1937; x_wconf 88' lang='lat' dir='ltr'>autem</span> <span class='ocrx_word' id='word_1_238' title='bbox 431 1911 472 1936; x_wconf 90' lang='lat' dir='ltr'>se</span> <span class='ocrx_word' id='word_1_239' title='bbox 492 1910 552 1935; x_wconf 90' lang='lat' dir='ltr'>res</span> <span class='ocrx_word' id='word_1_240' title='bbox 573 1897 703 1936; x_wconf 90' lang='lat' dir='ltr'>habet.</span> <span class='ocrx_word' id='word_1_241' title='bbox 763 1898 866 1937; x_wconf 83' lang='lat' dir='ltr'>Haec</span> <span class='ocrx_word' id='word_1_242' title='bbox 886 1911 974 1950; x_wconf 84' lang='lat' dir='ltr'>quae</span> <span class='ocrx_word' id='word_1_243' title='bbox 990 1899 1069 1937; x_wconf 88' lang='lat' dir='ltr'>dixi</span> <span class='ocrx_word' id='word_1_244' title='bbox 1097 1912 1174 1938; x_wconf 87' lang='lat' dir='ltr'>non</span> <span class='ocrx_word' id='word_1_245' title='bbox 1202 1899 1256 1937; x_wconf 90' lang='lat' dir='ltr'>sic</span> <span class='ocrx_word' id='word_1_246' title='bbox 1276 1899 1506 1950; x_wconf 90' lang='lat' dir='ltr'>accipienda</span> <span class='ocrx_word' id='word_1_247' title='bbox 1523 1906 1628 1945; x_wconf 90' lang='lat' dir='ltr'>sunt,</span> <span class='ocrx_word' id='word_1_248' title='bbox 1646 1900 1756 1950; x_wconf 90' lang='lat' dir='ltr'>quasi</span> 
     </span>
     <span class='ocr_line' id='line_1_29' title="bbox 283 1959 1756 2012; baseline 0.001 -13"><span class='ocrx_word' id='word_1_249' title='bbox 283 1973 330 1999; x_wconf 86' lang='lat' dir='ltr'>ea</span> <span class='ocrx_word' id='word_1_250' title='bbox 357 1973 446 1998; x_wconf 85' lang='lat' dir='ltr'>mox</span> <span class='ocrx_word' id='word_1_251' title='bbox 474 1959 557 1999; x_wconf 87' lang='lat' dir='ltr'>fieri</span> <span class='ocrx_word' id='word_1_252' title='bbox 576 1959 690 1998; x_wconf 89' lang='lat' dir='ltr'>velim</span> <span class='ocrx_word' id='word_1_253' title='bbox 710 1966 777 1998; x_wconf 90' lang='lat' dir='ltr'>aut</span> <span class='ocrx_word' id='word_1_254' title='bbox 801 1962 915 1999; x_wconf 88' lang='lat' dir='ltr'>rebus</span> <span class='ocrx_word' id='word_1_255' title='bbox 946 1961 1056 1999; x_wconf 88' lang='lat' dir='ltr'>aliter</span> <span class='ocrx_word' id='word_1_256' title='bbox 1081 1961 1235 2000; x_wconf 90' lang='lat' dir='ltr'>consuli</span> <span class='ocrx_word' id='word_1_257' title='bbox 1254 1969 1434 2012; x_wconf 89' lang='lat' dir='ltr'>nequeat,</span> <span class='ocrx_word' id='word_1_258' title='bbox 1457 1960 1525 2000; x_wconf 91' lang='lat' dir='ltr'>sed</span> <span class='ocrx_word' id='word_1_259' title='bbox 1544 1967 1587 1999; x_wconf 90' lang='lat' dir='ltr'>ut</span> <span class='ocrx_word' id='word_1_260' title='bbox 1607 1961 1756 2000; x_wconf 87' lang='lat' dir='ltr'>animos</span> 
     </span>
     <span class='ocr_line' id='line_1_30' title="bbox 285 2020 1756 2073; baseline 0 -13"><span class='ocrx_word' id='word_1_261' title='bbox 285 2027 435 2060; x_wconf 86' lang='lat' dir='ltr'>vestros</span> <span class='ocrx_word' id='word_1_262' title='bbox 451 2020 562 2073; x_wconf 88' lang='lat' dir='ltr'>quasi</span> <span class='ocrx_word' id='word_1_263' title='bbox 581 2033 855 2073; x_wconf 80' lang='lat' dir='ltr'>praepararem,</span> <span class='ocrx_word' id='word_1_264' title='bbox 881 2029 923 2060; x_wconf 92' lang='lat' dir='ltr'>ut</span> <span class='ocrx_word' id='word_1_265' title='bbox 942 2022 1135 2061; x_wconf 87' lang='lat' dir='ltr'>sentiretis</span> <span class='ocrx_word' id='word_1_266' title='bbox 1155 2029 1193 2061; x_wconf 88' lang='lat' dir='ltr'>et</span> <span class='ocrx_word' id='word_1_267' title='bbox 1211 2023 1282 2060; x_wconf 88' lang='lat' dir='ltr'>has</span> <span class='ocrx_word' id='word_1_268' title='bbox 1302 2022 1544 2061; x_wconf 87' lang='lat' dir='ltr'>calamitates</span> <span class='ocrx_word' id='word_1_269' title='bbox 1574 2030 1614 2060; x_wconf 88' lang='lat' dir='ltr'>et</span> <span class='ocrx_word' id='word_1_270' title='bbox 1639 2023 1756 2073; x_wconf 87' lang='lat' dir='ltr'>longe</span> 
     </span>
     <span class='ocr_line' id='line_1_31' title="bbox 283 2082 1758 2136; baseline 0.002 -16"><span class='ocrx_word' id='word_1_271' title='bbox 283 2082 344 2121; x_wconf 92' lang='lat' dir='ltr'>his</span> <span class='ocrx_word' id='word_1_272' title='bbox 371 2083 585 2123; x_wconf 87' lang='lat' dir='ltr'>acerbiores</span> <span class='ocrx_word' id='word_1_273' title='bbox 608 2083 718 2121; x_wconf 90' lang='lat' dir='ltr'>vobis</span> <span class='ocrx_word' id='word_1_274' title='bbox 749 2083 878 2134; x_wconf 87' lang='lat' dir='ltr'>potius</span> <span class='ocrx_word' id='word_1_275' title='bbox 913 2084 1162 2122; x_wconf 88' lang='lat' dir='ltr'>sustinendas</span> <span class='ocrx_word' id='word_1_276' title='bbox 1196 2097 1297 2130; x_wconf 86' lang='lat' dir='ltr'>esse,</span> <span class='ocrx_word' id='word_1_277' title='bbox 1327 2097 1444 2136; x_wconf 91' lang='lat' dir='ltr'>quam</span> <span class='ocrx_word' id='word_1_278' title='bbox 1479 2084 1528 2123; x_wconf 88' lang='lat' dir='ltr'>ad</span> <span class='ocrx_word' id='word_1_279' title='bbox 1561 2084 1678 2123; x_wconf 88' lang='lat' dir='ltr'>talem</span> <span class='ocrx_word' id='word_1_280' title='bbox 1709 2084 1758 2123; x_wconf 92' lang='lat' dir='ltr'>de</span> 
     </span>
     <span class='ocr_line' id='line_1_32' title="bbox 284 2143 1621 2196; baseline 0.003 -15"><span class='ocrx_word' id='word_1_281' title='bbox 284 2143 474 2182; x_wconf 86' lang='lat' dir='ltr'>Messena</span> <span class='ocrx_word' id='word_1_282' title='bbox 489 2144 753 2183; x_wconf 90' lang='lat' dir='ltr'>conditionem</span> <span class='ocrx_word' id='word_1_283' title='bbox 771 2145 926 2195; x_wconf 90' lang='lat' dir='ltr'>qualern</span> <span class='ocrx_word' id='word_1_284' title='bbox 942 2145 996 2183; x_wconf 93' lang='lat' dir='ltr'>illi</span> <span class='ocrx_word' id='word_1_285' title='bbox 1017 2147 1274 2196; x_wconf 82' lang='lat' dir='ltr'>praescribunt</span> <span class='ocrx_word' id='word_1_286' title='bbox 1292 2147 1621 2186; x_wconf 88' lang='lat' dir='ltr'>descendendum.</span> 
     </span>
    </p>

    <p class='ocr_par' dir='ltr' id='par_1_5' title="bbox 286 2208 1763 2689">
     <span class='ocr_line' id='line_1_33' title="bbox 340 2208 1759 2263; baseline 0.004 -18"><span class='ocrx_word' id='word_1_287' title='bbox 340 2209 405 2245; x_wconf 89' lang='lat'>37.</span> <span class='ocrx_word' id='word_1_288' title='bbox 435 2208 574 2259; x_wconf 90' lang='lat' dir='ltr'>Neque</span> <span class='ocrx_word' id='word_1_289' title='bbox 601 2221 692 2246; x_wconf 90' lang='lat' dir='ltr'>vero</span> <span class='ocrx_word' id='word_1_290' title='bbox 711 2208 760 2246; x_wconf 89' lang='lat' dir='ltr'>ad</span> <span class='ocrx_word' id='word_1_291' title='bbox 786 2208 931 2246; x_wconf 90' lang='lat' dir='ltr'>bellum</span> <span class='ocrx_word' id='word_1_292' title='bbox 959 2215 1067 2247; x_wconf 90' lang='lat' dir='ltr'>tanto</span> <span class='ocrx_word' id='word_1_293' title='bbox 1088 2210 1219 2248; x_wconf 88' lang='lat' dir='ltr'>studio</span> <span class='ocrx_word' id='word_1_294' title='bbox 1239 2223 1306 2249; x_wconf 93' lang='lat' dir='ltr'>vos</span> <span class='ocrx_word' id='word_1_295' title='bbox 1334 2210 1521 2256; x_wconf 88' lang='lat' dir='ltr'>hortarer,</span> <span class='ocrx_word' id='word_1_296' title='bbox 1540 2211 1579 2248; x_wconf 89' lang='lat' dir='ltr'>ni</span> <span class='ocrx_word' id='word_1_297' title='bbox 1608 2212 1759 2263; x_wconf 86' lang='lat' dir='ltr'>prospi-</span> 
     </span>
     <span class='ocr_line' id='line_1_34' title="bbox 286 2269 1758 2324; baseline 0.001 -16"><span class='ocrx_word' id='word_1_298' title='bbox 286 2282 414 2308; x_wconf 86' lang='lat' dir='ltr'>cerem</span> <span class='ocrx_word' id='word_1_299' title='bbox 435 2282 482 2307; x_wconf 88' lang='lat' dir='ltr'>ex</span> <span class='ocrx_word' id='word_1_300' title='bbox 501 2269 560 2307; x_wconf 89' lang='lat' dir='ltr'>his</span> <span class='ocrx_word' id='word_1_301' title='bbox 580 2282 666 2320; x_wconf 88' lang='lat' dir='ltr'>quae</span> <span class='ocrx_word' id='word_1_302' title='bbox 686 2282 759 2320; x_wconf 84' lang='lat' dir='ltr'>ego</span> <span class='ocrx_word' id='word_1_303' title='bbox 775 2269 863 2308; x_wconf 90' lang='lat' dir='ltr'>dico</span> <span class='ocrx_word' id='word_1_304' title='bbox 882 2283 1019 2321; x_wconf 90' lang='lat' dir='ltr'>pacem</span> <span class='ocrx_word' id='word_1_305' title='bbox 1041 2271 1247 2309; x_wconf 89' lang='lat' dir='ltr'>firmiorem</span> <span class='ocrx_word' id='word_1_306' title='bbox 1268 2271 1361 2317; x_wconf 87' lang='lat' dir='ltr'>fore,</span> <span class='ocrx_word' id='word_1_307' title='bbox 1378 2285 1428 2310; x_wconf 87' lang='lat' dir='ltr'>ex</span> <span class='ocrx_word' id='word_1_308' title='bbox 1456 2272 1532 2310; x_wconf 88' lang='lat' dir='ltr'>illis</span> <span class='ocrx_word' id='word_1_309' title='bbox 1561 2285 1651 2310; x_wconf 91' lang='lat' dir='ltr'>vero</span> <span class='ocrx_word' id='word_1_310' title='bbox 1669 2287 1758 2324; x_wconf 84' lang='lat' dir='ltr'>quae</span> 
     </span>
     <span class='ocr_line' id='line_1_35' title="bbox 286 2330 1760 2385; baseline 0.002 -15"><span class='ocrx_word' id='word_1_311' title='bbox 286 2331 349 2370; x_wconf 91' lang='lat' dir='ltr'>alii</span> <span class='ocrx_word' id='word_1_312' title='bbox 378 2331 556 2377; x_wconf 89' lang='lat' dir='ltr'>suadent,</span> <span class='ocrx_word' id='word_1_313' title='bbox 584 2344 662 2370; x_wconf 90' lang='lat' dir='ltr'>non</span> <span class='ocrx_word' id='word_1_314' title='bbox 689 2330 814 2370; x_wconf 92' lang='lat' dir='ltr'>solum</span> <span class='ocrx_word' id='word_1_315' title='bbox 834 2344 922 2369; x_wconf 91' lang='lat' dir='ltr'>cum</span> <span class='ocrx_word' id='word_1_316' title='bbox 947 2332 1182 2383; x_wconf 87' lang='lat' dir='ltr'>turpitudine</span> <span class='ocrx_word' id='word_1_317' title='bbox 1209 2333 1469 2385; x_wconf 87' lang='lat' dir='ltr'>conjunctam,</span> <span class='ocrx_word' id='word_1_318' title='bbox 1490 2347 1623 2372; x_wconf 89' lang='lat' dir='ltr'>verum</span> <span class='ocrx_word' id='word_1_319' title='bbox 1643 2335 1760 2373; x_wconf 89' lang='lat' dir='ltr'>etiam</span> 
     </span>
     <span class='ocr_line' id='line_1_36' title="bbox 286 2393 1761 2446; baseline 0.004 -16"><span class='ocrx_word' id='word_1_320' title='bbox 286 2393 440 2431; x_wconf 88' lang='lat' dir='ltr'>minime</span> <span class='ocrx_word' id='word_1_321' title='bbox 459 2393 693 2431; x_wconf 90' lang='lat' dir='ltr'>diuturnam.</span> <span class='ocrx_word' id='word_1_322' title='bbox 733 2393 887 2431; x_wconf 89' lang='lat' dir='ltr'>Etenim</span> <span class='ocrx_word' id='word_1_323' title='bbox 910 2393 941 2431; x_wconf 90' lang='lat' dir='ltr'>si</span> <span class='ocrx_word' id='word_1_324' title='bbox 960 2393 1123 2432; x_wconf 88' lang='lat' dir='ltr'>Helotas</span> <span class='ocrx_word' id='word_1_325' title='bbox 1137 2395 1252 2446; x_wconf 86' lang='lat' dir='ltr'>juxta</span> <span class='ocrx_word' id='word_1_326' title='bbox 1271 2395 1588 2434; x_wconf 86' lang='lat' dir='ltr'>collocaverimus</span> <span class='ocrx_word' id='word_1_327' title='bbox 1608 2403 1646 2435; x_wconf 89' lang='lat' dir='ltr'>et</span> <span class='ocrx_word' id='word_1_328' title='bbox 1660 2397 1761 2436; x_wconf 91' lang='lat' dir='ltr'>hanc</span> 
     </span>
     <span class='ocr_line' id='line_1_37' title="bbox 288 2454 1763 2508; baseline 0.003 -16"><span class='ocrx_word' id='word_1_329' title='bbox 288 2455 424 2493; x_wconf 90' lang='lat' dir='ltr'>urbem</span> <span class='ocrx_word' id='word_1_330' title='bbox 444 2460 594 2493; x_wconf 90' lang='lat' dir='ltr'>auctam</span> <span class='ocrx_word' id='word_1_331' title='bbox 615 2454 830 2501; x_wconf 83' lang='lat' dir='ltr'>siverimus,</span> <span class='ocrx_word' id='word_1_332' title='bbox 853 2454 940 2505; x_wconf 90' lang='lat' dir='ltr'>quis</span> <span class='ocrx_word' id='word_1_333' title='bbox 961 2468 1040 2493; x_wconf 90' lang='lat' dir='ltr'>non</span> <span class='ocrx_word' id='word_1_334' title='bbox 1059 2455 1178 2502; x_wconf 92' lang='lat' dir='ltr'>videt,</span> <span class='ocrx_word' id='word_1_335' title='bbox 1199 2469 1270 2494; x_wconf 94' lang='lat' dir='ltr'>nos</span> <span class='ocrx_word' id='word_1_336' title='bbox 1300 2457 1337 2494; x_wconf 91' lang='lat' dir='ltr'>in</span> <span class='ocrx_word' id='word_1_337' title='bbox 1363 2458 1558 2508; x_wconf 90' lang='lat' dir='ltr'>perpetuis</span> <span class='ocrx_word' id='word_1_338' title='bbox 1586 2459 1763 2496; x_wconf 88' lang='lat' dir='ltr'>tumulti-</span> 
     </span>
     <span class='ocr_line' id='line_1_38' title="bbox 288 2515 1761 2569; baseline 0.002 -15"><span class='ocrx_word' id='word_1_339' title='bbox 288 2517 361 2555; x_wconf 90' lang='lat' dir='ltr'>bus</span> <span class='ocrx_word' id='word_1_340' title='bbox 388 2523 427 2554; x_wconf 91' lang='lat' dir='ltr'>et</span> <span class='ocrx_word' id='word_1_341' title='bbox 451 2516 631 2567; x_wconf 90' lang='lat' dir='ltr'>periculis</span> <span class='ocrx_word' id='word_1_342' title='bbox 659 2516 810 2553; x_wconf 89' lang='lat' dir='ltr'>futuros</span> <span class='ocrx_word' id='word_1_343' title='bbox 841 2515 956 2554; x_wconf 78' lang='lat' dir='ltr'>esse?</span> <span class='ocrx_word' id='word_1_344' title='bbox 1015 2517 1092 2560; x_wconf 89' lang='lat' dir='ltr'>Qui</span> <span class='ocrx_word' id='word_1_345' title='bbox 1120 2517 1235 2567; x_wconf 86' lang='lat' dir='ltr'>igitur</span> <span class='ocrx_word' id='word_1_346' title='bbox 1255 2518 1302 2556; x_wconf 89' lang='lat' dir='ltr'>de</span> <span class='ocrx_word' id='word_1_347' title='bbox 1323 2518 1530 2557; x_wconf 84' lang='lat' dir='ltr'>securitate</span> <span class='ocrx_word' id='word_1_348' title='bbox 1548 2518 1761 2569; x_wconf 87' lang='lat' dir='ltr'>disputant,</span> 
     </span>
     <span class='ocr_line' id='line_1_39' title="bbox 286 2576 1762 2632; baseline 0.004 -18"><span class='ocrx_word' id='word_1_349' title='bbox 286 2576 439 2616; x_wconf 90' lang='lat' dir='ltr'>illinon</span> <span class='ocrx_word' id='word_1_350' title='bbox 460 2577 771 2617; x_wconf 88' lang='lat' dir='ltr'>animadvertunt</span> <span class='ocrx_word' id='word_1_351' title='bbox 797 2590 838 2615; x_wconf 87' lang='lat' dir='ltr'>se</span> <span class='ocrx_word' id='word_1_352' title='bbox 869 2590 1081 2628; x_wconf 89' lang='lat' dir='ltr'>paucorum</span> <span class='ocrx_word' id='word_1_353' title='bbox 1109 2578 1256 2617; x_wconf 87' lang='lat' dir='ltr'>dierum</span> <span class='ocrx_word' id='word_1_354' title='bbox 1284 2592 1420 2630; x_wconf 90' lang='lat' dir='ltr'>pacem</span> <span class='ocrx_word' id='word_1_355' title='bbox 1447 2580 1551 2618; x_wconf 91' lang='lat' dir='ltr'>bello</span> <span class='ocrx_word' id='word_1_356' title='bbox 1575 2591 1762 2632; x_wconf 88' lang='lat' dir='ltr'>perpetuo</span> 
     </span>
     <span class='ocr_line' id='line_1_40' title="bbox 289 2638 625 2689; baseline 0.003 -13"><span class='ocrx_word' id='word_1_357' title='bbox 289 2638 573 2689; x_wconf 87' lang='lat' dir='ltr'>redempturos.</span> <span class='ocrx_word' id='word_1_358' title='bbox 616 2679 625 2684; x_wconf 25' lang='grc' dir='ltr'>ι</span> 
     </span>
    </p>

    <p class='ocr_par' dir='ltr' id='par_1_6' title="bbox 289 2698 1766 3002">
     <span class='ocr_line' id='line_1_41' title="bbox 345 2698 1761 2753; baseline 0.004 -17"><span class='ocrx_word' id='word_1_359' title='bbox 345 2700 410 2736; x_wconf 89' lang='grc'>38.</span> <span class='ocrx_word' id='word_1_360' title='bbox 444 2699 528 2750; x_wconf 88' lang='lat' dir='ltr'>Ego</span> <span class='ocrx_word' id='word_1_361' title='bbox 542 2713 633 2739; x_wconf 89' lang='lat' dir='ltr'>vero</span> <span class='ocrx_word' id='word_1_362' title='bbox 653 2712 700 2738; x_wconf 86' lang='lat' dir='ltr'>ex</span> <span class='ocrx_word' id='word_1_363' title='bbox 719 2699 774 2738; x_wconf 89' lang='lat' dir='ltr'>eis</span> <span class='ocrx_word' id='word_1_364' title='bbox 794 2698 928 2738; x_wconf 90' lang='lat' dir='ltr'>audire</span> <span class='ocrx_word' id='word_1_365' title='bbox 947 2699 1062 2751; x_wconf 90' lang='lat' dir='ltr'>cupio</span> <span class='ocrx_word' id='word_1_366' title='bbox 1078 2713 1147 2751; x_wconf 93' lang='lat' dir='ltr'>pro</span> <span class='ocrx_word' id='word_1_367' title='bbox 1166 2702 1305 2752; x_wconf 85' lang='lat' dir='ltr'>quibus</span> <span class='ocrx_word' id='word_1_368' title='bbox 1325 2703 1440 2739; x_wconf 87' lang='lat' dir='ltr'>rebus</span> <span class='ocrx_word' id='word_1_369' title='bbox 1461 2702 1498 2738; x_wconf 89' lang='lat' dir='ltr'>in</span> <span class='ocrx_word' id='word_1_370' title='bbox 1520 2702 1602 2740; x_wconf 90' lang='lat' dir='ltr'>acie</span> <span class='ocrx_word' id='word_1_371' title='bbox 1622 2710 1761 2753; x_wconf 87' lang='lat' dir='ltr'>putent</span> 
     </span>
     <span class='ocr_line' id='line_1_42' title="bbox 289 2763 1762 2817; baseline 0.002 -16"><span class='ocrx_word' id='word_1_372' title='bbox 289 2769 452 2801; x_wconf 88' lang='lat' dir='ltr'>mortem</span> <span class='ocrx_word' id='word_1_373' title='bbox 478 2764 590 2802; x_wconf 91' lang='lat' dir='ltr'>nobis</span> <span class='ocrx_word' id='word_1_374' title='bbox 610 2763 885 2816; x_wconf 88' lang='lat' dir='ltr'>oppetendam.</span> <span class='ocrx_word' id='word_1_375' title='bbox 944 2763 1034 2802; x_wconf 92' lang='lat' dir='ltr'>Non</span> <span class='ocrx_word' id='word_1_376' title='bbox 1054 2777 1174 2815; x_wconf 91' lang='lat' dir='ltr'>quum</span> <span class='ocrx_word' id='word_1_377' title='bbox 1198 2765 1309 2803; x_wconf 92' lang='lat' dir='ltr'>nobis</span> <span class='ocrx_word' id='word_1_378' title='bbox 1330 2765 1464 2803; x_wconf 87' lang='lat' dir='ltr'>hostes</span> <span class='ocrx_word' id='word_1_379' title='bbox 1483 2766 1627 2816; x_wconf 88' lang='lat' dir='ltr'>injusta</span> <span class='ocrx_word' id='word_1_380' title='bbox 1644 2767 1762 2817; x_wconf 89' lang='lat' dir='ltr'>impe-</span> 
     </span>
     <span class='ocr_line' id='line_1_43' title="bbox 289 2824 1761 2877; baseline 0.001 -13"><span class='ocrx_word' id='word_1_381' title='bbox 289 2824 405 2864; x_wconf 75' lang='lat' dir='ltr'>rant?</span> <span class='ocrx_word' id='word_1_382' title='bbox 436 2837 513 2862; x_wconf 88' lang='lat' dir='ltr'>non</span> <span class='ocrx_word' id='word_1_383' title='bbox 533 2838 652 2875; x_wconf 89' lang='lat' dir='ltr'>quum</span> <span class='ocrx_word' id='word_1_384' title='bbox 679 2838 817 2877; x_wconf 82' lang='lat' dir='ltr'>agrum</span> <span class='ocrx_word' id='word_1_385' title='bbox 836 2824 1004 2876; x_wconf 88' lang='lat' dir='ltr'>eripiunt</span> <span class='ocrx_word' id='word_1_386' title='bbox 1022 2837 1235 2876; x_wconf 89' lang='lat' dir='ltr'>servosque</span> <span class='ocrx_word' id='word_1_387' title='bbox 1269 2833 1424 2864; x_wconf 85' lang='lat' dir='ltr'>nostros</span> <span class='ocrx_word' id='word_1_388' title='bbox 1455 2828 1761 2866; x_wconf 77' lang='lat' dir='ltr'>manumittunt?</span> 
     </span>
     <span class='ocr_line' id='line_1_44' title="bbox 292 2885 1762 2939; baseline 0.002 -17"><span class='ocrx_word' id='word_1_389' title='bbox 292 2898 412 2936; x_wconf 90' lang='lat' dir='ltr'>quum</span> <span class='ocrx_word' id='word_1_390' title='bbox 433 2886 470 2923; x_wconf 92' lang='lat' dir='ltr'>in</span> <span class='ocrx_word' id='word_1_391' title='bbox 502 2898 549 2924; x_wconf 89' lang='lat' dir='ltr'>ea</span> <span class='ocrx_word' id='word_1_392' title='bbox 573 2893 676 2924; x_wconf 89' lang='lat' dir='ltr'>terra</span> <span class='ocrx_word' id='word_1_393' title='bbox 708 2886 903 2925; x_wconf 87' lang='lat' dir='ltr'>collocant</span> <span class='ocrx_word' id='word_1_394' title='bbox 929 2885 1016 2924; x_wconf 90' lang='lat' dir='ltr'>illos</span> <span class='ocrx_word' id='word_1_395' title='bbox 1045 2899 1161 2937; x_wconf 92' lang='lat' dir='ltr'>quam</span> <span class='ocrx_word' id='word_1_396' title='bbox 1195 2886 1306 2924; x_wconf 89' lang='lat' dir='ltr'>nobis</span> <span class='ocrx_word' id='word_1_397' title='bbox 1338 2894 1467 2938; x_wconf 87' lang='lat' dir='ltr'>patres</span> <span class='ocrx_word' id='word_1_398' title='bbox 1497 2888 1762 2939; x_wconf 79' lang='lat' dir='ltr'>reliquerunt?</span> 
     </span>
     <span class='ocr_line' id='line_1_45' title="bbox 293 2947 1766 3002; baseline 0.002 -17"><span class='ocrx_word' id='word_1_399' title='bbox 293 2959 413 2999; x_wconf 89' lang='lat' dir='ltr'>quum</span> <span class='ocrx_word' id='word_1_400' title='bbox 433 2960 507 2986; x_wconf 86' lang='lat' dir='ltr'>nos</span> <span class='ocrx_word' id='word_1_401' title='bbox 528 2959 606 2986; x_wconf 90' lang='lat' dir='ltr'>non</span> <span class='ocrx_word' id='word_1_402' title='bbox 626 2953 778 2986; x_wconf 87' lang='lat' dir='ltr'>tantum</span> <span class='ocrx_word' id='word_1_403' title='bbox 799 2947 940 2987; x_wconf 88' lang='lat' dir='ltr'>nostris</span> <span class='ocrx_word' id='word_1_404' title='bbox 961 2947 1099 2999; x_wconf 89' lang='lat' dir='ltr'>opibus</span> <span class='ocrx_word' id='word_1_405' title='bbox 1121 2948 1301 3000; x_wconf 88' lang='lat' dir='ltr'>spoliant,</span> <span class='ocrx_word' id='word_1_406' title='bbox 1317 2949 1387 2987; x_wconf 87' lang='lat' dir='ltr'>sed</span> <span class='ocrx_word' id='word_1_407' title='bbox 1400 2949 1513 2988; x_wconf 83' lang='lat' dir='ltr'>etiarn</span> <span class='ocrx_word' id='word_1_408' title='bbox 1530 2957 1671 3002; x_wconf 81' lang='lat' dir='ltr'>praeter</span> <span class='ocrx_word' id='word_1_409' title='bbox 1689 2950 1766 2988; x_wconf 83' lang='lat' dir='ltr'>alia</span> 
     </span>
    </p>
   </div>
  </div>
 </body>
</html>
