1870 3277
672 183 1073 223 TRAPEZITICUS.
1512 182 1590 218 253

210 291 273 326 24.
305 290 375 327 Est
399 296 542 334 autern,
565 289 732 340 judices,
760 301 881 339 operae
914 287 1075 337 pretium
1107 284 1347 322 considerare
1379 298 1491 335 quam
1525 286 1591 322 ab-

155 350 270 388 surda
284 358 322 388 et
343 351 493 388 minime
513 351 705 388 credenda
724 349 837 387 Pasio
853 347 1059 385 identidem
1079 345 1203 383 dicere
1223 345 1406 382 instituat.
1462 347 1590 387 Quum

158 412 257 450 enim
290 413 342 450 ita
376 426 522 450 meeum
553 419 744 463 ageretur,
774 418 815 447 ut
845 409 992 447 etiarnsi
1022 408 1200 445 fateretur
1227 419 1286 444 me
1317 407 1483 457 pecuniis
1509 420 1590 445 ase

158 472 336 517 fraudari,
365 473 538 524 persequi
565 481 689 510 tamen
722 470 894 522 injuriam
926 483 1003 507 non
1025 468 1246 519 potuissem,
1266 474 1344 504 tum
1372 468 1591 506 criminatur

158 546 217 571 me
236 533 375 582 injuste
396 534 500 572 litem
531 534 664 571 inferre
694 538 872 569 conatum
901 543 1011 568 esse:
1043 542 1159 580 quum
1193 534 1319 566 autem
1350 528 1591 566 reconciliata

158 594 280 645 Satyri
296 595 418 645 gratia
436 595 548 633 istum
568 606 696 632 omnes
721 591 865 640 judicio
892 591 1106 630 convictum
1126 589 1168 627 iri
1194 589 1405 635 crederent,
1425 597 1504 626 tum
1525 589 1591 627 de-

157 669 258 693 mum
285 657 337 694 ait
354 670 413 694 me
442 664 559 695 totam
590 656 659 693 sibi
690 655 794 692 litem
814 654 1067 692 condonasse.
1123 652 1210 694 Quo
1239 650 1331 701 quid
1361 650 1441 688 fieri
1467 658 1592 702 potest

157 718 359 756 absurdius
376 717 391 754 ἶ)

210 780 273 815 25.
304 778 440 828 Neque
460 790 549 815 vero
568 777 604 814 in
623 777 681 814 his
709 784 871 821 tantum,
895 776 963 814 sed
982 775 1130 813 caeteris
1150 773 1290 825 pariter
1317 774 1352 811 in
1370 774 1482 811 rebus
1503 786 1590 810 eum

156 839 226 877 sibi
240 839 428 877 contraria
447 846 526 876 tum
541 838 667 876 dicere
685 845 766 876 tum
786 850 899 888 agere
913 837 1038 888 palam
1058 835 1375 887 deprehenditur:
1396 835 1460 885 qui
1475 848 1592 885 quum

155 913 328 951 puerum,
344 913 455 950 quern
472 900 553 950 ipse
571 899 796 944 occultarat,
816 899 941 949 plagio
956 911 1022 949 per
1041 910 1111 936 nos
1131 897 1338 935 abductum
1359 902 1592 946 conquestus

155 966 271 1006 esset,
301 960 538 1011 eundemque
570 973 686 1011 quum
714 973 853 998 census
883 967 1060 1010 ageretur
1090 971 1158 1009 pro
1188 971 1297 996 servo
1331 970 1416 996 curn
1445 957 1592 995 caeteris

156 1021 305 1059 famulis
318 1021 580 1072 inscripsisset,
600 1021 664 1058 ubi
686 1021 924 1058 Menexenus
946 1033 1033 1057 eum
1049 1019 1085 1057 in
1104 1018 1353 1070 quaestionem
1373 1018 1593 1069 postulavit,

157 1094 225 1132 pro
250 1081 367 1120 libero
393 1082 604 1120 asseruerit.
663 1081 825 1128 Deinde,
845 1095 962 1132 quum
991 1081 1167 1132 deposito
1199 1094 1270 1119 nos
1299 1081 1504 1125 fraudaret,
1526 1079 1595 1118 cri-

157 1142 289 1180 minari
305 1155 381 1180 non
397 1142 580 1181 dubitarit
598 1155 667 1181 nos
686 1156 709 1181 a
729 1156 798 1181 sua
818 1156 950 1181 mensa
969 1156 1034 1181 sex
1053 1143 1196 1181 talenta
1211 1143 1421 1194 accepisse.
1462 1142 1594 1180 Enim-

156 1216 244 1241 vero
269 1217 386 1254 quum
414 1204 453 1241 in
480 1205 591 1242 rebus
618 1204 671 1242 ita
701 1204 908 1242 manit'estis
943 1203 1093 1243 mentiri
1119 1217 1196 1242 non
1221 1203 1422 1250 dubitaret,
1448 1203 1539 1254 quid
1559 1203 1593 1242 ei

156 1263 240 1302 fidei
258 1265 475 1303 habendum
496 1272 555 1303 est
573 1265 622 1304 de
641 1265 684 1303 iis
699 1279 785 1316 quae
803 1266 906 1304 solus
927 1279 1012 1304 cum
1033 1265 1116 1304 solo
1133 1264 1237 1315 egit?

211 1327 274 1363 26.
305 1325 517 1372 Postremo,
540 1327 707 1378 judices,
741 1340 861 1377 quum
892 1339 934 1364 se
963 1327 1012 1365 ad
1046 1327 1225 1377 Satyrum
1255 1326 1520 1376 navigaturum
1556 1332 1594 1364 et

155 1387 334 1437 quicquid
366 1387 428 1426 ille
457 1388 744 1438 pronuntiasset
774 1389 962 1426 facturum
987 1388 1235 1439 promisisset,
1255 1389 1368 1426 etiam
1400 1388 1438 1424 in
1467 1400 1512 1425 eo
1531 1399 1594 1424 me

155 1447 326 1498 decepit;
358 1462 402 1487 ac
420 1449 500 1500 ipse
528 1449 682 1499 quidem
711 1450 889 1500 navigare
908 1449 1043 1494 noluit,
1064 1462 1165 1499 saepe
1185 1462 1244 1486 me
1272 1449 1505 1500 postulante,
1525 1449 1594 1486 sed

158 1509 301 1547 Cittum
330 1509 454 1548 misit:
483 1510 548 1561 qui
567 1524 685 1561 quum
713 1523 758 1548 eo
787 1510 966 1556 venisset,
988 1523 1028 1548 se
1057 1510 1247 1548 hominem
1277 1510 1484 1561 ingenuum
1512 1522 1594 1547 esse

155 1573 262 1619 dixit,
279 1587 415 1624 genere
436 1575 642 1623 Milesium,
662 1581 777 1625 atque
795 1588 818 1612 a
838 1574 1002 1612 Pasione
1031 1575 1185 1612 missum
1211 1583 1254 1612 ut
1275 1580 1482 1625 exponeret
1502 1573 1594 1623 quid

156 1641 283 1672 actum
305 1641 407 1673 esset
423 1636 471 1673 de
491 1635 676 1686 pecuniis.
733 1636 893 1686 Satyrus
918 1642 1046 1673 autem
1073 1643 1235 1686 utroque
1260 1642 1434 1673 nostrum
1461 1634 1593 1672 audito

149 1695 214 1746 jus
229 1695 381 1745 quidem
399 1696 523 1734 dicere
543 1697 591 1734 de
610 1696 869 1734 contractibus
884 1696 944 1734 hic
961 1696 1074 1734 factis
1095 1696 1231 1741 noluit,
1249 1708 1367 1748 quum
1386 1695 1594 1746 praesertim

156 1756 225 1794 iste
242 1769 312 1794 uec
332 1757 483 1795 adesset
502 1770 571 1796 nec
591 1757 694 1808 quod
710 1757 786 1795 illic
806 1758 1074 1796 decerneretur
1092 1758 1263 1796 facturus
1282 1763 1402 1800 esset;
1432 1756 1500 1794 sed
1514 1763 1592 1794 tam

155 1817 342 1869 insignem
362 1818 536 1869 injuriam
561 1819 651 1856 mihi
680 1819 760 1856 fieri
784 1818 988 1870 judicavit,
1014 1826 1056 1856 ut
1088 1819 1340 1857 navicularios
1360 1826 1591 1857 convocatos

155 1879 294 1930 rogarit
313 1887 354 1918 ut
372 1893 483 1931 opem
511 1881 652 1918 ferrent
682 1893 806 1932 neque
827 1880 963 1931 injuria
982 1894 1041 1919 me
1069 1881 1170 1919 affici
1185 1888 1418 1933 paterentur,
1444 1888 1481 1918 et
1501 1880 1593 1919 scri-

156 1949 238 1991 ptas
271 1941 319 1979 ad
346 1942 535 1980 civitatem
555 1949 718 1980 vestram
748 1942 876 1980 literas
906 1943 1111 1980 Xenotimo
1132 1942 1271 1980 Cancri
1298 1942 1374 1980 filio
1402 1942 1591 1993 perferen-

156 2002 225 2041 das
243 2003 404 2042 dederit.
436 2003 550 2054 Lege.

757 2105 976 2144 LITERAE.

206 2194 270 2230 27.
299 2192 427 2236 Quum
449 2198 591 2236 autem,
614 2191 780 2243 judices,
811 2198 919 2229 tanta
948 2204 1042 2229 meae
1072 2177 1200 2229 causae
1225 2192 1274 2229 sit
1303 2192 1477 2242 aequitas,
1496 2190 1592 2228 illud

155 2253 476 2292 evidentissimum
504 2252 656 2303 signum
677 2265 762 2291 esse
782 2254 939 2291 arbitror
966 2266 1026 2291 me
1054 2252 1225 2304 pecuniis
1256 2265 1279 2291 a
1299 2253 1462 2291 Pasione
1489 2252 1591 2291 frau-

153 2314 248 2361 dari,
267 2314 370 2365 quod
400 2327 556 2365 puerum
587 2314 747 2365 depositi
776 2314 972 2353 conscium
1006 2314 1042 2351 in
1077 2315 1327 2365 quaestionem
1349 2314 1438 2352 dare
1458 2314 1591 2352 nol-uit.

157 2377 252 2420 Quae
272 2376 372 2414 enim
399 2382 532 2414 contra
561 2376 791 2414 mensarium
824 2376 897 2414 alia
915 2376 1086 2427 probatio
1106 2376 1316 2414 evidentior
1333 2390 1417 2414 esse
1444 2375 1592 2426 possit?

156 2437 237 2476 Nec
263 2437 362 2475 enim
395 2437 542 2476 scilicet
577 2444 691 2476 testes
733 2437 970 2475 adhibemus.
1027 2437 1151 2476 Video
1184 2444 1309 2476 autem
1342 2450 1409 2475 vos
1437 2449 1591 2487 quoque

156 2513 278 2551 neque
298 2499 456 2551 publicis
476 2512 598 2550 neque
615 2499 768 2551 privatis
783 2499 819 2537 in
836 2500 948 2538 rebus
965 2500 1168 2550 quicquam
1185 2499 1258 2537 fide
1278 2499 1420 2549 majore
1435 2498 1591 2548 dignum

156 2570 222 2600 aut
240 2559 365 2600 uerius
388 2561 602 2599 existimare
620 2562 829 2607 tormentis,
847 2574 890 2598 ac
910 2561 988 2599 fieri
1007 2560 1158 2611 quidem
1186 2573 1297 2610 posse
1316 2566 1359 2596 ut
1377 2559 1490 2609 aliqui
1507 2559 1594 2596 sub-

155 2630 337 2661 ornentur
364 2623 427 2673 qui
454 2629 571 2661 testes
597 2623 672 2660 sint
697 2635 821 2660 rerum
843 2636 918 2661 non
939 2623 1140 2665 factarum,
1162 2634 1228 2671 per
1252 2621 1441 2658 cruciatus
1465 2627 1590 2658 autern

156 2692 303 2724 extorta
321 2686 538 2724 testimonia
561 2685 755 2736 perspicue
782 2685 981 2723 ostendere
1003 2684 1076 2721 utri
1096 2695 1184 2720 vera
1204 2682 1346 2719 dicant.
1403 2682 1499 2725 Quae
1519 2682 1591 2720 iste

156 2747 259 2784 haud
283 2747 482 2797 ignoravit,
510 2759 631 2797 eaque
657 2746 704 2784 de
733 2759 851 2784 causa
869 2759 936 2783 vos
962 2744 1180 2795 conjectura
1200 2750 1242 2780 ut
1261 2743 1386 2793 iquam
1406 2755 1484 2780 rem
1504 2756 1591 2781 vere

158 2806 366 2858 intelligere
385 2808 528 2845 maluit.
587 2808 718 2858 Neque
739 2820 826 2844 vero
847 2806 971 2844 dicere
991 2811 1132 2855 potest,
1147 2803 1377 2854 quaestiones
1393 2816 1461 2854 pro
1480 2804 1590 2842 nobis

159 2868 283 2919 potius
302 2881 414 2919 quam
437 2881 504 2918 pro
531 2882 571 2906 se
598 2868 743 2906 futuras
767 2867 895 2911 fuisse,
916 2872 1186 2916 proptereaque
1211 2877 1250 2902 se
1273 2877 1430 2915 puerum
1451 2864 1590 2902 dedere

157 2931 336 2970 noluisse.
395 2930 538 2968 Omnes
560 2931 656 2968 enirn
679 2931 781 2968 scitis
804 2931 847 2975 ei,
870 2930 898 2966 si
918 2936 1048 2966 contra
1065 2927 1177 2965 istum
1198 2927 1371 2973 dixisset,
1394 2941 1458 2978 per
1479 2940 1589 2965 omne
