1870 3277
701 184 1068 223 AEGINETICUS.
1539 184 1615 220 269

172 288 297 339 plures
327 300 436 338 reges
466 289 719 326 exstiterunt?
776 288 904 331 Quare
923 285 1222 337 Thrasylochus,
1243 286 1388 324 etiamsi
1418 299 1613 337 nunquam

171 363 258 387 cum
279 362 324 387 eo
351 349 564 388 collocutus
583 350 754 395 fuissem,
773 349 875 387 haud
895 347 1029 398 injuria
1050 354 1204 398 propter
1222 347 1304 385 haec
1333 347 1421 385 mihi
1447 360 1614 386 sororem

172 423 281 447 suam
299 410 390 448 dare
411 411 604 457 voluisset,
621 418 660 448 et
678 423 765 461 ego,
783 410 935 447 tametsi
955 409 1045 446 nihil
1065 408 1199 446 horum
1221 415 1326 446 esset
1345 417 1457 459 atque
1476 409 1612 446 civium

170 473 373 512 vilissimus
393 477 627 523 essem,jure
648 481 773 512 tamen
796 486 840 510 ac
860 473 993 510 merito
1014 479 1170 523 propter
1197 472 1338 509 collata
1356 473 1394 509 in
1414 472 1538 523 ipsum
1554 473 1615 509 be-

171 536 306 573 neficia
326 537 490 574 maxima
509 549 671 586 quaeque
691 536 738 572 ab
759 547 805 572 eo
825 540 1055 572 consecutus
1082 546 1215 571 essem.

231 597 289 633 18.
319 597 491 634 Arbitror
511 603 636 634 autem
663 609 748 633 eum
769 602 1000 633 testamento
1017 595 1120 632 hunc
1151 595 1187 632 in
1208 595 1360 632 modum
1380 594 1481 632 facto
1501 595 1613 631 etiam

171 657 278 695 fratri
298 657 468 708 Sopolidi
498 671 573 695 rem
603 657 741 695 fecisse
770 657 1045 708 gratissimam:
1077 656 1140 706 qui
1171 665 1208 694 et
1240 657 1320 707 ipse
1341 656 1452 693 istam
1483 655 1616 693 oderat

172 718 318 768 sibique
340 718 435 755 male
457 718 553 755 velle
574 719 745 768 putabat,
767 725 804 755 et
824 731 883 754 me
903 718 1000 754 inter
1019 717 1162 755 amicos
1182 730 1313 755 omnes
1335 716 1487 753 maximi
1505 715 1618 753 facie-

171 780 249 817 bat.
299 779 414 823 Quod
434 786 514 816 tum
533 792 635 829 saepe
656 779 766 824 alias,
781 785 862 816 tum
885 792 973 816 vero
993 779 1030 815 in
1051 778 1180 829 primis
1197 778 1405 816 declaravit
1420 790 1537 828 quum
1550 791 1613 814 ex-

171 840 316 878 sulibus
336 841 458 878 visum
485 849 544 878 est
573 854 659 878 cum
689 841 808 892 copiis
837 839 1081 878 auxiliaribus
1111 841 1243 877 urbem
1273 839 1465 876 invadere.
1525 839 1615 876 Dux

171 903 272 940 enim
293 910 443 941 creatus
466 917 510 941 ac
531 904 693 941 dictator
722 917 781 941 me
803 911 840 941 et
860 903 1022 941 scribam
1044 902 1189 953 delegit
1210 910 1246 940 et
1266 909 1491 953 quaestorem
1521 915 1614 940 con-

171 964 305 1011 stituit,
326 972 364 1002 et
383 966 552 1016 praelium
573 965 846 1003 commissurus
868 965 978 1016 juxta
1000 977 1038 1002 se
1057 965 1095 1001 in
1115 964 1198 1002 acie
1227 964 1442 1002 collocavit.
1499 964 1614 1006 Quod

171 1027 204 1063 ei
224 1033 458 1077 quantopere
477 1027 660 1077 profuerit
688 1026 949 1064 considerate:
980 1039 1067 1063 nam
1096 1039 1213 1076 quum
1249 1026 1350 1063 urbis
1382 1026 1615 1077 oppugnatio

170 1087 278 1124 nobis
299 1101 376 1125 non
398 1088 650 1125 successisset
680 1101 804 1138 neque
832 1088 886 1125 ita
909 1088 963 1125 uti
986 1087 1209 1126 volebamus
1229 1088 1508 1133 recederemus,
1528 1101 1613 1126 eum

171 1156 248 1186 tarn
269 1149 432 1199 graviter
452 1149 691 1187 vulneratum
720 1157 762 1187 ut
786 1149 980 1188 ambulare
1000 1162 1076 1187 non
1095 1157 1240 1200 posset,
1259 1163 1302 1187 ac
1322 1150 1399 1187 fere
1421 1149 1614 1187 moribun-

172 1210 277 1256 dum,
297 1223 384 1248 cum
408 1211 550 1248 famulo
578 1224 664 1248 meo
696 1211 863 1248 humeris
894 1211 1111 1262 impositum
1146 1211 1194 1248 ad
1228 1224 1362 1248 navem
1395 1211 1614 1261 deportavi;

170 1284 285 1321 quare
307 1284 408 1322 saepe
428 1278 466 1309 et
485 1272 534 1309 ad
555 1272 696 1310 multos
717 1272 811 1309 dixit
836 1286 876 1310 se
903 1273 993 1309 mihi
1018 1272 1086 1310 soli
1119 1272 1286 1309 omniurn
1314 1273 1475 1310 salutem
1506 1285 1610 1310 suam

170 1339 366 1383 acceptam
388 1333 537 1371 referre.
596 1334 683 1377 Quo
701 1334 889 1371 beneficio
909 1334 1001 1384 quid
1022 1334 1144 1385 majus
1165 1347 1249 1371 esse
1269 1333 1416 1384 potest?
1445 1334 1614 1385 'Deinde

169 1407 285 1444 quum
308 1395 550 1445 navigatione
580 1395 617 1432 in
648 1396 802 1445 Lyciam
833 1402 1014 1446 suscepta
1043 1402 1214 1433 mortuus
1246 1402 1358 1441 esset,
1379 1395 1452 1432 ista
1481 1395 1614 1445 paucis

170 1455 304 1493 diebus
325 1462 411 1506 post
431 1463 631 1506 acceptum
659 1456 707 1493 de
727 1455 833 1493 obitu
852 1455 935 1507 ejus
954 1456 1132 1493 nuntium
1154 1455 1396 1493 sacrificabat
1415 1462 1453 1493 et
1472 1457 1612 1493 festum

169 1517 267 1554 diem
298 1517 531 1564 celebrabat,
546 1531 618 1556 nec
637 1530 720 1556 eam
742 1518 800 1555 vel
818 1518 944 1556 fratris
965 1518 1092 1556 adhuc
1112 1518 1274 1555 viventis
1303 1518 1487 1569 pudebat,
1508 1518 1612 1568 quod

169 1586 326 1617 mortem
349 1580 521 1618 defuncti
541 1587 617 1618 tam
637 1580 770 1618 leviter
788 1579 920 1622 ferret3
949 1592 1021 1630 ego
1042 1592 1130 1617 vero
1156 1580 1208 1617 sic
1240 1593 1328 1618 eum
1358 1580 1550 1630 lugebam,
1573 1587 1615 1617 ut

169 1641 301 1691 lugere
322 1650 508 1693 cognatos
528 1642 640 1680 moris
661 1648 732 1680 est.
763 1642 816 1679 Et
833 1642 917 1679 haec
937 1642 1126 1680 faciebam
1146 1641 1273 1679 omnia
1292 1655 1336 1679 ex
1358 1642 1512 1692 ingenio
1531 1655 1615 1680 meo

170 1709 209 1740 et
236 1710 391 1753 propter
419 1703 568 1741 illorum
598 1703 814 1749 amicitiam,
836 1716 912 1740 non
943 1702 1057 1753 hujus
1083 1702 1217 1754 judicii
1248 1715 1382 1742 causa:
1412 1716 1482 1740 nec
1513 1703 1614 1740 enim

169 1766 350 1816 putabam
371 1764 424 1802 ita
442 1765 540 1803 male
568 1778 656 1803 cum
684 1765 739 1802 eis
761 1772 889 1803 actum
914 1764 1027 1814 iri‚ut
1045 1764 1126 1802 sine
1142 1763 1268 1802 liberis
1289 1771 1447 1814 uterque
1477 1764 1613 1801 mortui

167 1825 483 1877 conspiciendum
506 1826 669 1865 relicturi
688 1833 827 1873 essent,
845 1839 923 1877 quo
943 1826 1069 1864 animo
1089 1826 1350 1876 unusquisque
1376 1832 1546 1864 nostrum
1577 1826 1613 1863 in

167 1887 272 1939 ipsos
293 1889 444 1927 fuisset.

226 1952 286 1988 19.
317 1952 378 1988 Ac
400 1951 720 2003 quemadmodum
741 1965 832 2002 erga
850 1950 1153 2002 Thrasylochum
1186 1957 1225 1988 et
1253 1950 1472 2002 Sopolidem
1494 1950 1557 1988 illa
1576 1958 1614 1988 et

167 2025 241 2062 ego
272 2011 399 2050 affecti
427 2012 622 2059 fuerimus,
643 2013 718 2051 fere
748 2013 964 2050 audivistis:
995 2012 1166 2050 fortassis
1191 2019 1317 2049 autem
1339 2025 1441 2050 nunc
1461 2012 1508 2049 ad
1528 2025 1611 2050 eam

167 2073 377 2111 orationem
400 2087 440 2111 se
461 2081 701 2120 convertent,
722 2087 807 2124 quae
826 2075 880 2111 eis
900 2074 1043 2124 reliqua
1059 2080 1131 2119 est,
1149 2073 1392 2124 Thrasyllum
1408 2073 1514 2110 istius
1530 2086 1611 2110 mu-

168 2134 268 2172 lieris
289 2143 449 2186 patrem,
465 2136 496 2173 si
516 2136 600 2186 quis
621 2149 757 2174 sensus
778 2136 826 2173 sit
855 2135 1046 2173 defunctis
1076 2148 1198 2172 rerum
1219 2148 1305 2185 quae
1330 2134 1392 2172 hic
1413 2141 1609 2184 gerantur,

168 2196 468 2234 existimaturum
500 2197 737 2248 iniquissime
766 2210 893 2235 secum
921 2197 996 2247 agi,
1021 2197 1050 2233 si
1075 2196 1222 2234 videret
1246 2196 1358 2233 filiam
1389 2196 1611 2234 haereditate

166 2258 394 2305 fraudatam,
414 2266 452 2297 et
471 2270 564 2310 opes
585 2272 655 2297 suo
674 2259 804 2296 labore
823 2265 952 2310 partas
972 2259 1019 2297 ad
1041 2271 1102 2296 me
1123 2258 1292 2296 rediisse.

220 2320 284 2356 20.
316 2320 400 2370 Ego
420 2333 507 2358 vero
534 2333 677 2358 censeo
707 2333 783 2358 non
810 2319 857 2357 de
882 2321 962 2371 jam
993 2319 1083 2358 olim
1102 2320 1308 2364 defunctis,
1329 2319 1396 2357 sed
1416 2320 1463 2356 de
1483 2320 1527 2356 iis
1547 2319 1609 2369 qui

167 2380 427 2419 haereditatem
449 2383 614 2432 proxime
634 2383 880 2432 reliquerunt,
900 2383 1017 2420 verba
1032 2383 1142 2420 nobis
1163 2381 1340 2420 facienda
1362 2395 1458 2419 esse.
1496 2381 1612 2418 Thra-

166 2443 285 2495 syllus
312 2446 410 2483 enim
432 2445 510 2491 ille,
529 2458 625 2496 quos
651 2445 732 2496 ipse
751 2445 883 2490 voluit,
903 2445 1076 2482 haeredes
1096 2444 1276 2482 instituit:
1307 2456 1460 2494 aequum
1480 2449 1609 2480 autem

166 2511 226 2542 est
245 2505 421 2557 idernjus
442 2519 464 2544 a
479 2507 584 2544 vobis
611 2507 698 2544 huic
717 2507 980 2559 Thrasylocho
1007 2506 1180 2557 relinqui,
1197 2514 1235 2544 et
1256 2506 1291 2543 in
1312 2505 1536 2543 haereditate
1556 2505 1610 2542 illi

164 2567 370 2606 succedere
405 2581 480 2606 non
512 2567 723 2613 istam‚sed
753 2582 849 2619 quos
879 2568 941 2606 ille
971 2575 1199 2605 testamento
1232 2579 1476 2605 successores
1509 2567 1610 2604 desi-

166 2629 308 2678 gnavit.
368 2629 504 2680 Neque
535 2637 660 2668 tamen
691 2643 763 2681 ego
787 2630 844 2667 vel
872 2629 1062 2680 Thrasylli
1091 2637 1191 2666 stare
1212 2628 1358 2679 judicio
1379 2640 1605 2666 recusarem.

169 2688 291 2731 Quem
307 2690 474 2741 judicem
497 2697 632 2729 contra
651 2692 760 2729 istam
781 2692 949 2730 omnium
970 2691 1192 2728 acerrimum
1215 2690 1293 2727 fore
1313 2690 1485 2734 arbitror,
1503 2690 1533 2727 si
1555 2690 1609 2727 in-

169 2749 355 2800 telligeret
373 2753 562 2802 quomodo
584 2753 722 2791 liberos
744 2753 861 2804 ipsius
889 2759 1111 2789 tractasset:
1143 2758 1256 2800 atque
1289 2750 1384 2788 adeo
1409 2764 1484 2788 nou
1511 2751 1608 2788 indi-

169 2819 387 2860 gnaturum,
405 2813 435 2850 si
457 2827 522 2851 vos
549 2815 760 2853 secundum
788 2815 891 2864 leges
919 2813 1145 2850 senteutiam
1166 2813 1299 2849 tulisse
1319 2812 1478 2856 videret,
1502 2821 1541 2849 ut
1570 2813 1607 2850 id

168 2872 279 2922 longe
300 2873 480 2924 iniquiore
497 2876 621 2914 animo
643 2876 769 2922 ferret,
786 2877 815 2913 si
834 2882 1103 2913 testamentum
1125 2887 1144 2910 a
1164 2874 1239 2911 filio
1257 2887 1325 2912 suo
1346 2874 1486 2912 factum
1504 2874 1607 2910 ficret

166 2933 323 2972 irritum.
385 2936 480 2973 Nam
504 2937 689 2986 siquidem
711 2937 996 2988 Thrasylochus
1018 2936 1221 2974 facultates
1238 2949 1325 2974 suas
1347 2949 1439 2973 meae
1456 2934 1604 2973 familiae
