1870 3277
281 171 352 207 110
859 174 1148 213 ISOCRATIS

273 280 402 310 autc-m
423 279 461 310 et
480 273 618 324 quinas
649 282 688 313 et
717 275 845 327 plures
872 277 945 316 hoe
975 291 1135 316 numero
1165 279 1328 317 amissas
1348 285 1385 316 et
1407 280 1583 318 millenos
1605 280 1662 318 vel
1684 280 1742 318 bis

271 333 447 372 millenos
470 335 692 374 interfectos
713 338 891 387 quisnam
914 340 1186 378 enumeraret?
1236 341 1316 378 Nisi
1337 342 1441 391 quod
1458 342 1532 380 hoc
1552 356 1667 380 unum
1688 343 1740 380 ita

269 394 306 431 in
329 397 459 433 orbem
484 398 646 443 redibat,
666 407 708 435 ut
732 401 940 449 quotannis
971 401 1138 451 publicae
1166 402 1375 452 sepulturae
1403 404 1552 448 fierent,
1573 404 1621 440 ad
1642 416 1738 453 quas

268 456 380 494 multi
400 471 420 495 e
443 459 609 497 finitimis
629 460 767 510 aliique
790 461 919 499 Gracci
947 464 1242 509 conveniebant,
1265 477 1339 500 non
1362 471 1404 501 ut
1424 473 1643 515 peremptos
1665 478 1739 502 una

267 517 460 569 lugerent,
494 521 563 558 sed
600 529 642 558 ut
675 523 817 560 nostris
856 523 1032 561 cladibus
1069 525 1313 563 insultarent.
1384 527 1560 563 Tandem
1596 540 1642 564 eo
1677 539 1736 564 res

265 580 412 618 redicre
434 588 474 619 ut
494 583 677 632 paulatim
696 584 874 633 sepulcra
895 585 1049 635 publica
1067 586 1227 631 civibus,
1245 588 1365 625 tribus
1397 597 1523 625 autem
1541 595 1578 626 et
1605 588 1736 625 album

263 643 428 681 civitatis
442 644 680 694 alienigenis,
695 646 958 696 implerentur.
1008 648 1165 691 Quanta
1180 649 1280 686 enim
1298 650 1504 686 multitudo
1519 649 1674 700 perierit
1689 661 1736 686 ex

264 717 311 742 eo
333 705 512 743 facillime
540 708 724 751 cernitur,
745 708 848 757 qnod
877 721 1019 758 genera
1040 711 1431 748 nominatissimorum
1452 712 1631 754 virorum,
1655 723 1736 747 am-

263 766 524 817 plissimaeque
546 767 715 815 familiae,
732 782 820 819 quae
839 777 877 806 et
895 771 1112 821 tyrannicas
1134 773 1395 822 grassationes
1417 781 1454 809 et
1474 772 1618 809 bellum
1643 771 1735 809 Per-

260 829 382 865 sicum
403 829 635 879 effugerant,
656 831 693 868 in
715 844 774 876 eo,
796 832 901 881 quod
923 839 1126 883 tantopere
1146 834 1475 884 concupiscimus,
1493 833 1654 883 imperio
1672 846 1733 870 cx·

259 890 440 941 stirpatas
460 891 708 941 reperiemus.
769 894 897 936 Quare
926 894 956 930 si
978 895 1064 944 quis
1094 902 1234 932 caetera
1255 895 1489 939 consideret,
1512 902 1551 932 et
1580 895 1628 932 ad
1660 894 1733 932 hoc

259 954 364 992 velut
385 955 585 1006 exemplar
613 956 767 1000 reserat,
789 958 993 1006 permutati
1014 964 1052 994 et
1073 957 1133 994 alii
1156 971 1275 1008 prope
1298 958 1389 995 facti
1410 971 1495 995 esse
1516 958 1730 995 videamur.

315 1018 379 1053 30.
412 1016 617 1054 Enimvero
648 1030 693 1054 ea
723 1017 877 1054 demum
906 1018 1041 1055 civitas
1069 1018 1160 1056 felix
1191 1026 1249 1056 est
1277 1019 1471 1063 habenda,
1494 1032 1570 1056 non
1591 1033 1679 1070 quae
1709 1033 1729 1057 e

256 1078 477 1128 promiscua
497 1078 696 1115 hominum
716 1078 882 1116 colluvie
907 1079 1050 1117 multos
1072 1080 1175 1118 cives
1204 1088 1348 1118 temere
1369 1081 1530 1131 colligit,
1551 1081 1620 1118 sed
1642 1093 1730 1130 quae

255 1139 546 1190 antiquissimas
575 1147 613 1177 et
645 1141 787 1191 primas
817 1141 980 1178 familias
1013 1142 1176 1180 maxime
1206 1149 1431 1185 conservat;
1477 1149 1516 1180 et
1545 1142 1567 1179 ii
1597 1141 1664 1179 viri
1691 1142 1729 1180 in

254 1204 452 1254 praeclaris
467 1203 695 1241 numerandi
711 1212 815 1250 sunt,
831 1217 907 1241 non
928 1204 992 1254 qui
1010 1204 1043 1241 vi
1061 1204 1260 1255 potiuntur
1276 1204 1443 1255 imperiis
1466 1204 1729 1255 autmajorem

252 1265 466 1316 potentiam
486 1279 604 1315 quam
624 1279 782 1316 aequum
804 1273 864 1304 est
885 1266 1101 1316 possident,
1124 1266 1193 1303 sed
1220 1266 1283 1316 qui
1309 1273 1349 1304 et
1369 1266 1546 1303 maximis
1576 1265 1727 1302 honori-

252 1329 324 1366 bus
343 1329 450 1378 digni
471 1337 574 1373 snnt,
596 1337 635 1366 et
656 1330 700 1366 iis
727 1329 899 1367 contenti
922 1330 1054 1366 vivunt
1074 1329 1139 1379 qui
1166 1329 1298 1380 populi
1322 1329 1522 1366 voluntate
1551 1329 1727 1379 contige-

251 1398 352 1428 runt.
412 1391 510 1428 Nam
532 1391 597 1428 tali
619 1404 723 1429 more
744 1404 859 1428 nemo
881 1391 960 1428 sive
977 1392 1149 1441 privatus
1167 1391 1247 1429 sive
1265 1391 1513 1442 magistratus
1529 1390 1728 1428 honestio-

249 1466 327 1489 rem
350 1459 418 1490 aut
438 1453 619 1490 tutiorem
641 1460 708 1490 aut
727 1453 838 1503 pretii
859 1453 1012 1504 majoris
1033 1461 1100 1491 aut
1120 1454 1242 1503 magis
1262 1453 1522 1504 expetendum
1554 1452 1725 1490 obtinere

250 1523 389 1565 queat:
420 1516 573 1565 qualem
594 1515 658 1565 qui
681 1515 784 1552 circa
803 1515 904 1552 bella
921 1514 1079 1552 Persica
1099 1516 1257 1552 fuerunt
1276 1515 1494 1558 consecuti,
1513 1527 1590 1551 non
1612 1513 1727 1550 latro-

250 1589 340 1613 num
373 1589 477 1614 more
499 1577 692 1622 vixerunt,
723 1576 815 1614 alias
846 1576 960 1626 copia
991 1590 1115 1613 rerum
1146 1575 1405 1620 abundantes,
1436 1575 1529 1613 alias
1559 1587 1725 1613 annonae

247 1639 409 1690 penuria
430 1639 646 1677 laborantes
669 1646 707 1676 et
729 1638 996 1676 obsidionibus
1017 1646 1055 1675 et
1076 1638 1188 1675 malis
1210 1639 1432 1688 ingentibus
1454 1637 1723 1683 circumventi,

248 1702 317 1739 sed
347 1715 468 1752 quum
489 1702 613 1739 victus
644 1701 699 1739 eis
736 1714 861 1751 neque
892 1700 1051 1738 deesset
1080 1714 1206 1750 neque
1238 1708 1474 1751 superesset,
1496 1700 1720 1750 aequitatem

247 1764 431 1814 gerendae
453 1763 616 1814 reipubl.
639 1776 808 1813 suasque
829 1762 987 1799 virtutes
1020 1762 1126 1799 laudi
1155 1762 1224 1799 sibi
1247 1761 1435 1799 ducentes
1467 1762 1582 1799 etiam
1603 1762 1721 1799 vitam

246 1839 361 1876 quam
393 1825 456 1862 alii
488 1825 703 1862 suaviorem
737 1830 965 1874 exegerunt.
1024 1823 1101 1865 Qui
1133 1832 1260 1861 autem
1291 1836 1358 1861 eos
1390 1823 1563 1874 proxime
1595 1822 1719 1861 secuti

247 1894 352 1932 sunt,
371 1886 428 1924 his
448 1887 637 1937 neglectis
666 1899 743 1924 non
773 1885 1034 1937 principatum
1065 1885 1236 1923 obtinere
1259 1885 1327 1922 sed
1348 1884 1592 1936 tyrannidem
1613 1897 1722 1922 exer-

244 1962 332 1987 cere
362 1949 622 1999 appetierunt,
649 1962 738 1999 quae
767 1960 888 1998 quum
921 1947 1086 1985 eandem
1113 1947 1190 1984 vim
1219 1946 1362 1984 habere
1389 1946 1607 1992 videantur,
1635 1947 1719 1986 lon-

245 2011 412 2062 gissimis
444 2010 654 2048 intervallis
688 2009 859 2047 distant:
899 2022 988 2046 nam
1023 2008 1240 2060 principum
1271 2007 1439 2046 officium
1466 2015 1525 2046 est
1554 2021 1620 2046 eos
1651 2011 1716 2061 qui

243 2079 381 2123 parent
397 2071 585 2109 industria
606 2084 676 2109 sua
696 2071 858 2109 reddere
878 2070 1083 2114 feliciores,
1102 2077 1353 2120 tyrannorum
1373 2082 1465 2106 vero
1487 2082 1532 2107 ea
1551 2083 1718 2110 consue-

244 2133 339 2171 tudo
360 2140 419 2170 est
439 2146 529 2169 suas
542 2132 764 2183 voluptates
780 2145 827 2169 ex
848 2132 1009 2169 aliorum
1026 2130 1209 2167 aerumnis
1226 2137 1264 2167 et
1280 2128 1458 2167 cladibus
1475 2143 1715 2181 comparare.

244 2194 419 2232 Necesse
438 2201 567 2231 autem
588 2200 648 2230 est
668 2206 734 2230 eos
754 2192 818 2243 qui
840 2192 980 2229 talibus
1000 2192 1113 2229 rebus
1134 2191 1365 2228 incumbunt
1385 2190 1500 2228 etiam
1521 2191 1559 2228 in
1582 2199 1726 2243 tyran--

242 2257 351 2295 nicas
370 2256 538 2294 incidere
559 2255 816 2300 calamitates,
837 2262 874 2292 et
891 2254 1027 2305 quales
1050 2266 1092 2290 se
1114 2266 1208 2304 erga
1230 2253 1324 2290 alios
1353 2254 1587 2303 praebuerint
1615 2256 1714 2294 tales

241 2318 281 2355 in
302 2331 342 2355 se
368 2331 523 2369 quoque
548 2317 643 2354 alios
673 2316 850 2367 experiri.
910 2317 953 2353 ld
976 2315 1080 2366 quod
1102 2322 1140 2352 et
1161 2322 1304 2352 nostrae
1323 2315 1407 2353 urbi
1428 2315 1592 2354 accidit:
1623 2331 1713 2355 nam

242 2381 571 2433 quemadmodum
599 2379 717 2417 nostri
746 2392 853 2417 arces
876 2379 1038 2416 aliarum
1067 2378 1219 2415 urbium
1242 2377 1431 2428 praesidiis
1453 2387 1713 2429 occuparunt,

239 2443 295 2481 ita
314 2457 423 2481 suam
444 2442 480 2479 in
501 2441 672 2479 hostium
692 2453 778 2482 esse
798 2447 991 2491 potestate
1011 2439 1212 2483 viderunt;
1243 2446 1285 2476 ut
1305 2439 1447 2477 liberos
1468 2452 1489 2477 a
1509 2449 1711 2490 parentum

240 2505 507 2556 complexibus
540 2503 694 2541 avulsos
725 2503 879 2540 obsides
911 2508 1161 2553 acceperunt,
1185 2502 1237 2538 ita
1262 2502 1380 2557 *multi
1413 2501 1553 2538 civium
1587 2504 1713 2541 coacti

239 2575 330 2605 sunt
350 2580 441 2604 suos
463 2566 603 2604 liberos
624 2565 661 2602 in
682 2564 884 2603 obsidione
911 2563 1022 2614 pejus
1043 2571 1082 2600 et
1101 2562 1204 2599 alere
1231 2569 1269 2599 et
1300 2562 1499 2600 instituere
1519 2575 1637 2611 quam
1658 2564 1712 2602 eis

240 2627 516 2670 conveniebat3
549 2633 592 2664 ut
618 2625 744 2663 aliena
771 2624 918 2676 praedia
947 2624 1166 2669 coluerunt,
1188 2623 1246 2674 sic·
1271 2623 1402 2660 multis
1433 2623 1544 2661 annis
1572 2637 1642 2662 sua
1661 2638 1709 2663 ne

239 2688 371 2727 videre
391 2688 549 2738 quidem
570 2693 793 2739 potuerunt.

294 2751 360 2787 31.
392 2750 542 2800 Itaque,
561 2750 593 2787 si
612 2750 697 2799 quis
714 2762 786 2786 nos
807 2755 973 2798 rogaret,
993 2760 1042 2785 an
1064 2747 1252 2785 vellemus
1270 2746 1320 2784 ob
1340 2746 1541 2796 imperium
1569 2747 1708 2786 tantilli

240 2811 425 2863 temporis
457 2811 738 2861 rempublicam
769 2809 886 2848 tantis
922 2809 1096 2847 cladibus
1131 2808 1311 2846 affectam
1343 2807 1495 2851 intueri,
1526 2809 1707 2858 quisnam

238 2886 322 2911 eam
343 2871 603 2911 conditionem
634 2873 840 2923 acciperet,
859 2870 934 2909 nisi
965 2871 1063 2908 forte
1094 2869 1286 2921 quispiam
1315 2868 1430 2920 plane
1462 2868 1705 2920 desperatus,

235 2934 301 2985 qui
321 2947 444 2985 neque
463 2934 686 2985 religionem
703 2946 828 2985 neque
849 2939 1026 2985 parentes
1046 2945 1172 2983 neque
1193 2932 1334 2970 liberos
1353 2944 1479 2982 neque
1499 2931 1705 2984 quicquam
