1870 3277
671 173 931 212 EPISTOLA
961 174 1050 211 VII.
1513 174 1589 210 295

200 276 235 310 3.
267 274 363 318 Quae
385 275 497 326 igitur
517 274 606 313 mihi
625 277 799 314 consulta
819 275 1031 320 videantur,
1052 275 1135 312 haec
1158 282 1259 313 sunt.
1319 275 1379 313 Sic
1401 282 1527 313 autem
1549 289 1589 313 se

149 347 206 372 res
227 334 354 373 habet.
413 337 451 374 Si
470 338 650 388 pecunias
666 339 926 388 majoremque
949 335 1154 386 potentiam
1168 342 1205 372 et
1221 336 1399 386 pericula,
1415 338 1496 375 sinc
1511 338 1592 387 qui-

146 397 216 433 bus
243 397 302 433 hae
331 398 452 448 parari
480 406 687 448 nequeunt,
713 398 887 442 adamas,
908 397 970 434 alii
998 398 1065 434 tibi
1093 397 1129 433 in
1157 397 1357 434 consilium
1385 398 1591 436 adhibendi

146 464 280 495 erunt:
313 459 370 496 sin
392 460 457 497 tibi
478 460 610 497 harum
640 472 762 496 rerum
792 457 944 496 abunde
971 465 1043 504 est,
1065 457 1213 495 virtutis
1240 471 1326 495 vero
1354 466 1392 495 et
1419 459 1591 497 honestae

147 518 258 556 famae
279 533 322 558 ac
347 522 540 572 popularis
561 520 835 558 benevolentiae
863 519 1054 557 desiderio
1079 519 1234 563 teneris,
1254 526 1292 557 et
1317 520 1477 557 orationi
1497 534 1591 558 meae

144 580 488 632 obtemperandum
505 583 588 627 erit,
605 590 642 619 et
661 594 745 619 curn
767 580 840 618 illis
854 580 1080 618 certandum
1095 581 1158 630 qui
1175 581 1360 631 praeclare
1375 594 1464 618 suas
1480 583 1592 619 urbes

147 640 426 689 administrant,
447 656 522 680 non
545 643 657 681 modo
678 650 720 680 ut
744 655 814 693 par
840 642 911 680 illis
933 643 1087 688 evadas,
1108 641 1176 680 sed
1198 642 1309 680 etiam
1331 649 1376 679 ut
1394 655 1458 680 eos
1477 656 1591 694 supe-

148 715 221 740 res.
282 703 379 741 Nam
412 704 625 741 Cleommin
662 702 790 748 audio,
822 704 887 753 qui
920 703 1158 754 Methymnae
1190 703 1421 750 dominatur,
1443 711 1523 741 tum
1554 705 1592 741 in

149 762 231 801 aliis
257 764 466 801 actionibus
500 764 565 802 viri
599 765 688 802 boni
722 772 760 802 et
792 764 987 815 prudentis
1018 765 1126 815 fungi
1162 765 1302 810 officio,
1335 772 1416 803 tum
1443 772 1593 804 tantum

149 824 296 870 abesse,
328 832 368 862 ut
388 838 603 876 quenquam
631 825 751 864 civem
784 825 936 863 occidat
961 833 1027 863 aut
1053 825 1090 862 in
1113 826 1284 863 exsilium
1307 834 1397 877 agat
1424 835 1491 864 aut
1509 841 1595 878 pro-

147 885 287 922 scribat
307 894 372 924 aut
389 886 500 923 simili
531 886 640 924 clade
673 886 830 932 afficiat,
849 893 890 924 ut
919 887 1022 924 cives
1048 886 1129 937 ejus
1158 887 1195 924 in
1225 900 1375 925 summa
1394 889 1598 927 securitate

148 945 306 996 degant,
323 955 365 985 ut
384 948 507 998 patria
526 948 659 999 pulsos
682 948 728 985 ab
747 947 877 986 exsilio
894 955 1060 993 revocet,
1075 956 1116 986 ut
1135 948 1319 987 restitutis
1334 950 1596 999 possessiones

149 1007 250 1045 unde
272 1009 498 1047 exciderunt
522 1009 669 1055 reddat,
690 1009 747 1047 his
770 1023 858 1047 vero
887 1010 952 1060 qui
974 1023 1039 1047 eas
1060 1016 1262 1048 tenuerant
1285 1016 1434 1049 tantum
1453 1024 1522 1062 pro
1542 1012 1597 1050 eis

150 1077 324 1107 numeret
347 1071 480 1121 quanti
507 1077 694 1116 emerunt,
725 1084 850 1122 neque
880 1071 939 1109 his
971 1079 1177 1110 contentus
1204 1072 1306 1110 cives
1325 1085 1459 1110 omnes
1487 1074 1598 1112 armis

151 1130 312 1169 instruat
331 1139 370 1169 et
394 1139 564 1177 exornet,
586 1131 677 1169 nihil
703 1139 879 1171 metuens
906 1146 952 1170 ne
984 1133 1049 1183 qui
1079 1145 1263 1171 novarum
1289 1146 1413 1171 rerum
1435 1134 1598 1173 studiosi

152 1190 307 1230 insidias
334 1193 404 1244 ipsi
424 1200 599 1236 struant;
628 1194 733 1244 quod
754 1194 783 1232 si
804 1193 870 1244 qui
899 1195 1080 1241 audeant,
1106 1201 1262 1233 mortem
1278 1203 1458 1246 oppetere
1479 1197 1598 1236 satius

151 1266 238 1291 esse
254 1254 362 1292 ducit
379 1255 417 1291 in
437 1261 545 1293 tanta
559 1255 799 1294 humanitate
819 1263 858 1294 et
877 1256 1111 1307 benignitate
1131 1269 1224 1307 erga
1239 1257 1355 1303 cives,
1377 1270 1492 1308 quam
1517 1272 1601 1296 cru-

150 1314 285 1352 deliter
303 1317 340 1353 in
360 1316 516 1353 eosdem
537 1316 750 1367 grassando
771 1316 886 1355 vitam
907 1317 1009 1355 ultra
1029 1317 1212 1355 usitatum
1232 1318 1448 1356 mortalium
1470 1319 1596 1357 termi-

151 1389 237 1414 num
255 1378 481 1428 producere.

198 1440 236 1476 4.
267 1438 383 1477 Plura
402 1439 449 1477 de
470 1439 538 1485 liis,
560 1446 598 1477 et
617 1439 783 1478 fortasse
808 1440 1038 1485 accuratius,
1059 1446 1188 1477 tecum
1218 1439 1502 1488 disseruissem,
1522 1442 1595 1480 nisi

150 1500 242 1538 mihi
268 1500 328 1538 hae
352 1500 474 1539 literae
502 1514 589 1539 cum
623 1513 764 1551 magna
789 1501 1030 1540 festinatione
1053 1501 1267 1540 scribendae
1286 1502 1461 1541 fuissent.
1520 1503 1599 1542 Sed

149 1562 242 1600 alias
262 1561 397 1600 iterum
418 1563 498 1608 tibi,
519 1562 590 1600 nisi
610 1574 669 1599 me
689 1561 836 1600 senium
857 1562 1107 1612 prohibuerit,
1128 1562 1330 1601 consilium
1350 1564 1541 1611 dabimus,
1560 1565 1599 1603 in

152 1623 358 1674 praesentia
371 1636 460 1661 vero
480 1623 526 1661 de
541 1623 695 1674 privatis
710 1623 822 1661 rebus
843 1636 1014 1673 agemus.

207 1687 245 1723 5.
275 1686 517 1731 Autocrator,
553 1685 617 1736 qui
654 1684 784 1723 literas
813 1684 883 1722 has
915 1684 984 1722 tibi
1013 1683 1150 1730 reddit,
1183 1692 1244 1723 est
1276 1685 1365 1724 mihi
1394 1687 1601 1727 familiaris,

155 1747 256 1785 Nam
282 1747 376 1785 etin
404 1746 540 1786 iisdem
569 1746 707 1785 studiis
734 1746 878 1785 versari
903 1760 1034 1785 sumus
1055 1754 1093 1784 et
1115 1746 1250 1786 eadem
1277 1755 1357 1787 arte
1383 1762 1485 1801 saepe
1505 1763 1599 1788 usus

153 1822 250 1852 sum,
272 1807 436 1859 denique
464 1807 518 1846 illi
544 1815 677 1847 auctor
697 1807 753 1846 fui
777 1808 825 1846 ad
854 1815 891 1846 te
919 1807 1202 1860 proficiscendi.
1261 1810 1333 1848 His
1353 1812 1531 1850 omnibus
1551 1813 1600 1851 de

151 1869 278 1908 causis
292 1882 379 1907 eum
398 1868 608 1907 honorifice
630 1869 757 1918 itaque
777 1876 918 1908 tractes
937 1869 1051 1907 velim
1070 1876 1114 1908 ut
1131 1876 1303 1909 nostrum
1321 1873 1472 1923 utrique
1492 1886 1603 1925 expe-

149 1931 218 1976 dit,
238 1943 283 1969 ac
302 1943 381 1982 prae
397 1937 432 1968 te
448 1930 560 1977 feras,
580 1929 762 1980 quicquid
776 1930 988 1969 officiorum
1008 1931 1045 1968 in
1065 1944 1152 1969 eum
1167 1933 1386 1980 contuleris,
1401 1934 1532 1985 aliqua
1548 1949 1599 1974 ex

151 2000 260 2045 parte
279 2006 364 2030 mea
383 2005 534 2043 quoque
553 1991 676 2044 gratia
694 1992 787 2030 fieri.

204 2058 243 2093 6.
275 2054 412 2104 Neque
431 2054 590 2096 mireris,
605 2065 666 2090 me
683 2061 761 2091 tam
778 2053 957 2105 expedite
974 2054 1023 2092 ad
1044 2061 1081 2093 te
1098 2055 1276 2102 scribere,
1293 2056 1358 2107 qui
1370 2069 1393 2095 a
1412 2057 1602 2096 Clearcho

152 2116 246 2154 nihil
268 2128 435 2166 unquam
461 2115 644 2166 petierim.
711 2115 811 2154 Nam
841 2116 919 2155 sere
948 2129 1097 2163 omnes,
1115 2117 1180 2167 qui
1200 2117 1341 2156 isthinc
1368 2118 1418 2156 ad
1441 2132 1512 2157 nos
1533 2133 1601 2158 na-

152 2179 296 2230 vigant,
317 2183 353 2215 te
380 2177 542 2215 similem
564 2190 649 2216 esse
672 2178 806 2216 dicunt
825 2179 1148 2230 praestantissimis
1167 2192 1298 2218 eorum
1317 2180 1382 2230 qui
1402 2181 1604 2220 nobiscum

153 2253 232 2279 una
251 2238 387 2278 versati
409 2246 512 2285 sunt,
533 2239 764 2278 clearchum
783 2253 883 2286 vero,
901 2253 979 2292 quo
997 2247 1168 2292 tempore
1188 2242 1293 2292 apud
1312 2255 1381 2281 nos
1402 2242 1486 2290 fuit,
1508 2244 1603 2283 fate-

151 2303 290 2340 bantur
304 2314 452 2348 omnes,
467 2301 533 2352 qui
549 2314 635 2340 eum
657 2315 828 2353 unquam
847 2309 1119 2349 convenerant,
1134 2303 1442 2343 liberalissimum
1463 2318 1550 2344 esse
1565 2314 1605 2345 et

155 2362 504 2401 mansuetissimum
519 2370 558 2402 et
578 2363 899 2402 humanissimum
918 2363 1016 2402 inter
1036 2377 1171 2403 omnes
1190 2365 1400 2417 discipulos
1423 2373 1574 2405 nostros
1593 2381 1603 2405 ε

155 2431 404 2476 posteaquam
429 2431 556 2462 autem
587 2425 842 2476 principatum
869 2431 927 2464 est
953 2425 1132 2477 adeptus,
1162 2426 1215 2464 ita
1238 2433 1407 2465 mutasse
1433 2428 1603 2466 animum

155 2487 259 2525 visus
278 2494 349 2532 est,
377 2492 420 2524 ut
439 2499 573 2524 omnes
593 2487 657 2538 qui
682 2499 770 2525 eum
796 2487 900 2538 prius
919 2493 1111 2526 noverunt
1138 2486 1384 2526 demirentur.
1443 2488 1504 2526 Ob
1534 2489 1604 2528 has

155 2548 272 2599 igitur
300 2560 436 2586 causas
463 2547 589 2586 factus
609 2548 656 2586 ab
677 2561 722 2586 eo
742 2561 827 2587 sum
854 2549 1036 2587 alienior:
1066 2555 1105 2586 te
1124 2561 1215 2586 vero
1236 2561 1322 2586 amo
1342 2556 1380 2586 et
1399 2550 1529 2600 probo,
1559 2564 1606 2590 ac

156 2609 401 2647 vehementer
421 2609 533 2647 velim
562 2615 600 2647 te
619 2622 690 2648 nos
708 2609 912 2661 complecti
941 2609 1187 2648 familiariter..
1245 2609 1321 2647 Sed
1342 2617 1380 2648 et
1406 2617 1448 2648 tu
1473 2624 1606 2662 quam—

156 2671 317 2722 primum
338 2670 534 2718 ostendes,
551 2683 597 2708 an
618 2670 718 2709 idem
735 2679 823 2710 tuus
845 2672 895 2710 sit
912 2684 1003 2722 erga
1021 2683 1090 2708 nos
1111 2671 1261 2708 animus
1280 2683 1289 2707 ε
1318 2678 1464 2710 namet
1481 2673 1603 2712 Auto-

157 2741 341 2771 cratorem
362 2734 673 2772 commendatum
704 2733 880 2778 habebis,
906 2741 945 2771 et
973 2731 1175 2783 epistolam
1196 2732 1245 2769 ad
1271 2744 1342 2770 nos
1368 2732 1509 2779 mittes,
1528 2748 1606 2785 qua

159 2801 268 2832 vetus
288 2794 457 2833 amicitia
473 2803 604 2834 nostra
623 2802 662 2833 et
688 2795 895 2846 hospitium
918 2800 1131 2832 renovetur.
1192 2793 1302 2839 Vale,
1324 2801 1365 2832 et
1385 2795 1416 2833 si
1443 2795 1535 2846 quid
1554 2797 1603 2835 dc

159 2856 297 2896 nostris
317 2869 413 2907 opus
434 2856 560 2903 fuerit,
580 2857 746 2896 scribito.
