1870 3277
554 598 1146 655 ISOCRATIS

664 753 1050 803 EXCEPTIO

360 900 751 942 ADVERSUS
788 895 1362 942 CALLIMACHUM.

800 1017 925 1024 ..—-

204 1094 237 1129 l.
267 1092 313 1129 S1
339 1092 403 1142 qui
428 1091 541 1130 etiam
566 1091 628 1129 alii
653 1091 769 1129 talem
794 1090 1059 1141 exceptionem
1078 1088 1118 1126 in
1138 1087 1260 1126 forum
1279 1085 1511 1131 attulissent,
1530 1085 1578 1122 ab

147 1153 229 1203 ipsa
255 1166 293 1190 re
317 1166 475 1191 exorsus
503 1165 647 1190 essem:
677 1165 779 1190 nunc
808 1152 855 1189 de
883 1151 968 1202 lege
992 1151 1154 1202 primurn
1179 1149 1303 1187 dicere
1333 1160 1490 1186 necesse
1521 1151 1581 1184 est

147 1227 223 1264 qua
241 1214 277 1251 in
291 1214 476 1265 judicium
492 1213 679 1258 venimus,
697 1214 751 1251 uti
770 1213 1028 1251 controversia
1043 1225 1129 1262 quae
1148 1210 1244 1248 inter
1262 1223 1331 1247 nos
1352 1215 1411 1246 est
1429 1207 1583 1259 cognita

148 1275 409 1326 pronuntietis,
433 1287 619 1326 nemoque
641 1281 804 1312 vestrum
837 1274 1003 1318 miretur,
1029 1286 1088 1309 me
1118 1272 1182 1322 qui
1211 1284 1296 1309 reus
1323 1271 1392 1308 sim
1419 1270 1581 1320 priorem

149 1338 274 1375 dicere
294 1343 529 1374 accusatore.
586 1336 794 1386 Postquam
819 1349 840 1373 e
861 1335 1007 1372 Piraeeo
1027 1334 1062 1371 in
1086 1335 1215 1371 urbem
1239 1331 1379 1370 reversi
1399 1330 1583 1381 quosdam

149 1398 250 1436 cives
263 1397 323 1435 ead
350 1396 663 1434 calumniandum
687 1396 836 1433 vidistis
864 1395 1054 1440 incitatos,
1075 1394 1138 1444 qui
1163 1400 1277 1444 pacta
1307 1392 1451 1430 solvere
1479 1390 1584 1427 insti-

151 1465 312 1504 tuerent,
329 1465 409 1495 tum
440 1464 483 1495 ut
511 1457 595 1495 illos
628 1457 934 1507 compesceretis,
961 1464 1043 1493 tum
1069 1462 1111 1492 ut
1139 1454 1221 1492 aliis
1245 1452 1497 1492 ostenderetis
1516 1464 1584 1490 vos

150 1533 227 1558 non
246 1526 399 1557 coactos
415 1518 483 1556 sed
499 1518 658 1556 utilitate
675 1518 835 1570 reipubl.
854 1518 1041 1555 adductos
1056 1515 1361 1567 pacificationem
1377 1513 1586 1560 admisisse,

155 1581 326 1620 Archino
350 1588 510 1631 rogante
537 1581 661 1631 legem
691 1580 866 1625 scivistis,
896 1579 927 1617 si
957 1579 1042 1630 quis
1071 1578 1263 1616 *actionem
1293 1583 1426 1615 contra
1454 1576 1586 1614 datum

147 1642 413 1695 jusjurandum
439 1642 664 1688 institueret,
683 1649 726 1680 ut
750 1654 813 1679 reo
833 1648 934 1679 statu
961 1638 1218 1678 translationis
1238 1638 1291 1676 uti
1320 1637 1450 1676 liceret
1468 1645 1587 1688 utque

153 1710 334 1756 praetores
358 1717 403 1742 ea
428 1704 475 1741 de
503 1717 540 1742 re
565 1705 602 1741 in
629 1703 757 1755 primis
783 1703 978 1747 referrent,
1000 1708 1038 1739 et
1058 1702 1089 1737 is
1109 1699 1231 1751 priore
1254 1699 1338 1736 loco
1364 1699 1506 1736 diceret
1524 1698 1590 1749 qui

153 1767 295 1804 crimen
320 1764 605 1816 praescriptione
631 1772 898 1809 summoveret,
922 1769 1003 1800 uter
1023 1774 1111 1799 vero
1141 1760 1418 1806 succubuisset,
1437 1760 1466 1798 is
1491 1760 1589 1797 mul-

153 1834 252 1865 ctam
274 1827 450 1872 solveret,
470 1834 513 1864 ut
536 1827 600 1877 qui
620 1833 766 1864 veteres
790 1824 955 1863 offensas
982 1836 1163 1861 renovare
1191 1823 1390 1866 auderent,
1411 1834 1484 1858 non
1505 1834 1590 1873 per-

147 1888 237 1940 jurii
263 1895 410 1926 tantum
441 1888 755 1926 convincerentur
779 1899 902 1937 neque
929 1885 1095 1922 divinam
1116 1884 1302 1922 duntaxat
1322 1882 1504 1920 ultionem
1524 1895 1591 1920 ex-

154 1950 402 2001 spectandam
421 1949 616 1994 haberent,
637 1949 705 1986 sed
721 1947 921 1986 confestim
936 1946 1048 1984 etiam
1065 1958 1195 1996 poenas
1212 1945 1358 1982 darent.
1414 1943 1591 1994 Iniquum

156 2012 267 2062 igitur
287 2024 369 2049 esse
390 2011 494 2056 duxi,
511 2023 624 2061 quum
640 2010 722 2047 haec
738 2009 886 2059 legibus
901 2008 1107 2046 constituta
1123 2014 1264 2052 essent,
1279 2005 1591 2044 calumniatorem

157 2081 304 2110 tantum
325 2072 480 2122 triginta
493 2071 757 2109 drachmarum
774 2069 944 2121 periculo
960 2074 1121 2113 certare,
1137 2080 1217 2106 rem
1230 2080 1321 2105 vero
1335 2079 1455 2104 meam
1472 2072 1590 2104 totam

157 2133 378 2172 familiarem
397 2134 435 2170 in
452 2132 653 2171 discrimen
673 2131 814 2169 venire.

224 2197 262 2232 2.
293 2195 506 2232 Ostendam
536 2201 662 2232 autem
693 2192 971 2231 Callimachum
1004 2204 1077 2229 non
1111 2197 1257 2229 tanturn
1288 2194 1423 2227 contra
1451 2188 1594 2227 foedera

157 2256 263 2294 litem
299 2255 508 2299 intendere,
543 2255 611 2293 sed
644 2255 741 2293 falsa
774 2254 885 2292 etiam
920 2254 1077 2291 crimina
1112 2251 1361 2296 comminisci,
1394 2258 1432 2289 et
1467 2251 1596 2289 arbitri

160 2329 315 2368 quoque
346 2317 575 2355 sententiam
610 2316 881 2354 intercessisse.
950 2316 1010 2352 Ac
1043 2328 1121 2352 rem
1151 2314 1259 2352 vobis
1291 2325 1443 2350 omnem
1478 2318 1517 2350 ut
1548 2312 1596 2349 ab

162 2379 267 2416 initio
300 2387 408 2429 gesta
433 2385 492 2416 est
519 2390 730 2429 exponam:
760 2377 833 2415 hoc
857 2376 955 2414 enim
984 2376 1045 2413 ubi
1070 2374 1337 2426 cognoveritis,
1361 2373 1501 2411 nullam
1521 2373 1554 2410 ei
1575 2385 1597 2409 a

162 2452 223 2477 me
242 2446 363 2477 ortam
383 2453 466 2477 esse
486 2439 673 2486 injuriam,
693 2451 762 2476 vos
782 2445 820 2476 et
838 2437 980 2476 foedera
1003 2437 1180 2475 libentius
1201 2436 1422 2474 defensuros
1442 2434 1598 2471 arbitror

161 2508 199 2539 et
218 2501 276 2538 isti
295 2501 374 2538 fore
393 2500 576 2538 iratiores.

217 2564 255 2601 3.
285 2562 521 2600 Decemviris
539 2561 604 2612 qui
623 2568 710 2612 post
727 2561 882 2612 triginta
900 2568 1081 2611 tyrannos
1098 2558 1291 2597 constituti
1310 2557 1464 2594 fuerunt
1479 2557 1597 2607 impe-

164 2624 348 2669 rantibus,
369 2623 507 2662 accidit
525 2630 566 2660 ut
583 2635 655 2674 ego
675 2636 761 2661 cum
782 2615 973 2667 Patrocle,
993 2621 1055 2672 qui
1075 2627 1156 2657 tum
1177 2631 1301 2669 regem
1320 2619 1470 2668 agebat,
1490 2617 1597 2656 fami-

164 2684 247 2723 liari
260 2697 345 2723 meo
365 2685 610 2723 ambularem.
667 2684 703 2722 Is
720 2683 957 2722 Callimacho
977 2681 1129 2719 inimico
1149 2693 1233 2724 suo,
1251 2680 1315 2730 qui
1335 2692 1394 2717 me
1415 2691 1516 2717 nunc
1535 2691 1600 2717 ac-

166 2752 290 2790 cusat,
304 2747 502 2797 pecuniam
519 2746 652 2784 ferenti
669 2746 793 2784 factus
810 2753 868 2783 est
883 2745 1042 2782 obviam.
1109 2742 1129 2763 ⁸³
1159 2741 1178 2763 ⁸
1206 2742 1226 2761 ³*
1254 2742 1359 2791 quod
1378 2754 1424 2779 ex
1440 2741 1483 2779 iis
1499 2747 1600 2779 esset

167 2807 233 2858 qui
251 2807 288 2845 in
309 2807 494 2845 Piraeeum
520 2807 799 2859 confugissent.
863 2807 946 2849 Qua
968 2804 1015 2842 de
1036 2818 1072 2841 re
1093 2803 1337 2841 contentione
1356 2810 1450 2849 orta,
1470 2802 1600 2840 factis-

169 2881 243 2918 que
263 2868 403 2905 mutuis
422 2869 609 2915 convitiis,
626 2882 712 2907 cum
732 2869 792 2906 alii
812 2867 919 2904 multi
939 2871 1223 2910 concurrerunt,
1239 2871 1318 2902 tum
1335 2865 1430 2902 forte
1450 2864 1600 2902 fortuna

171 2930 302 2968 Rhino
320 2929 432 2969 etiam
451 2943 549 2967 unns
568 2943 588 2968 e
609 2930 841 2969 Decemviris
861 2927 1034 2966 accessit.
1093 2927 1186 2965 Mox
1204 2926 1316 2976 igitur
1335 2925 1531 2965 Patrocles
1551 2924 1600 2963 ad
