1870 3277
688 178 946 216 EPISTOLA
976 179 1027 215 11.
1506 179 1581 214 283

135 284 265 316 nostra
284 279 373 316 urbe
402 279 567 318 dicenda
594 287 696 326 sunt,
717 281 785 318 sed
810 279 940 317 danda
967 285 1027 317 est
1052 291 1168 329 opera
1194 285 1236 315 ut
1263 287 1300 317 te
1331 280 1507 318 adhorter
1533 279 1581 316 ad

134 340 430 379 contrahendam
459 354 546 379 cum
574 355 619 380 ea
644 342 940 380 familiaritatem
968 349 1004 378 et
1029 340 1206 377 amicitiae
1227 354 1353 379 usum.
1411 341 1584 378 Arbitror

76 408 90 413 “
134 400 235 438 enim
255 414 342 440 esse
362 403 502 441 multos
530 403 594 453 qui
614 403 790 440 nuntient
810 410 922 453 atque
943 401 1123 439 dictitent
1142 413 1218 438 non
1239 401 1480 439 odiosissima
1499 410 1582 439 tan·

135 468 214 499 tum
236 476 322 513 quae
341 465 443 515 apud
459 477 529 502 nos
549 464 597 502 de
617 469 656 501 te
675 464 778 501 dicta
795 470 898 509 sunt,
919 462 987 501 sed
1008 462 1185 513 quaedam
1202 462 1315 499 etiam
1330 462 1377 499 de
1393 475 1462 499 suo
1478 462 1584 500 affin-

134 530 247 573 gant:
281 525 423 574 quibus
441 532 480 563 te
500 525 719 563 auscultare
745 538 822 562 non
847 525 972 563 decet.
1029 524 1249 561 Absurdum
1277 523 1375 560 enim
1401 523 1514 560 fuerit
1532 530 1581 567 te,

134 584 198 634 qui
218 592 391 624 nostrum
416 585 599 637 populum
620 598 666 623 eo
685 585 944 635 reprehendas
974 585 1080 635 quod
1107 584 1446 623 calumniatoribus
1472 584 1584 622 facile

134 658 244 684 aures
272 648 453 698 praebeat,
473 647 557 685 illos
583 647 844 698 magnifacere
873 648 936 695 qui
962 654 1082 684 artem
1104 645 1365 684 calumniandi
1391 652 1582 689 exercent,

133 720 257 758 neque
281 708 491 759 intelligere
510 708 619 752 istos,
641 721 717 759 quo
738 709 887 746 facilius
907 708 1097 746 civitatem
1118 715 1288 745 nostram
1309 720 1332 744 a
1349 706 1585 757 quibuslibet

132 769 169 806 in
184 770 354 820 quamvis
369 783 484 821 posse
500 770 650 808 traduci
666 777 812 821 partem
832 777 1019 814 asserunt,
1034 781 1079 807 eo
1100 769 1168 806 tibi
1187 768 1309 819 magis
1329 775 1581 818 opportunam

133 843 217 868 eam
243 843 328 869 esse
355 831 570 869 ostendere.
627 831 743 877 Nam,
771 831 801 869 si
831 831 869 868 hi
897 831 961 881 qui
990 830 1098 867 nulla
1125 830 1163 867 in
1189 829 1378 881 rempubl.
1398 829 1585 866 beneficia

133 892 351 938 conferunt,
367 892 458 930 solis
474 893 595 931 verbis
616 893 799 944 quicquid
814 893 948 931 volunt
963 893 1178 943 impetrant,
1193 891 1258 942 qui
1278 898 1581 929 consentaneum

133 959 194 990 est
209 960 259 999 te,
280 954 345 1003 qui
365 953 458 1004 ipsis
477 954 589 992 factis
611 967 679 992 nos
699 954 904 1004 plurimum
919 955 1054 1004 juvare
1073 959 1184 1004 potes
1206 952 1410 1003 quicquam
1430 966 1453 989 a
1471 951 1582 990 nobis

134 1026 212 1051 non
232 1015 553 1052 consecuturum?

188 1078 225 1113 8.
256 1077 414 1115 Acerbis
430 1084 558 1115 autem
579 1084 720 1115 nostrae
740 1077 844 1114 urbis
866 1076 1154 1114 accusatoribus
1176 1074 1258 1113 illos
1278 1087 1363 1112 esse
1383 1086 1582 1124 opponen-

132 1138 202 1175 dos
222 1138 348 1184 video,
368 1139 432 1190 qui
462 1139 751 1176 Atheniensium
781 1137 909 1175 omnia
935 1150 1020 1175 esse
1047 1137 1193 1181 dicunt,
1215 1148 1340 1185 neque
1370 1135 1490 1172 minus
1515 1147 1582 1172 eos

132 1198 195 1248 qui
216 1199 472 1238 Athenienses
488 1200 597 1237 nulla
611 1199 670 1237 vel
690 1212 831 1250 magna
846 1199 906 1236 vel
926 1211 1042 1249 parva
1059 1199 1098 1235 in
1117 1211 1157 1235 re
1173 1196 1378 1247 deliquisse
1394 1203 1582 1234 asserunt.

131 1260 245 1297 Absit
268 1267 397 1298 autem
417 1269 460 1299 ut
478 1274 551 1312 ego
579 1261 655 1299 tale
676 1260 821 1311 aliquid
842 1261 982 1298 dicam.
1039 1260 1155 1304 Nam,
1173 1271 1292 1309 quum
1313 1257 1374 1295 alii
1397 1270 1465 1295 nec
1489 1257 1581 1295 deos

131 1320 234 1357 omni
263 1320 419 1359 crimine
452 1334 584 1359 vacare
611 1327 761 1371 putent,
796 1324 857 1358 me
883 1321 1034 1371 gloriari
1065 1320 1225 1371 puderet
1253 1325 1421 1357 nostram
1449 1319 1582 1355 urbem

132 1380 225 1418 nihil
237 1395 404 1432 unquam
421 1382 655 1433 peccavisse.
691 1381 794 1419 Illud
813 1389 942 1419 tamen
958 1381 1082 1418 habeo
1096 1380 1236 1423 dicere,
1253 1386 1291 1416 te
1308 1379 1451 1416 nullam
1468 1379 1581 1416 aliam

131 1444 263 1482 urbem
284 1445 525 1482 inventurum
547 1457 635 1495 quae
654 1444 714 1482 vel
735 1443 886 1481 Graecis
905 1443 966 1481 vrel
991 1443 1066 1480 tuis
1090 1443 1202 1480 rebus
1224 1442 1346 1492 magis
1374 1441 1423 1478 sit
1442 1454 1580 1492 oppor-

131 1512 247 1543 tuna:
289 1506 394 1556 quod
426 1506 492 1544 tibi
529 1512 590 1543 est
626 1504 916 1555 diligentissime
951 1502 1289 1542 considerandum.
1364 1501 1451 1540 Nec
1481 1503 1582 1539 enim

132 1572 296 1613 tantum,
317 1566 348 1604 si
377 1573 502 1604 tecum
531 1566 754 1604 societatem
782 1565 920 1611 inierit,
941 1565 1010 1603 sed
1036 1565 1067 1602 si
1088 1564 1146 1601 vel
1167 1563 1290 1600 amica
1309 1562 1376 1600 tibi
1396 1576 1482 1600 esse
1502 1563 1583 1601 visa

131 1626 257 1672 fuerit,
270 1627 455 1665 maximas
471 1627 539 1665 tibi
555 1627 719 1665 allatura
737 1633 797 1664 est
816 1626 1022 1664 utilitates:
1053 1638 1141 1662 nam
1162 1632 1201 1661 et
1220 1624 1291 1662 hos
1310 1623 1375 1674 qui
1396 1623 1463 1661 tibi
1479 1637 1582 1662 nune

131 1694 281 1738 parent,
296 1687 326 1725 si
343 1701 418 1725 non
439 1687 636 1726 habebunt
655 1687 704 1725 ad
723 1699 819 1737 quos
841 1686 1079 1736 confugiant,
1100 1685 1137 1722 in
1158 1684 1279 1722 officio
1298 1684 1523 1730 continebis,
1544 1692 1583 1722 et

134 1751 291 1800 quosvis
318 1751 566 1789 barbarorum
596 1750 760 1788 celerius
791 1749 960 1799 subiges.
1019 1748 1078 1785 An
1098 1760 1188 1785 vero
1209 1747 1293 1784 talis
1313 1745 1584 1784 benevolentia

132 1825 208 1849 non
228 1812 399 1851 alacriter
416 1811 635 1863 expetenda
653 1818 727 1858 est,
740 1823 816 1861 qua
835 1824 912 1848 non
928 1809 1044 1847 modo
1063 1816 1214 1860 parturn
1230 1808 1429 1859 imperium
1449 1820 1582 1844 secure

133 1881 279 1920 teneas,
300 1873 366 1912 sed
396 1873 561 1925 amplam
582 1873 695 1911 etiam
715 1872 899 1910 ditionem
919 1871 999 1909 sine
1018 1871 1188 1922 periculo
1209 1869 1413 1920 acquiras?
1461 1868 1581 1906 Miror

131 1934 308 1985 equidem
341 1948 471 1973 eorum
501 1934 713 1985 principum
745 1933 924 1979 rationes,
956 1933 1021 1983 qui
1054 1932 1275 1983 peregrinos
1312 1930 1453 1969 milites
1488 1943 1581 1968 con-

132 1995 280 2033 ducunt
311 2004 350 2035 et
378 1996 528 2047 magnis
559 1995 743 2046 impensis
770 1994 888 2040 alunt,
912 2007 934 2031 a
957 1994 1095 2044 quibus
1126 2000 1164 2030 et
1189 1993 1260 2043 ipsi
1286 1998 1427 2030 norunt
1452 1991 1582 2042 plures

133 2070 263 2095 eorum
282 2059 346 2108 qui
366 2058 439 2095 illis
460 2057 705 2096 crediderunt
723 2069 809 2094 esse
828 2055 999 2106 proditos
1021 2067 1136 2105 quam
1152 2060 1337 2099 servatos,
1353 2060 1430 2090 tam
1446 2060 1581 2103 poten-

132 2118 178 2157 tis
196 2132 285 2157 vero
306 2121 408 2158 urbis
430 2119 638 2170 adjungere
658 2118 728 2155 sibi
750 2117 878 2156 studia
898 2130 974 2154 non
995 2122 1198 2160 conantur,
1215 2128 1300 2165 quae
1315 2121 1395 2152 tum
1411 2114 1581 2164 singulas

134 2181 248 2220 urbes
275 2189 357 2220 tum
385 2182 599 2220 universam
626 2180 820 2218 Graeciam
850 2193 952 2231 saepe
970 2180 1051 2230 jam
1079 2177 1330 2217 conservavit.
1389 2176 1488 2214 Illud
1517 2190 1583 2216 co—

133 2242 227 2293 gita,
240 2243 385 2281 multos
399 2242 556 2281 laudare
573 2249 676 2280 tuam
692 2241 945 2292 prudentiam,
959 2240 1064 2291 quod
1080 2240 1131 2277 ita
1146 2252 1234 2277 cum
1248 2238 1444 2276 Thessalis
1459 2239 1581 2289 egeris

134 2310 177 2341 ut
196 2310 236 2341 et
253 2317 406 2355 aequum
425 2309 507 2342 erat
521 2311 560 2341 et
574 2303 646 2341 illis
665 2302 907 2352 expediebat,
925 2301 1161 2352 quiquidem
1181 2299 1248 2338 viri
1269 2307 1360 2337 sunt
1378 2312 1453 2337 non
1472 2299 1579 2336 facil-

132 2363 230 2402 limis
246 2365 421 2415 ingeniis,
441 2365 510 2403 sed
529 2364 688 2402 animosi
709 2370 747 2401 et
766 2363 1058 2401 seditiosissimi.
1116 2361 1256 2400 Isthaec
1271 2361 1404 2399 eadem
1422 2360 1516 2398 ratio
1533 2360 1580 2398 de

134 2426 243 2464 nobis
263 2426 376 2464 etiam
396 2426 466 2464 erit
484 2425 665 2470 ineunda,
683 2438 802 2475 quum
823 2425 936 2470 scias,
952 2431 995 2462 ut
1014 2424 1208 2475 regionem
1227 2422 1511 2467 Thessalorum,
1527 2422 1581 2460 sic

133 2487 427 2526 Atheniensium
450 2487 660 2538 potentiam
678 2487 744 2524 tibi
764 2499 850 2524 esse
864 2486 1087 2530 finitimam3
1117 2497 1232 2535 quam
1252 2484 1317 2521 tibi
1332 2483 1434 2520 omni
1454 2483 1581 2521 studio

132 2549 334 2587 conciliare
353 2549 488 2595 debes,
502 2561 617 2600 quum
634 2548 683 2587 sit
697 2547 816 2586 multo
832 2547 1051 2599 praeclarius
1067 2545 1370 2584 benevolentiam
1385 2544 1580 2582 civitatum

133 2622 269 2660 capere
289 2623 406 2661 quam
426 2611 577 2648 moenia.
633 2610 742 2648 Talia
770 2609 871 2647 enim
902 2609 1006 2647 facta
1033 2621 1108 2645 non
1129 2607 1244 2644 modo
1268 2605 1452 2643 invidiosa
1476 2613 1579 2651 sunt,

134 2670 202 2708 sed
222 2677 262 2708 et
280 2671 463 2722 quicquid
482 2672 525 2710 fit
543 2672 656 2723 hujus
676 2671 825 2722 generis
847 2669 1076 2708 exercitibus
1091 2667 1316 2718 plerumque
1332 2666 1580 2705 adscribitur:

134 2732 166 2770 si
186 2739 313 2771 autem
333 2733 606 2773 familiaritates
633 2733 856 2772 contrahere
884 2731 1052 2782 potueris
1072 2737 1110 2767 et
1129 2729 1325 2768 hominum
1349 2729 1580 2768 benevolen—

136 2793 226 2830 tiam
243 2793 435 2845 colligere,
450 2795 674 2846 sapientiam
695 2802 800 2832 tuam
820 2793 1055 2830 mirabuntur
1074 2804 1219 2829 omnes.

189 2855 226 2891 9.
258 2853 355 2892 Hoec
374 2868 460 2905 quae
480 2856 528 2894 de
547 2857 641 2894 urbe
659 2862 790 2893 nostra
808 2854 984 2898 disserui,
999 2853 1203 2890 affirmanti
1218 2851 1308 2890 mihi
1322 2852 1407 2903 jure
1426 2853 1582 2891 eredes:

135 2916 227 2954 satis
248 2915 348 2954 enirn
369 2922 522 2955 constat
541 2930 599 2955 me
618 2924 657 2954 et
677 2916 771 2954 meis
788 2915 933 2954 civibus
955 2914 1051 2953 adeo
1071 2914 1261 2953 assentari
1282 2926 1358 2951 non
1381 2914 1519 2964 solere,
1540 2921 1582 2950 ut
