1870 3277
757 449 1240 503 ISOCRATIS

537 582 637 630 DE
682 581 878 630 PACE
929 598 1032 629 VEL
1080 579 1462 630 SOCIALIS.

938 706 1067 713 —-—-

800 772 1203 811 ARGUMENTUM

725 849 976 881 [NCERTO
1015 850 1292 882 AUCTORE.

312 918 427 948 Missus
439 917 557 949 Chares
567 918 607 949 ad
618 917 845 959 Arnpipholim,
860 928 930 959 quae
944 924 1007 949 tum
1025 919 1121 950 libera
1135 920 1243 960 suique
1254 920 1334 960 juris
1347 924 1422 955 erat,
1433 919 1635 960 subigendam
1648 918 1736 959 (nam

267 976 299 1001 et
312 969 565 1002 Lacedaemonios
581 970 733 1001 afflixerat
748 970 856 1001 clades
870 970 1046 1005 Leuctrica,
1060 976 1092 1001 et
1103 970 1314 1002 Athenienses
1331 981 1441 1011 parum
1458 970 1629 1012 poterant),
1642 980 1737 1012 quum

268 1032 302 1052 se
324 1021 409 1053 illius
431 1021 514 1052 urbis
530 1021 640 1063 quovis
655 1026 797 1062 tempore
812 1022 905 1052 facilc
928 1022 1099 1062 potiturum
1120 1022 1264 1052 crederet
1286 1032 1322 1052 ac
1341 1021 1455 1052 veteris
1474 1022 1623 1062 potenti&²
1639 1021 1737 1052 Athe-

266 1072 431 1103 niensibus
455 1074 653 1104 restituendae
675 1072 820 1113 cupidior
844 1078 939 1109 esset,
966 1073 1064 1103 Chios
1087 1079 1118 1102 ct
1145 1073 1286 1103 Rhodios
1312 1079 1502 1114 caeterosque
1528 1073 1629 1104 socios
1657 1072 1738 1102 bello

268 1126 410 1161 adortus,
425 1131 457 1156 et
473 1125 534 1155 illis
551 1125 765 1156 resistentibus
780 1125 880 1155 victus
892 1130 951 1159 est,
966 1124 1007 1154 ita
1026 1130 1058 1154 ut
1073 1124 1167 1165 inops
1184 1125 1303 1155 consilii
1323 1125 1457 1155 nesciret
1469 1135 1530 1166 quo
1546 1135 1576 1155 se
1591 1129 1736 1155 verteret:

267 1185 351 1212 nam,
368 1176 394 1207 si
410 1177 530 1207 omissis
546 1176 607 1206 illis
618 1175 836 1217 Amphipolim
854 1175 1006 1216 petiisset,
1018 1175 1076 1217 ipsi
1089 1175 1227 1206 Atticam
1245 1177 1378 1206 invasuri
1389 1181 1476 1206 erant
1489 1176 1530 1206 ad
1543 1175 1739 1206 ulciscendas

266 1227 406 1269 injurias.
452 1228 511 1258 His
527 1227 737 1258 Athenienses
754 1227 867 1258 auditis
883 1237 992 1268 pacem
1010 1228 1178 1268 petierunt,
1196 1238 1287 1269 quam
1305 1228 1376 1259 Chii
1394 1234 1425 1258 et
1441 1227 1558 1258 Rhodii
1576 1227 1739 1267 caeterique

267 1280 373 1309 statim
390 1279 554 1309 dederunt.
590 1278 631 1308 Et
645 1280 704 1309 hoc
720 1279 834 1309 bellum
851 1278 926 1308 illud
941 1284 990 1309 est
1002 1280 1086 1319 quod
1105 1279 1225 1309 Sociale
1239 1279 1360 1310 dicitur.
1394 1279 1498 1315 Quum
1516 1279 1607 1320 igitur
1623 1279 1741 1309 indicta

266 1331 418 1361 concione
434 1331 474 1361 de
490 1331 570 1362 bello
585 1331 803 1371 componendo
821 1330 1048 1367 deliberaretur,
1068 1331 1222 1362 Isocrates
1238 1331 1269 1361 iu
1285 1331 1419 1361 medium
1438 1341 1613 1372 progressus
1630 1331 1741 1360 suadet

269 1381 391 1413 omissis
406 1382 538 1423 negotiis
556 1392 620 1412 non
640 1381 821 1412 necessariis
843 1381 939 1411 otium
962 1392 1028 1412 esse
1048 1382 1330 1422 complectendum.
1378 1382 1531 1422 Bipertita
1552 1387 1598 1412 est
1619 1381 1737 1411 oratio:

268 1431 300 1462 id
317 1433 399 1463 enim
417 1433 493 1473 agit,
519 1433 630 1473 partim
648 1438 682 1463 ut
700 1431 786 1463 Chiis
804 1433 986 1473 caeterisque
1003 1433 1093 1463 sociis
1111 1433 1235 1464 libertas
1253 1433 1456 1474 permittatur,
1479 1433 1588 1473 partim
1604 1438 1635 1462 ut
1651 1432 1740 1462 masis

268 1482 400 1524 imperio
426 1483 626 1514 abstineatur.
673 1483 791 1514 Contra
818 1484 1020 1525 posteriorem
1049 1485 1128 1514 hanc
1157 1491 1273 1525 partem
1303 1485 1400 1515 fertur
1425 1484 1579 1514 Aristides
1603 1483 1740 1513 edidisse

268 1535 443 1566 orationem
469 1545 531 1576 qua
556 1535 627 1566 huic
653 1535 693 1566 de
718 1546 796 1576 pace
822 1535 978 1576 inscriptae
1006 1536 1202 1566 contradicit.
1259 1536 1336 1566 Haec
1363 1546 1482 1566 summa
1509 1535 1656 1566 orationis
1683 1540 1742 1571 est,

269 1586 460 1627 praecipuum
480 1591 698 1627 argumentum
722 1587 761 1616 ab
781 1586 848 1617 utili
868 1587 1001 1627 ducitur,
1022 1587 1217 1618 deliberativi
1238 1588 1359 1629 generis
1377 1593 1425 1618 est
1446 1587 1543 1617 oratio
1564 1597 1657 1627 quum
1681 1596 1740 1626 pax

271 1638 450 1670 suadeatur.
497 1638 591 1675 Quod
613 1638 636 1669 si
655 1638 781 1679 quando
800 1639 956 1668 communi
973 1639 1101 1670 exordio
1124 1640 1167 1668 uti
1185 1639 1317 1680 cogeris,
1330 1639 1546 1669 tractationem
1565 1644 1666 1668 tamen
1687 1648 1741 1678 pe-

269 1689 429 1726 culiarem,
449 1694 484 1720 ut
502 1689 551 1721 liic
573 1690 650 1720 fecit
666 1689 830 1726 Isocrates,
847 1689 1015 1728 adhibeto;
1040 1701 1111 1721 nam
1127 1690 1204 1721 illud
1221 1691 1347 1732 quidem
1371 1691 1416 1720 de
1441 1690 1588 1730 maguis
1614 1690 1741 1724 rebus,

271 1750 369 1780 pace
396 1740 573 1771 nimirum
600 1746 637 1771 et
664 1741 784 1777 bello,
811 1740 1056 1773 deliberatur
1085 1752 1248 1772 commune
1273 1747 1337 1779 est3
1364 1751 1457 1782 quum
1484 1747 1587 1770 autem
1605 1741 1741 1775 additur,

270 1791 431 1822 tametsi
459 1801 593 1822 omnes
620 1791 691 1823 hoc
714 1792 827 1822 modo
856 1792 1034 1822 exordiri
1061 1793 1199 1829 solent,
1223 1793 1345 1823 novitas
1363 1792 1493 1823 orationi
1511 1791 1739 1833 elegantissime

269 1844 466 1875 conciliatur.

943 1911 1072 1920 ,-

701 1971 874 2010 ALIUD
906 1969 1313 2009 ARGUMENTUM

566 2049 633 2079 Ex
658 2048 943 2080 DIONYslo
969 2047 1451 2079 HALicARNASSEo.

316 2113 469 2150 Quisnam
487 2115 702 2146 vehementius
719 2115 759 2145 ad
775 2115 938 2146 colendam
956 2115 1113 2155 justitiam
1133 2120 1165 2145 et
1180 2115 1340 2156 pietatem,
1358 2126 1427 2145 cum
1445 2114 1579 2156 singulos
1597 2115 1741 2155 privatim

270 2169 336 2195 tum
361 2166 486 2205 publice
513 2172 593 2196 totas
619 2167 762 2196 civitates
787 2166 938 2196 adhortari
965 2171 1072 2206 queat,
1098 2176 1191 2206 quam
1217 2166 1329 2204 scripta
1355 2168 1394 2196 de.
1418 2176 1492 2206 pace
1515 2166 1635 2196 oratio?
1669 2167 1742 2203 Qua

272 2217 384 2247 suadet
400 2218 642 2248 Atheniensibus
665 2228 704 2247 ne
729 2218 831 2247 aliena
854 2222 1016 2258 appetant,
1034 2218 1087 2248 sed
1113 2227 1167 2247 suo
1191 2222 1354 2247 contentos
1378 2228 1445 2247 esse
1464 2217 1569 2257 jubet,
1592 2224 1624 2248 et
1639 2219 1742 2258 parvis

271 2267 397 2307 oppidis
414 2274 561 2309 tanquam
579 2269 683 2298 fundis
701 2268 765 2297 suis
787 2279 921 2308 parcere,
942 2279 978 2298 ac
1002 2269 1100 2298 socios
1117 2268 1148 2298 iu
1165 2268 1264 2299 officio
1280 2269 1449 2304 beneficiis,
1467 2280 1528 2298 nou
1545 2269 1573 2299 vi
1589 2275 1619 2299 et
1634 2280 1741 2300 neces-

271 2318 372 2354 sitate,
396 2319 565 2354 continere,
589 2329 606 2348 e
634 2319 798 2360 majoribus
823 2325 923 2349 autem
950 2319 1061 2349 imitari
1086 2330 1148 2349 nou
1172 2329 1225 2349 eos
1249 2319 1302 2360 qui
1327 2325 1397 2350 ante
1421 2319 1535 2349 bellum
1558 2319 1742 2351 Decelicum

270 2370 496 2410 propemodum
513 2370 670 2399 civitatem
690 2371 883 2404 evertissent,
908 2370 965 2400 sed
990 2370 1057 2400 illos
1074 2370 1126 2411 qui
1150 2376 1221 2400 ante
1245 2370 1360 2400 bellum
1378 2371 1535 2401 Persicum
1555 2377 1741 2412 perpetuum

271 2421 392 2450 virtutis
418 2419 554 2450 studium
578 2420 763 2450 habuerunt.
808 2421 955 2450 Ostendit
977 2432 1038 2450 non
1063 2421 1261 2451 multitudine
1287 2422 1454 2451 triremium
1480 2427 1534 2451 aut
1559 2422 1686 2461 imperio
1711 2423 1742 2452 in

273 2471 398 2502 Graecos
426 2482 481 2512 per
505 2472 566 2501 vim
590 2472 766 2502 exercendo
793 2472 1016 2512 rempublicam
1044 2473 1160 2513 augeri,
1180 2474 1234 2502 sed
1258 2473 1351 2514 justis
1374 2473 1476 2514 potius
1502 2473 1637 2504 consiliis
1664 2474 1743 2514 inju-

269 2523 384 2563 riisque
401 2523 609 2562 prohibendis.
643 2522 901 2552 Benevolentiam
915 2522 1104 2558 Graecorum,
1119 2534 1211 2564 quam
1230 2525 1270 2553 ad
1287 2524 1378 2554 beate
1395 2525 1562 2554 vivendum
1580 2525 1741 2565 plurimum

272 2573 410 2603 conferre
427 2573 591 2608 existimat,
606 2573 727 2603 civitati
743 2578 776 2603 ut
797 2573 965 2603 concilient
982 2574 1009 2603 in
1029 2574 1134 2614 primis
1153 2575 1304 2613 hortatur,
1328 2581 1357 2604 et
1374 2580 1407 2604 ut
1422 2576 1462 2604 ad
1482 2575 1595 2604 bellum
1613 2575 1742 2615 quidem

273 2624 375 2663 parati
391 2624 453 2654 sint
469 2630 501 2653 et
515 2624 666 2659 instructi,
682 2624 737 2654 sed
754 2624 840 2664 pacis
857 2624 899 2654 ita
912 2625 1042 2654 studiosi
1059 2630 1093 2654 ut
1105 2625 1259 2655 neminem
1276 2626 1344 2655 ullis
1361 2625 1481 2666 injuriis
1498 2625 1643 2661 afficiant,
1656 2628 1741 2667 quod

275 2685 378 2715 neque
394 2676 434 2704 ad
454 2676 607 2715 parandas
623 2686 698 2716 opes
713 2686 814 2716 neque
832 2676 869 2706 ad
888 2676 1016 2716 gloriam
1039 2686 1141 2716 neque
1159 2677 1296 2716 denique
1317 2677 1356 2706 ad
1373 2677 1554 2707 felicitatem
1572 2677 1740 2719 quicquam

274 2730 395 2755 tantum
412 2726 549 2755 conserat
563 2731 714 2766 quantum
732 2726 830 2756 virtus
847 2732 878 2756 et
894 2726 958 2767 ejus
977 2732 1096 2766 partes3
1121 2736 1173 2756 eos
1191 2734 1295 2757 autem
1312 2727 1364 2767 qui
1381 2727 1473 2757 aliter
1487 2728 1623 2757 sentiunt
1639 2739 1742 2769 repre-

273 2774 394 2809 hendit,
410 2775 463 2815 qui
486 2776 664 2806 existiment
682 2776 867 2817 injustitiam
889 2777 1012 2817 quidem
1036 2788 1100 2808 esse
1122 2777 1281 2813 callidam,
1299 2783 1330 2807 et
1354 2778 1392 2807 ad
1416 2778 1628 2818 quotidianam
1648 2780 1741 2810 vitam

273 2825 394 2862 utilem,
410 2825 565 2867 justitiam
581 2837 653 2857 vero
671 2827 900 2859 incommodam
917 2832 949 2859 et
964 2827 1031 2858 aliis
1045 2838 1138 2868 quam
1153 2828 1201 2858 his
1218 2829 1270 2869 qui
1289 2839 1326 2859 ea
1349 2829 1470 2869 praediti
1486 2830 1545 2860 sint
1561 2831 1744 2862 conducibi-

272 2874 390 2907 liorem.
436 2876 594 2918 Equidem
609 2877 718 2918 ignoro
733 2889 772 2909 an
787 2878 952 2919 quisquam
970 2879 1125 2911 orationes
1143 2879 1190 2910 vel
1209 2879 1348 2910 meliores
1366 2879 1415 2910 vel
1431 2880 1564 2913 veriores
1581 2882 1631 2912 vel
1646 2883 1741 2924 magis

272 2927 477 2969 philosophiae
492 2933 716 2960 consentaneas
731 2930 845 2961 habere
861 2930 970 2971 possit.
