1870 3277
231 161 302 196 140
818 160 1104 197 JSOCRATIS

225 268 354 299 autem
388 261 559 299 omnium
595 270 655 300 est
686 263 1020 308 absurdissimum,
1051 262 1156 313 quod
1188 262 1223 298 in
1255 261 1491 310 genealogiis
1520 267 1694 298 versatus

224 322 353 360 dicere
375 334 451 359 non
470 323 654 361 dubitasti
677 337 765 361 eum
787 323 871 361 illos
899 337 984 362 esse
1011 324 1249 367 aemulatum,
1270 334 1432 372 qnorum
1465 328 1591 372 patres
1623 321 1694 358 illis

222 385 459 436 temporibus
479 386 556 424 nati
578 387 746 425 nondum
769 393 891 424 erant.

277 449 317 484 4.
350 446 411 485 Ne
434 460 523 485 vero
546 448 584 485 id
607 448 711 498 quod
741 447 860 485 cuivis
890 448 926 485 in
955 456 1130 501 promptu
1160 456 1220 486 est
1248 449 1373 485 facere
1399 447 1542 492 videar,
1564 454 1604 484 ut
1629 454 1696 485 tua

224 507 329 546 dicta
353 510 631 560 reprehendam
665 523 916 561 meorumque
942 512 1034 549 nibil
1062 513 1262 562 proferam,
1285 512 1453 549 conabor
1473 511 1540 549 tibi
1562 511 1695 561 paucis

223 571 429 609 ostendere
450 571 487 608 in
508 571 579 609 lioc
603 572 687 621 ipso
708 579 1184 624 argumento,quanquam
1208 574 1244 610 id
1267 573 1419 609 minime
1436 572 1592 622 quidem
1614 584 1698 622 pro-

223 630 316 667 bum
347 639 408 668 est
442 644 566 681 neque
598 631 802 669 honestam
833 632 1045 671 orationem
1077 634 1316 685 suppeditat,
1337 645 1424 683 quae
1443 633 1492 670 sit
1513 641 1591 670 tum
1615 632 1695 669 lau-

224 691 341 729 dandi
365 700 443 730 tum
467 693 706 731 defendendi
728 695 824 732 ratio
844 694 1026 732 ineunda.

279 757 318 791 5.
351 755 412 791 De
434 754 632 792 nobilitate
655 755 771 806 igitur
788 756 977 794 Busiridis
993 757 1080 806 quis
1097 770 1172 795 non
1191 757 1303 795 facile
1317 756 1480 795 dixerit?
1510 756 1569 793 cui
1589 763 1699 806 pater

227 814 448 865 Neptunus,
466 815 592 869 Libye
606 817 716 855 Jovis
733 830 780 854 ex
798 817 959 869 Epapho
979 819 1103 869 neptis
1124 825 1244 856 mater
1263 819 1346 863 fuit,
1362 832 1477 868 quam
1497 817 1693 855 mulierem

225 876 386 926 primam
408 877 536 915 ferunt
558 891 678 929 regno
700 879 858 929 potitam
881 880 1027 929 regioni
1050 893 1162 917 suurn
1180 893 1319 917 nomen
1338 880 1534 916 indidisse.
1566 878 1696 921 Quum

225 947 353 978 autem
375 939 470 977 tales
492 940 526 977 ei
551 946 731 990 parentes
761 940 1033 991 contigissent,
1055 954 1131 978 non
1162 941 1368 992 splendore
1400 940 1482 978 solo
1513 940 1697 977 natalium

226 999 426 1050 superbiit,
450 1001 519 1038 sed
548 1014 629 1038 suae
656 1001 807 1039 virtutis
834 1001 948 1039 etiam
973 1009 1198 1052 perpetuum
1220 1010 1513 1040 monumentum
1536 1014 1621 1039 esse
1642 1014 1699 1038 re-

226 1061 481 1111 linquendum
503 1063 751 1101 existimavit.

277 1126 317 1162 6.
346 1124 475 1168 Quare
508 1132 722 1162 maternum
755 1126 956 1177 imperium
989 1134 1219 1177 aspernatus
1247 1134 1290 1164 ut
1319 1134 1465 1164 naturae
1492 1138 1572 1163 suae
1599 1137 1700 1176 prae-

223 1185 366 1223 stantia
382 1186 523 1232 minus,
539 1187 671 1225 multis
687 1187 722 1225 vi
740 1201 931 1226 armorum
950 1190 1121 1227 subactis
1140 1189 1382 1239 maximaque
1402 1187 1573 1238 potentia
1592 1194 1701 1237 parta

223 1247 261 1284 in
280 1248 448 1299 AEgypto
470 1262 630 1298 regnum
648 1250 864 1295 constituit,
878 1258 984 1288 ratus
1007 1251 1137 1288 sedem
1159 1251 1262 1287 illam
1282 1264 1357 1288 non
1376 1251 1418 1287 iis
1435 1257 1584 1288 tantum
1601 1262 1703 1299 quas

225 1309 430 1355 obtineret,
453 1310 520 1348 sed
548 1318 587 1348 et
615 1311 802 1348 universis
832 1312 1053 1362 regionibus
1082 1312 1244 1349 multum
1278 1318 1475 1363 praestare.
1532 1310 1701 1348 Videbat

226 1370 327 1407 enim
349 1379 493 1409 caetera
514 1372 597 1410 loca
621 1386 696 1410 non
719 1374 923 1411 commode
944 1387 1014 1412 nec
1036 1374 1308 1412 convenienter
1328 1374 1376 1411 ad
1398 1373 1561 1411 universi
1586 1381 1701 1410 natu-

226 1445 306 1470 ram
338 1433 478 1483 posita,
507 1434 643 1484 partim
672 1434 857 1472 imbribus
883 1435 1078 1480 inundari,
1105 1436 1241 1486 partim
1268 1436 1483 1473 fervoribus
1514 1434 1701 1479 infestari,

226 1493 328 1531 hanc
351 1507 439 1532 vero
460 1495 695 1545 provinciam
719 1496 753 1532 in
777 1497 1090 1534 commodissima
1113 1498 1214 1535 orbis
1244 1506 1351 1548 parte
1380 1498 1489 1535 sitam
1518 1495 1701 1547 plurimo-

224 1569 307 1593 rum
337 1569 382 1594 ac
414 1558 544 1608 potius
572 1558 696 1595 omnis
727 1558 877 1608 generis
904 1559 1093 1596 bonorum
1123 1572 1209 1597 esse
1239 1559 1528 1603 feracissimam,
1551 1565 1587 1595 et
1611 1557 1704 1595 Nilo

225 1617 431 1656 immortali
452 1631 562 1656 muro
585 1619 879 1666 circumdatam,
896 1619 959 1671 qui
977 1633 1060 1658 eam
1077 1633 1154 1657 non
1171 1627 1320 1658 tantum
1340 1621 1489 1658 muniat
1504 1620 1571 1657 sed
1590 1618 1704 1656 insita

226 1678 261 1715 vi
278 1679 392 1717 etiam
409 1679 616 1718 liberaliter
632 1680 724 1726 alat,
744 1681 1010 1732 insuperabilis
1025 1688 1063 1719 et
1077 1682 1388 1733 inexpugnabilis
1405 1681 1702 1725 insidiatoribus,

225 1740 270 1778 iis
291 1747 420 1778 autem
441 1741 508 1792 qui
528 1742 629 1779 intra
651 1755 737 1780 eum
761 1742 940 1780 habitant
965 1742 1014 1780 ad
1043 1743 1297 1781 derivationes
1327 1750 1367 1780 et
1396 1743 1472 1781 alia
1501 1742 1703 1792 complura

227 1810 487 1853 opportunus.
544 1803 646 1841 Nam
666 1811 806 1854 praeter
821 1817 867 1842 ea
886 1817 974 1855 quae
990 1804 1156 1842 diximus
1174 1805 1384 1855 potentiam
1399 1818 1554 1856 quoque
1571 1816 1702 1842 eorum

227 1865 266 1902 in
286 1862 440 1903 cultura
459 1873 572 1903 terrae
592 1879 710 1917 prope
732 1861 901 1904 divinam
921 1866 1069 1904 effecit:
1100 1867 1276 1905 imbrium
1295 1868 1396 1905 enim
1414 1875 1452 1905 et
1467 1867 1701 1909 siccitatum,

228 1939 392 1977 quorum
413 1927 494 1965 aliis
513 1927 666 1978 Jupiter
685 1941 842 1979 promus
869 1928 1020 1966 condus
1047 1935 1121 1974 est,
1144 1929 1283 1966 horum
1309 1937 1559 1980 utrorumque
1590 1935 1703 1980 pote-

228 1994 368 2026 statem
395 1989 518 2039 quivis
541 2001 610 2039 per
637 2002 677 2027 se
706 1990 837 2027 habet.
894 1991 952 2027 Ac
976 1998 1053 2028 tam
1075 1991 1261 2029 immensa
1280 1991 1465 2029 felicitate
1486 1999 1589 2037 sunt,
1611 1999 1652 2029 ut
1672 1992 1702 2030 si

227 2051 493 2101 praestantiam
522 2057 674 2101 spectes
702 2059 960 2102 naturamque
988 2052 1158 2103 regionis
1185 2060 1224 2090 et
1249 2066 1408 2104 campos
1430 2053 1614 2091 latissime
1634 2066 1704 2104 pa-

230 2119 359 2150 tentes
386 2119 487 2151 terra
514 2113 740 2151 continente
767 2114 955 2163 fruantur,
977 2114 1241 2165 exportatione
1262 2121 1393 2152 autern
1416 2128 1542 2152 rerum
1562 2115 1703 2166 quibus

230 2174 433 2211 abundant
453 2182 491 2212 et
510 2174 781 2225 importatione
802 2188 964 2227 quarum
986 2183 1103 2225 egent
1126 2176 1175 2213 ob
1198 2176 1367 2214 fluminis
1394 2176 1506 2228 hujus
1532 2189 1704 2214 commo-

231 2234 392 2272 ditatem
419 2235 584 2272 insula-m
612 2235 807 2274 incolant:
841 2250 930 2274 nam
955 2237 1204 2275 circumcirca
1224 2250 1308 2275 eam
1331 2238 1502 2276 ambiens
1524 2245 1563 2276 et
1582 2245 1705 2276 totam'

230 2297 455 2335 interfluens
486 2311 665 2349 magnam
692 2298 745 2336 eis
778 2300 1105 2350 opportunitatem
1144 2301 1346 2351 utriusque
1381 2301 1435 2339 rei
1465 2301 1703 2352 suppeditat.

233 2358 333 2396 Inde
358 2352 473 2409 igitur
494 2359 717 2409 auspicatus
739 2360 843 2397 unde
863 2361 1058 2411 sapientes
1080 2360 1196 2398 ordiri
1217 2361 1341 2407 decet,
1362 2362 1566 2412 locumque
1588 2375 1704 2412 qnam

233 2413 536 2459 amoenissimum
551 2421 771 2471 occupavit,
785 2435 950 2472 eumque
966 2422 1081 2460 talem
1097 2422 1198 2459 unde
1214 2422 1348 2460 incolis
1360 2423 1488 2460 omnia
1501 2423 1549 2460 ad
1564 2424 1706 2461 victum

235 2481 456 2519 necessaria
476 2481 631 2518 abunde
651 2488 915 2532 suppeterent.

291 2545 329 2581 7.
362 2536 515 2581 Deinde
549 2543 697 2581 civibus
726 2543 861 2581 ordine
890 2543 1117 2590 distributis,
1137 2544 1233 2582 alios
1261 2546 1380 2582 sacris
1407 2545 1593 2595 praefecit,
1614 2546 1708 2584 alios

238 2605 400 2656 opificiis
429 2604 652 2651 destinavit,
673 2605 768 2643 alios
801 2606 853 2642 rei
883 2604 1035 2642 militari
1063 2618 1199 2642 vacare
1228 2606 1369 2656 coegit,
1396 2606 1621 2644 existimans
1647 2621 1707 2645 res

239 2668 480 2706 necessarias
507 2675 547 2705 et
570 2681 664 2719 opes
691 2675 772 2706 tum
794 2681 814 2706 e
836 2674 946 2706 terrae
975 2667 1082 2705 cultu
1107 2675 1188 2705 tum
1215 2682 1264 2706 ex
1289 2668 1453 2719 opificiis
1475 2670 1712 2720 suppeditari

240 2720 430 2782 oportere,
453 2744 584 2768 earum
613 2737 740 2769 autem
765 2730 982 2770 custodiam
1004 2730 1233 2768 tutissimam
1253 2744 1341 2769 esse
1363 2738 1443 2768 tum
1465 2731 1517 2769 rei
1537 2731 1711 2770 militaris

240 2784 557 2831 exercitationem
578 2799 657 2830 tum
679 2793 861 2843 pietatem
879 2805 971 2842 erga
990 2791 1098 2830 deos.

297 2855 336 2891 8.
363 2853 511 2892 Omnes
530 2853 648 2904 igitur
671 2866 850 2891 numeros
871 2866 1002 2891 earum
1023 2866 1148 2890 rerum
1170 2866 1236 2904 per
1257 2867 1354 2904 quas
1377 2854 1520 2904 optime
1541 2854 1710 2905 respubl.

243 2913 427 2954 constitui
455 2924 575 2965 queat
605 2915 796 2958 absolvit
830 2927 917 2952 nam
946 2920 988 2952 ut
1017 2907 1158 2964 singuli
1178 2908 1332 2952 easdem
1354 2929 1412 2954 res
1433 2922 1619 2966 perpetuo
1638 2922 1713 2953 tra-
