1870 3277
649 201 1055 243 PANEGYRICUS.
1537 197 1583 234 31

125 311 222 357 Quis
252 310 354 348 enim
380 315 440 347 est
468 307 536 359 qui
566 306 730 358 supplex
756 317 843 343 esse
864 303 956 342 velit
975 302 1035 341 vel
1063 300 1305 340 inferioribus
1335 301 1395 340 vel
1425 301 1587 339 aliorum

126 372 311 423 subjectis
334 371 506 421 imperio,
528 366 810 420 potentioribus
838 364 1041 415 neglectis,
1064 363 1112 401 de
1134 364 1250 401 rebus
1275 363 1490 414 praesertim
1511 374 1588 399 non

125 433 281 486 privatis
301 432 368 470 sed
389 430 565 482 publicis,
587 435 627 466 et
651 440 816 478 quarum
842 439 975 463 curam
1001 432 1253 476 suscepturos
1283 430 1588 462 consentaneum

125 502 232 534 esset
244 507 320 532 non
337 494 408 531 nisi
423 506 489 531 eos
505 491 570 542 qui
588 490 728 540 primas
745 490 842 527 inter
856 488 1017 526 Graecos
1034 488 1104 526 sibi
1119 486 1398 526 vendicarent?
1437 487 1591 525 Deinde

127 570 196 609 spe
217 570 288 594 sua
307 570 385 606 qua
405 555 490 593 freti
510 553 559 591 ad
577 552 740 604 majores
760 558 912 589 nostros
929 551 1188 601 confugerant
1207 564 1283 588 non
1304 550 1506 587 frustratos
1524 562 1592 587 eos

127 631 214 657 esse
232 623 401 656 constat.
458 616 650 665 Suscepto
670 613 769 651 enim
791 613 893 650 bello
914 613 1186 651 defunctorum
1207 624 1323 650 eausa
1343 618 1477 649 contra
1493 611 1592 648 The-

128 681 267 724 banos,
289 678 493 715 liberorum
513 684 643 713 autem
666 674 850 712 Herculis
871 687 990 712 causa
1010 682 1147 712 contra
1161 674 1234 712 vim
1253 672 1594 724 Eurysthenicam,

131 749 212 779 tum
249 739 335 777 illos
376 737 533 776 admoto
571 737 619 775 ad
661 737 791 774 urbem
818 736 1001 774 exercitu
1041 735 1089 773 ad
1129 735 1364 786 sepulturam
1403 734 1596 772 cadavera

129 802 305 852 cognatis
325 800 486 838 reddere
509 805 735 849 coegerunt,
757 805 840 836 tum
861 799 1053 836 instructa
1078 798 1162 836 acie
1187 797 1507 848 Peloponnenses
1533 796 1600 847 qui

133 876 223 901 cum
243 861 461 913 Eurystheo
490 861 527 898 in
555 867 731 898 nostrum
762 873 897 910 agrum
925 860 1109 911 impetum
1139 861 1311 898 fecerant
1330 860 1478 898 obviam
1511 871 1600 910 pro-

135 925 259 975 gressi
289 923 424 974 praelio
455 922 632 960 vicerunt
660 921 823 972 ejusque
856 922 1037 959 ferociam
1068 928 1404 973 compescuerunt.
1469 921 1598 964 Quum

135 994 266 1025 autem
287 986 335 1023 ob
356 984 429 1022 alia
449 997 604 1034 quoque
624 983 800 1022 facinora
821 983 858 1021 in
879 983 1132 1022 admiratione
1157 990 1304 1029 essent,
1323 984 1372 1021 ob
1393 983 1478 1022 haec
1499 983 1603 1021 facta

136 1048 262 1097 magis
282 1047 394 1084 etiam
417 1046 598 1084 celebrati
620 1053 723 1083 sunt.
784 1046 869 1084 Nec
899 1046 998 1083 enim
1020 1059 1181 1097 parvum
1201 1046 1392 1097 quiddam
1413 1046 1603 1097 praestite-

139 1115 244 1152 runt,
265 1108 334 1146 sed
361 1115 611 1157 utrorumque
637 1107 814 1145 fortunas
842 1107 895 1144 ita
924 1115 1184 1155 mutaverunt,
1204 1116 1246 1146 ut
1273 1115 1312 1146 et
1346 1109 1376 1146 is
1404 1109 1468 1159 qui
1496 1108 1604 1146 nobis

141 1169 437 1221 supplicandum
465 1182 553 1206 esse
580 1175 787 1207 censuerat
811 1169 987 1207 hostibus
1009 1171 1042 1207 vi
1064 1170 1252 1222 superatis
1274 1170 1540 1221 confectisque
1562 1170 1606 1208 iis

142 1244 231 1282 quae
259 1231 418 1282 petierat
446 1230 624 1267 omnibus
651 1230 883 1274 discesserit,
902 1238 942 1268 et
963 1231 1206 1282 Eurystheus
1233 1232 1299 1282 qui
1316 1231 1394 1270 vim
1420 1233 1530 1270 nobis
1550 1231 1623 1270 fa·-

142 1299 273 1330 cturus
298 1291 509 1328 advenerat
526 1292 608 1341 ipse
629 1299 768 1342 captus
797 1291 960 1342 supplex
988 1293 1070 1330 fieri
1090 1293 1139 1331 sit
1158 1300 1330 1339 coactus,
1350 1306 1395 1331 ac
1417 1306 1504 1331 eum
1525 1294 1609 1344 qui-

143 1353 235 1391 dem
252 1352 355 1404 quod
377 1360 515 1390 natura
543 1353 714 1391 humana
741 1354 998 1404 praestantior,
1020 1362 1059 1392 et
1089 1355 1185 1393 Jove
1204 1361 1321 1393 natus
1348 1356 1431 1402 fuit,
1453 1362 1492 1394 et
1511 1369 1613 1394 mor-

143 1416 232 1454 talis
252 1415 380 1453 adhuc
397 1415 570 1453 divinum
588 1417 702 1454 robur
718 1415 867 1460 habuit,
889 1423 927 1454 et
947 1417 1112 1468 imperiis
1134 1424 1173 1456 et
1192 1418 1336 1466 injuriis
1363 1431 1430 1469 per
1455 1432 1610 1457 ornnem

144 1485 300 1517 aetatem
323 1478 531 1524 divexavit,
552 1484 761 1529 postquam
793 1485 921 1516 autem
950 1477 1041 1530 erga
1068 1492 1138 1517 nos
1167 1480 1343 1530 deliquit,
1364 1494 1424 1518 res
1451 1481 1532 1532 ejus
1560 1480 1613 1519 ita

145 1547 305 1580 mutatae
333 1545 426 1577 sunt
452 1546 497 1577 ut
522 1541 561 1578 in
589 1547 821 1591 potestatem
850 1540 1054 1579 liberorum
1080 1541 1183 1580 illius
1213 1540 1394 1581 redactus
1414 1549 1615 1581 contume-

145 1603 245 1642 liosa
265 1610 386 1640 morte
406 1602 573 1653 perierit.

219 1666 280 1706 16.
324 1665 509 1709 Quamvis
541 1671 670 1703 autem
703 1666 904 1718 complura
934 1668 971 1705 in
1005 1668 1198 1707 civitatem
1232 1668 1617 1707 Lacedaemoniorum

147 1728 337 1767 beneficia
364 1728 654 1775 contulerimus,
673 1729 729 1767 sic
757 1737 885 1768 tamen
912 1731 1053 1769 accidit
1081 1739 1124 1769 ut
1151 1731 1198 1770 de
1227 1732 1302 1770 hoc
1322 1746 1400 1770 uno
1421 1732 1615 1771 dicerem:

149 1804 240 1829 nam
261 1790 465 1829 occasione
486 1790 545 1828 usi
566 1804 643 1841 qua
662 1804 730 1842 per
751 1805 818 1829 nos
839 1793 1055 1830 conservati
1083 1800 1193 1832 erant
1212 1795 1376 1844 majores
1397 1807 1528 1832 eorum
1552 1795 1619 1846 qui

153 1866 255 1890 nunc
283 1852 433 1903 Spartae
467 1859 648 1903 regnant,
679 1853 859 1892 Herculis
892 1854 1050 1906 posteri,
1082 1863 1199 1906 atque
1233 1855 1272 1892 in
1303 1855 1621 1907 Peloponnesum

151 1915 293 1953 reversi
316 1914 434 1965 Argis
466 1921 503 1952 et
534 1915 814 1954 Lacedaemone
845 1923 884 1954 et
909 1917 1096 1955 Messena
1126 1919 1325 1969 occupatis
1359 1926 1440 1956 tum
1473 1920 1622 1970 Spartae

152 1975 375 2015 conditores
402 1982 484 2013 tum
511 1977 698 2014 bonorum
722 1977 864 2027 quibus
893 1991 997 2015 nunc
1027 1979 1208 2016 fruuntur
1235 1980 1403 2016 omnium
1432 1979 1624 2031 principes

156 2038 212 2076 eis
232 2045 483 2088 auctoresque
506 2039 746 2076 exstiterunt.
806 2039 1016 2077 Decuisset
1037 2040 1150 2090 igitur
1170 2040 1256 2078 illos
1275 2041 1413 2079 horum
1436 2055 1625 2080 memores

157 2112 350 2150 nunquam
384 2099 421 2136 in
457 2112 542 2137 eam
573 2100 771 2150 regionem
798 2100 1093 2152 impressionem
1123 2102 1275 2149 fecisse,
1306 2117 1325 2141 e
1354 2118 1432 2154 qua
1459 2105 1625 2156 majores

159 2173 293 2200 eorum
318 2160 513 2211 progressi
541 2168 686 2200 tantam
716 2170 847 2200 essent
875 2162 1099 2201 felicitatem
1123 2164 1267 2216 adepti,
1289 2179 1359 2203 nec
1381 2166 1413 2204 ei
1436 2167 1518 2204 urbi
1545 2180 1626 2206 cre-

159 2236 246 2261 asse
266 2221 477 2273 periculum
498 2236 586 2273 quae
614 2236 682 2274 pro
707 2223 838 2261 liberis
860 2224 1042 2263 Herculis
1062 2233 1180 2277 caput
1200 2227 1376 2278 periculis
1398 2228 1624 2279 objecisset;

158 2297 231 2322 nec
263 2284 363 2321 enim
397 2284 577 2322 convenit
609 2293 651 2322 ut
678 2298 764 2323 eam
793 2285 986 2324 civitatem
1021 2287 1093 2324 sibi
1123 2288 1263 2326 servire
1297 2290 1506 2340 postulent,
1539 2304 1627 2340 quae

161 2352 282 2383 totam
312 2345 414 2383 illius
442 2345 638 2392 familiam,
665 2347 775 2398 cujus
802 2348 969 2399 posteris
997 2362 1159 2400 regnum
1189 2349 1345 2397 dedere,
1372 2353 1625 2390 conservavit.

163 2406 281 2451 Quod
302 2406 333 2444 si
354 2407 486 2457 gratiae
507 2407 721 2446 reserendae
741 2415 780 2446 et
799 2410 993 2460 aequitatis
1014 2411 1149 2449 officiis
1169 2412 1320 2450 omissis
1342 2413 1390 2450 ad
1411 2413 1627 2451 institutum

162 2468 404 2508 redeundum
435 2477 473 2507 et
499 2469 536 2506 in
563 2469 683 2521 ipsius
712 2483 844 2509 causae
875 2472 986 2522 quasi
1014 2486 1142 2512 arcem
1168 2473 1431 2512 invadendum
1456 2482 1530 2524 est,
1552 2488 1627 2513 non

164 2530 292 2580 utique
321 2530 486 2581 patrium
505 2537 565 2569 est
596 2531 718 2570 duces
746 2545 831 2571 esse
857 2534 1026 2573 advenas
1056 2535 1341 2587 indigenarum,
1361 2550 1486 2587 neque
1513 2538 1631 2576 bene-

164 2592 260 2630 ficiis
281 2591 438 2631 affectos
457 2594 553 2632 bene
573 2594 811 2642 meritorum,
826 2609 954 2647 neque
975 2598 1170 2650 supplices
1189 2612 1319 2637 eorum
1341 2612 1362 2637 a
1381 2599 1522 2651 quibus
1543 2609 1632 2639 sunt

163 2662 397 2696 conservati.

226 2718 288 2754 17.
319 2717 377 2755 Ac
409 2717 551 2766 majore
582 2719 697 2757 etiam
724 2720 956 2771 compendio
983 2721 1042 2759 his
1077 2721 1124 2759 dc
1158 2722 1274 2761 rebus
1301 2736 1462 2775 possum
1491 2724 1632 2762 dicere.

171 2775 273 2814 Nam
295 2776 521 2816 Graecarum
551 2780 718 2826 urbium,
739 2790 872 2820 nostra
898 2783 1051 2821 civitate
1072 2790 1247 2835 excepta,
1270 2786 1399 2837 Argos
1426 2793 1463 2824 et
1484 2782 1633 2825 Thebae

171 2844 211 2875 et
233 2837 488 2877 Lacedaemon
509 2846 552 2878 ut
569 2849 649 2879 tum
671 2841 825 2881 fuerunt
846 2843 899 2881 sic
920 2844 1034 2882 etiam
1053 2844 1168 2883 hodie
1188 2853 1279 2885 sunt
1298 2847 1488 2885 maximoe.
1548 2848 1635 2886 Ma-

166 2896 272 2948 jores
293 2905 418 2937 autem
445 2908 597 2940 nostros
619 2909 767 2942 tanturn
789 2905 1010 2956 praestitisse
1031 2907 1206 2946 omnibus
1227 2915 1395 2956 constat,
1417 2917 1458 2947 ut
1482 2917 1636 2961 propter

174 2957 340 3009 Argivos
361 2960 522 3002 adversa
544 2963 695 3003 fortuna
716 2978 810 3004 usos
831 2966 1041 3012 Thebanis,
1063 2981 1180 3018 quum
1204 2970 1471 3010 animosissimi
1492 2977 1637 3016 essent,
