1870 3277
214 159 291 194 494
553 157 925 196 LESBONACTIS
959 157 1334 195 HORTATORIA.

212 288 298 312 cum
330 275 451 326 impiis
476 283 515 313 et
546 275 694 326 injustis
716 276 801 312 viris
831 275 1023 326 pugnatis,
1046 275 1110 325 qui
1137 288 1205 313 sua
1233 275 1398 326 regione,
1419 275 1454 312 in
1475 287 1550 325 qua
1573 280 1662 311 sunt

215 335 308 381 nati,
329 336 478 385 perdita
496 343 536 374 et
555 336 700 380 relicta,
721 335 780 373 vel
800 335 854 372 ira
874 336 1030 373 deorum
1050 335 1107 373 vel
1137 349 1206 373 sua
1231 335 1394 386 ignavia,
1416 342 1576 372 vestram
1602 335 1656 370 in-

214 395 361 433 vadunt
385 403 424 434 et
451 409 496 434 ex
523 397 644 435 alieno
663 396 876 448 prodeunt;
907 409 976 434 nec
998 404 1073 434 tam
1094 397 1151 435 vel
1172 410 1193 434 a
1213 410 1283 434 sua
1302 397 1441 446 singuli
1460 395 1578 432 Vesta
1598 395 1658 432 vel

214 457 263 494 ab
283 456 365 494 aliis
387 464 452 494 aut
470 458 579 496 avitis
601 456 672 495 diis
699 457 857 508 profecti
884 466 985 502 sunt,
1007 471 1120 507 quam
1149 470 1171 494 a
1198 457 1318 494 Furiis
1345 466 1383 494 et
1411 455 1558 494 Fraude
1581 455 1658 492 dae-

214 517 391 555 monibus
414 517 460 555 ad
484 531 618 569 poenas
646 517 794 555 dandas
822 517 895 554 huc
922 518 1178 568 impelluntur.
1237 518 1384 555 Etenim
1410 530 1480 554 nec
1501 528 1659 553 numero

215 578 322 616 vobis
337 592 406 617 nec
422 580 533 617 armis
549 586 732 629 praestant
747 592 756 621 ;
785 591 908 628 neque
924 587 1049 616 vestra
1064 580 1146 617 freti
1163 579 1313 629 ignavia
1328 587 1402 616 tam
1421 578 1659 616 confidenter

219 647 341 678 vestra
360 648 573 683 transeunt,
594 653 723 678 verum
753 640 838 677 illos
863 640 958 677 deus
984 640 1120 690 aliquis
1153 641 1198 678 ad
1230 640 1370 677 luenda
1401 639 1603 689 impietatis
1625 643 1662 674 et

214 700 410 751 injustitiae
440 701 628 752 supplicia
655 701 822 738 deducit.
880 701 1123 751 Quapropter
1152 701 1224 739 hoe
1258 701 1461 750 unicuique
1493 706 1658 736 vestrum

215 763 266 800 sit
284 776 522 814 persuasum,
540 763 768 814 permultum
787 763 835 800 ad
852 763 1045 800 victoriam
1061 763 1185 800 facere
1205 763 1413 800 fidentiam.
1455 760 1660 803 Quocirca,

216 825 527 875 quandoquidem
553 833 592 862 et
618 825 747 862 favent
771 824 822 861 dii
846 831 881 861 et
904 824 993 861 licet
1013 824 1120 860 vobis
1139 823 1209 860 hos
1230 823 1470 866 antecellere,
1492 820 1658 858 hostium

215 885 328 922 armis
361 886 498 935 exiguo
528 893 695 934 tempore
723 884 878 934 perlatis
908 884 1058 933 longam
1093 883 1129 919 in
1159 896 1270 920 omne
1299 891 1446 932 tempus
1477 880 1659 932 parabitis

214 945 362 982 virtutis
383 945 555 995 gloriam,
575 953 686 994 atque
706 943 880 980 omnibus
901 956 1029 980 eorum
1052 956 1118 981 vos
1140 956 1225 980 esse
1247 950 1416 993 posteros
1436 941 1658 993 probabitis,

214 1006 277 1055 qui
298 1007 457 1055 primum
479 1005 646 1042 barbaris
662 1005 764 1049 olim,
780 1011 984 1054 postquam
1007 1004 1272 1041 Marathonem
1290 1010 1450 1040 vestram
1473 1013 1659 1039 conscen-

213 1066 362 1111 derant,
381 1066 493 1103 simul
519 1079 606 1102 cum
634 1066 799 1104 clamore
823 1064 983 1102 devictis
1013 1065 1150 1102 multas
1177 1065 1371 1116 ejecerunt
1397 1064 1586 1115 myriadas
1614 1075 1658 1099 ac

214 1126 354 1164 multos
375 1127 610 1171 occiderunt,
629 1140 745 1177 quum
762 1139 885 1176 neque
901 1126 1078 1164 auxilium
1097 1139 1141 1163 ex
1158 1126 1428 1176 Peloponneso
1441 1131 1660 1174 exspectas-

214 1195 300 1226 sent
330 1201 450 1238 neque
479 1201 584 1225 suam
621 1189 929 1227 considerassent
962 1188 1202 1239 paucitatem,
1236 1200 1362 1224 verum
1396 1187 1545 1237 propria
1576 1185 1659 1222 freti

215 1250 351 1287 virtute
368 1263 500 1287 manus
516 1250 818 1288 conseruissent:
849 1251 989 1288 deinde
1007 1249 1162 1288 Plataeis
1181 1249 1290 1286 simul
1306 1262 1392 1285 cum
1412 1248 1494 1285 aliis
1512 1247 1658 1284 Graecis

215 1312 279 1360 qui
300 1311 472 1362 ejusdem
492 1312 609 1361 partis
630 1320 738 1350 erant
759 1313 952 1355 vicerunt;
985 1319 1026 1348 ut
1045 1312 1156 1348 etiam
1179 1311 1227 1347 ad
1248 1310 1493 1347 Artemisium
1515 1315 1553 1346 et
1572 1316 1660 1346 ante

216 1372 443 1410 Salaminem
465 1373 596 1423 praelio
616 1374 753 1418 navali,
770 1374 822 1411 sic
843 1381 882 1411 ut
903 1373 1106 1411 etiamnum
1126 1372 1288 1409 Graeciae
1305 1379 1515 1409 servatores
1535 1370 1662 1421 appel-

213 1433 352 1471 lentur.
410 1434 486 1471 Sed
515 1440 554 1472 et
580 1435 653 1471 alia
678 1435 799 1472 multa
823 1435 985 1485 majores
1006 1434 1116 1470 vestri
1148 1432 1320 1483 praeclari
1340 1432 1518 1469 obierunt
1537 1437 1659 1468 certa-

216 1495 330 1540 mina,
347 1508 507 1545 quorum
521 1495 688 1533 victoriae
708 1496 863 1546 praemia
884 1495 1064 1533 terminos
1084 1495 1228 1531 habent
1247 1495 1359 1530 urbes
1379 1505 1553 1542 magnas,
1572 1505 1659 1542 quae

215 1556 418 1593 multorum
439 1556 584 1593 dierum
605 1570 627 1593 a
644 1564 772 1594 vestra
798 1557 984 1594 distantes
1010 1556 1144 1592 itinere
1167 1563 1290 1591 vestro
1314 1561 1450 1605 parent
1478 1554 1658 1604 praeconi.

216 1618 474 1659 Quamobrem
505 1617 578 1654 diis
608 1617 792 1654 invocatis
818 1617 1022 1668 Olympiis,
1042 1616 1105 1667 qui
1133 1616 1240 1652 nobis
1269 1615 1403 1652 merito
1430 1615 1518 1665 plus
1543 1627 1658 1665 quam

213 1678 384 1715 hostibus
422 1678 606 1721 tribuunt,
640 1679 809 1728 precario
846 1692 932 1716 cum
971 1678 1179 1715 latronibus
1215 1676 1522 1727 congrediamur.
1580 1676 1657 1712 Sed

214 1740 415 1778 confidite:
446 1747 485 1777 et
509 1739 581 1777 diis
600 1739 708 1790 justa
737 1740 1038 1791 impertientibus
1068 1738 1235 1777 secunde
1267 1737 1502 1788 pugnabitis.
1560 1737 1657 1774 Exta

214 1802 343 1840 fausta
361 1809 399 1840 et
417 1801 574 1852 aequitas
595 1808 637 1839 ut
656 1802 761 1839 vobis
780 1802 989 1848 fidentiam,
1005 1803 1055 1838 ita
1074 1807 1218 1838 metum
1240 1800 1327 1848 illis,
1347 1799 1517 1836 afferent.
1558 1800 1656 1840 Quae

213 1871 339 1901 autem
354 1863 518 1914 juvenes
537 1863 705 1901 excitant
725 1863 899 1908 maxime,
915 1863 1165 1912 vosmetipsos
1186 1861 1328 1906 audite,
1342 1868 1380 1898 et
1396 1860 1499 1897 urbis
1513 1860 1658 1909 magni-

215 1926 386 1963 tudinem
413 1938 457 1962 ac
481 1925 702 1962 felicitatem
731 1938 836 1962 suam
863 1932 901 1962 et
927 1924 1084 1975 gloriam
1110 1923 1393 1973 unusquisque;
1425 1928 1514 1958 sunt
1539 1921 1654 1958 etiam

209 1987 420 2038 juventutis
452 1986 601 2024 ludicra
625 1986 746 2036 pulcri
772 1986 876 2036 pueri
904 1999 946 2024 ac
973 1985 1163 2029 mulieres,
1185 1984 1398 2035 gymnasia,
1417 1982 1654 2027 venationes,

212 2049 351 2098 quibus
371 2061 438 2085 vos
467 2050 577 2085 rebus
603 2054 642 2084 et
667 2048 705 2084 in
729 2047 900 2084 libertate
931 2047 1097 2084 maxime
1125 2045 1312 2087 fruimini;
1344 2044 1392 2081 de
1417 2043 1555 2093 quibus
1581 2056 1653 2080 ceu

211 2110 346 2148 vestris
377 2123 478 2146 nunc
508 2109 685 2159 pugnatis
713 2121 1035 2160 supervacaneum
1062 2107 1162 2144 viros
1187 2106 1323 2157 quibus
1355 2106 1429 2142 ista
1457 2116 1544 2142 cara
1576 2104 1653 2141 sint

215 2171 416 2209 cohortari.
474 2170 600 2214 Quare
620 2178 751 2207 mutuo
782 2183 848 2208 vos
876 2168 1076 2212 cohortati,
1097 2174 1135 2205 et
1154 2168 1208 2204 vir
1229 2166 1344 2203 virum
1366 2172 1404 2203 et
1429 2165 1651 2216 popularem

213 2232 407 2284 popularis
433 2238 471 2269 et
493 2231 642 2269 tribulis
663 2232 850 2276 tribulem,
874 2231 1046 2269 secunda,
1065 2230 1229 2275 fortuna,
1249 2241 1335 2265 cum
1357 2226 1442 2277 quis
1463 2227 1500 2264 in
1522 2226 1652 2263 hostes

215 2307 283 2334 vos
304 2295 430 2341 ducet,
451 2293 608 2331 utimini.
