1870 3277
252 205 303 241 76
848 178 1138 239 lsocRAT1s

252 306 384 345 sertim
407 319 527 357 quum
550 307 586 344 in
606 305 692 357 ipsa
713 305 872 357 optione
893 311 1045 342 tantum
1065 300 1241 341 intersit?
1273 300 1366 338 Mea
1384 299 1484 338 enim
1505 300 1625 338 oratio
1652 299 1728 337 hue

251 367 419 419 pertinet
451 374 496 405 ut
531 380 578 405 ne
614 367 708 417 quid
743 373 920 404 nostrum
956 365 1178 403 amittamus
1211 375 1338 413 neque
1368 362 1542 400 dedecus
1569 360 1728 413 aliquod

252 428 407 480 publice
440 429 716 481 suscipiamus,
744 429 781 465 in
815 440 883 479 spe
914 428 1018 465 bona
1050 439 1135 472 nos,
1156 425 1307 464 etiamsi
1331 424 1491 476 justitiae
1521 436 1638 462 causa
1659 436 1728 473 pu-

253 490 456 542 gnandum
492 491 555 536 sit,
586 490 762 528 hostibus
796 490 876 527 fore
909 488 1153 540 superiores;
1184 487 1237 525 illi
1270 494 1396 525 autem
1437 485 1531 536 quid
1570 485 1727 523 tandem

253 552 402 598 dicunt,
434 552 505 590 nisi
529 553 610 604 jam
645 552 831 589 Messena
860 550 1076 588 cedendum
1109 549 1223 587 esse?
1267 561 1386 598 quum
1417 547 1493 585 hoc
1519 547 1662 585 delicto
1693 546 1730 583 in

253 620 403 651 vosmet
423 613 528 664 ipsos
548 614 720 651 admisso
739 613 834 651 illud
856 613 973 651 etiam
993 613 1074 650 fieri
1095 612 1217 663 possit
1231 619 1273 650 ut
1292 619 1330 650 et
1345 611 1507 649 utilitate
1528 618 1567 649 et
1580 610 1733 661 justitia

253 681 293 712 et
313 675 464 713 coeteris
495 688 581 725 quae
603 675 838 726 exspectatis
860 675 1038 712 omnibus
1061 673 1294 712 frustremini
1312 674 1327 710 ’ζ
1378 673 1518 723 Neque
1539 672 1639 709 enim
1657 671 1732 708 hoc

253 736 498 787 exploratum
530 743 603 782 est,
635 736 665 774 si
696 749 743 774 ea
774 750 863 787 quae
888 736 1029 787 jubent
1058 735 1188 773 hostes
1223 734 1439 780 fecerimus,
1478 747 1547 771 nos
1587 733 1732 770 firmam

252 810 391 849 pacem
417 797 633 837 habituros.
691 798 867 836 Arbitror
887 798 987 836 enirn
1015 811 1091 835 non
1112 797 1289 848 ignorare
1315 809 1396 842 vos,
1416 809 1502 834 cum
1525 796 1569 833 iis
1596 795 1661 846 qui
1683 794 1731 832 ad

258 859 336 897 vim
360 860 665 911 propulsandam
688 860 809 911 parati
831 867 922 898 sunt
940 872 1073 897 omnes
1095 859 1246 910 dejure
1267 858 1480 909 disputare,
1509 857 1582 894 illis
1603 864 1734 894 autem

255 922 320 972 qui
358 921 472 960 nimis
511 922 693 973 expedite
731 922 922 973 imperata
959 921 1117 966 faciunt,
1160 920 1324 958 subinde
1354 919 1441 971 plus
1476 932 1593 970 quam
1629 918 1737 955 initio

255 983 475 1034 cogitarant
496 983 624 1022 oneris
647 984 842 1034 imponere
863 983 1006 1025 solere;
1039 981 1143 1019 unde
1162 981 1205 1019 fit
1223 988 1267 1019 ut
1285 980 1332 1019 ad
1354 980 1566 1031 gerendum
1589 979 1734 1017 bellum

256 1045 379 1095 parati
414 1047 479 1096 qui
518 1053 609 1084 sunt
640 1046 851 1096 aequiorem
883 1057 1022 1096 pacem
1055 1045 1261 1095 impetrent
1294 1056 1411 1094 quam
1446 1043 1468 1080 ii
1498 1042 1564 1092 qui
1593 1050 1738 1080 temere

259 1107 461 1158 pactiones
481 1108 642 1146 faciunt.

317 1170 379 1206 15.
412 1169 472 1206 Ne
491 1182 582 1207 vero
606 1170 643 1206 in
665 1169 724 1207 his
747 1170 892 1208 diutius
917 1169 1111 1207 immorari
1133 1168 1278 1213 videar,
1303 1168 1361 1206 his
1382 1168 1558 1206 omnibus
1585 1166 1740 1205 omissis

258 1229 296 1267 id
321 1230 403 1281 jam
424 1231 551 1269 dicam
571 1232 675 1283 quod
706 1239 767 1270 est
791 1232 960 1270 omnium
994 1231 1333 1282 simplicissimum.
1393 1230 1433 1267 Si
1452 1229 1549 1268 nulli
1570 1242 1740 1280 unquam

260 1299 350 1343 post
381 1292 514 1331 clades
544 1301 727 1345 acceptas
759 1294 948 1332 revocatis
975 1293 1118 1330 viribus
1138 1293 1303 1330 victores
1332 1291 1465 1330 hostes
1493 1297 1740 1342 superarunt,

262 1368 310 1394 ne
343 1356 453 1393 nobis
488 1356 644 1406 quidem
675 1356 820 1394 bellum
853 1357 1077 1407 gerentibus
1104 1355 1274 1393 victoriae
1304 1368 1392 1407 spes
1425 1355 1624 1406 proposita
1656 1367 1742 1392 esse

263 1417 400 1456 debet:
433 1417 491 1456 sin
516 1425 646 1456 autem
669 1431 774 1470 saepe
799 1419 982 1456 usuvenit
1001 1425 1043 1455 ut
1069 1417 1190 1469 etqui
1217 1417 1382 1469 majores
1401 1418 1532 1468 copias
1557 1417 1744 1455 haberent

264 1480 316 1517 ab
336 1480 650 1519 imbecillioribus
670 1482 914 1520 vincerentur
933 1491 973 1519 et
998 1481 1064 1531 qui
1090 1482 1222 1519 urbem
1243 1481 1573 1520 circumsederant
1600 1481 1649 1518 ab
1677 1480 1744 1518 ob-

266 1541 383 1580 sessis
416 1542 628 1589 interirent,
650 1542 745 1593 quid
773 1542 856 1580 miri
885 1542 968 1587 erit,
1000 1542 1031 1580 si
1060 1542 1177 1581 etiam
1207 1543 1341 1581 harum
1365 1555 1492 1580 rerum
1522 1548 1647 1580 status
1674 1541 1744 1578 ali-

268 1611 457 1654 quantum
478 1603 720 1642 mutabitur?

331 1667 392 1704 16.
423 1667 481 1704 Ac
500 1665 548 1704 de
564 1674 698 1704 nostra
717 1665 875 1718 quidem
891 1667 1092 1718 republica
1112 1667 1205 1705 nihil
1225 1667 1303 1705 tale
1323 1666 1448 1705 habeo
1468 1666 1595 1705 dicere
1612 1679 1622 1710 ;
1655 1679 1744 1704 nam

269 1728 537 1781 superioribus
568 1730 807 1781 temporibus
832 1729 927 1767 nulli
959 1730 1024 1781 qui
1054 1731 1166 1769 nobis
1187 1737 1319 1770 essent
1339 1731 1517 1770 fortiores
1537 1732 1572 1769 in
1596 1739 1747 1770 nostros

268 1805 384 1845 agros
424 1792 673 1831 invaserunt:
723 1793 786 1830 alii
825 1793 982 1843 quidem
1022 1795 1153 1845 populi
1190 1795 1384 1846 permulta
1417 1796 1528 1833 nobis
1569 1796 1745 1847 exempla

271 1854 537 1906 suppeditant.
613 1854 691 1892 Sed
732 1855 896 1906 primum
932 1855 1134 1894 videamus
1172 1856 1460 1900 Athenienses:
1508 1871 1606 1908 quos
1642 1858 1746 1909 apud

270 1917 432 1956 Graecos
464 1917 505 1954 in
532 1916 674 1954 crimen
708 1930 756 1955 ex
790 1930 837 1956 eo
870 1917 1019 1955 venisse
1047 1925 1215 1964 constat,
1247 1919 1353 1969 quod
1387 1919 1471 1957 aliis
1500 1919 1749 1970 imperarent,

269 1996 391 2034 quum
423 1989 552 2020 autem
586 1981 702 2019 iidem
737 1981 896 2033 injurios
929 1981 1223 2027 ulciscerentur,
1253 1994 1276 2019 a
1308 1981 1536 2019 mortalibus
1568 1981 1746 2020 omnibus

273 2045 436 2097 gloriam
472 2051 716 2082 consecutos.
775 2044 894 2088 Quod
922 2044 954 2082 si
980 2050 1112 2081 vetera
1139 2043 1325 2095 pericula,
1355 2057 1444 2095 quae
1475 2044 1513 2081 in
1542 2045 1653 2082 bellis
1678 2045 1748 2082 ad-

271 2120 405 2146 versus
432 2107 656 2144 Amazones
678 2113 747 2144 aut
771 2106 944 2144 Thraces
979 2115 1046 2144 aut
1077 2106 1399 2157 Peloponnenses
1426 2106 1544 2158 gestiS
1571 2107 1751 2145 adierunt

274 2183 395 2221 quum
417 2169 663 2220 Eurystheus
688 2168 726 2206 in
746 2181 878 2206 eorum
903 2180 1039 2219 agrum
1060 2168 1236 2206 duxisset
1256 2169 1482 2214 exercitum,
1506 2182 1751 2215 recensuero,

277 2231 456 2270 obsoleta
486 2230 661 2269 fortassis
682 2237 721 2268 et
749 2230 908 2267 nimium
936 2243 958 2268 a
989 2230 1243 2281 praesentibus
1263 2231 1378 2269 rebus
1407 2238 1555 2269 remota
1579 2231 1750 2270 comme-

279 2305 430 2330 morare
449 2292 610 2330 videbor
629 2305 638 2329 z
667 2291 706 2329 in
727 2291 884 2329 Persico
903 2299 1032 2330 autem
1057 2292 1162 2330 bello
1180 2292 1266 2343 quis
1292 2292 1416 2330 nescit
1434 2299 1522 2343 post
1541 2306 1629 2344 quae
1650 2294 1752 2332 mala

278 2368 395 2407 quam
425 2354 503 2391 sint
526 2353 749 2391 felicitatem
782 2353 941 2404 adepti?
991 2353 1092 2392 Nam
1130 2354 1202 2392 soli
1232 2367 1364 2392 eorum
1397 2356 1462 2405 qui
1495 2361 1604 2393 extra
1636 2356 1749 2394 Pelo-

279 2428 500 2468 ponnesum
525 2414 718 2460 habitant,
751 2427 871 2465 quum
895 2415 1145 2452 barbarorum
1175 2415 1308 2466 copias
1333 2415 1514 2453 sustineri
1542 2429 1617 2454 non
1639 2430 1753 2468 posse

280 2483 499 2523 cernerent,
519 2476 568 2514 de
597 2475 794 2528 imperatis
820 2475 1009 2513 faciendis
1039 2475 1111 2514 sibi
1137 2476 1427 2515 deliberandum
1448 2490 1534 2515 esse
1563 2490 1641 2516 non
1662 2491 1754 2516 cen-

283 2546 457 2585 suerunt,
498 2537 566 2576 sed
601 2538 736 2576 urbem
776 2550 951 2576 eversam
984 2550 1101 2588 quam
1142 2538 1327 2576 servitute
1361 2551 1586 2589 oppressam
1623 2539 1754 2578 videre

283 2601 415 2640 statim
446 2600 678 2638 maluerunt.
737 2599 891 2637 Relicta
918 2598 1032 2649 igitur
1054 2599 1175 2637 natali
1202 2605 1302 2636 terra
1328 2601 1385 2650 [et
1418 2600 1528 2648 urbe]
1558 2602 1662 2648 (nam
1692 2615 1757 2652 pa-

284 2663 395 2701 triam
433 2662 487 2700 illi
531 2661 690 2712 quidem
726 2660 944 2699 libertatem
981 2661 1226 2708 censebant),
1268 2661 1528 2711 periculorum
1571 2662 1757 2701 societate

285 2725 487 2764 nobiscum
501 2723 610 2770 inita,
632 2730 779 2761 tantam
801 2722 1055 2760 mutationem
1073 2722 1282 2760 effecerunt
1295 2728 1351 2768 ut,
1370 2735 1489 2772 quum
1506 2735 1654 2773 paucos
1674 2724 1757 2762 dies

290 2787 371 2826 suis
392 2786 506 2824 rebus
527 2785 757 2831 caruissent,
773 2798 841 2836 per
859 2784 1001 2823 multos
1021 2797 1144 2823 annos
1166 2783 1248 2821 aliis
1269 2783 1504 2834 imperarint.

348 2850 408 2886 17.
441 2847 582 2897 Neque
612 2860 704 2885 vero
737 2853 886 2897 quanta
914 2847 1017 2884 bona
1041 2845 1165 2897 pariat
1189 2844 1400 2883 ulciscendi
1428 2844 1561 2884 hostes
1582 2846 1761 2894 audacia,

288 2912 402 2963 hujus
435 2909 539 2947 urbis
573 2916 724 2947 tantum
751 2909 821 2947 sed
847 2909 962 2947 etiam
993 2907 1173 2958 Dionysii
1208 2907 1361 2958 tyranni
1391 2907 1570 2958 exemplo
1602 2908 1763 2946 demon-

289 2978 448 3019 stratur,
464 2971 530 3023 qui
551 2970 754 3010 obsidione
775 2971 929 3010 clausus
950 2983 973 3009 a
990 2969 1391 3020 Carthaginiensibus,
1409 2983 1527 3019 quum
1549 2969 1677 3009 nullas
1695 2983 1766 3021 pes
