1870 3277
268 184 339 217 :3:52
937 176 1052 213 lSAEl

261 294 393 319 mense
411 279 694 329 Metagitnione
717 278 938 329 exspiravit;
966 290 1042 329 quo
1060 277 1176 323 facto,
1195 277 1367 328 protinus
1387 279 1434 315 ab
1453 279 1534 329 ejus
1556 291 1717 316 excessu

263 343 374 380 tertio
396 343 456 379 die
485 349 574 392 post
598 345 797 390 coeperunt
816 339 962 377 veniam
988 340 1023 376 in
1046 340 1132 390 jure
1160 346 1288 390 petere
1310 338 1559 377 hereditatem
1582 340 1718 390 Pyrrhi

263 403 443 441 adeundi.
500 402 616 452 Atqui
637 402 695 438 lex
724 400 909 451 praecipit‚
938 408 979 438 ut
1002 408 1137 452 petens
1164 399 1413 437 hereditatem
1436 399 1597 451 alicujus
1619 401 1719 438 intra

262 465 568 516 quinquennium
603 464 649 500 ab
679 463 761 512 ejus
792 474 954 499 excessu
987 475 1068 499 eam
1104 468 1222 512 petat.
1291 461 1556 498 Conveniebat
1587 462 1716 513 itaque

264 527 411 564 mulieri
430 526 650 563 alterutrum
675 524 814 568 facere,
830 531 896 561 aut
917 536 1002 560 cum
1025 523 1226 574 superstite
1247 521 1376 560 adhuc
1393 522 1520 560 Endio
1540 522 1587 559 de
1606 523 1718 573 patri·

264 590 389 626 monio
421 586 654 626 contendere
689 594 731 623 ut
766 585 837 623 sibi
870 585 940 623 soli
974 593 1235 636 competente,
1269 592 1335 622 aut
1369 584 1494 621 Endio
1527 585 1717 622 exstincto

264 651 512 688 hereditatem
536 650 617 700 ejus
644 656 786 699 petere,
813 656 857 685 ut
882 647 950 685 soli
980 647 1098 685 sorori
1119 647 1234 685 Endii
1262 647 1417 693 relictae,
1444 654 1583 698 praeter
1601 659 1715 697 quam

262 714 295 752 ei
326 714 418 751 nulli
444 713 504 751 alii
536 712 672 749 fratres
699 710 892 760 nullaeque
920 723 1070 748 sorores
1101 719 1253 753 essent;
1291 710 1499 760 praesertim
1530 709 1559 746 si
1586 721 1714 746 verum

263 775 346 821 fuit,
365 774 469 825 quod
496 774 531 811 hi
558 786 635 825 prae
663 786 702 810 se
728 772 872 817 ferunt,
895 785 979 809 eam
1000 773 1047 810 ab
1070 771 1193 809 Endio
1214 785 1282 822 pro
1303 772 1468 822 genuina
1488 778 1525 808 et
1545 770 1715 821 legitima

262 849 390 874 sorore
410 834 571 873 Xenocli
592 834 820 884 desponsam
847 841 883 870 et
912 833 949 870 in
978 845 1110 870 manus
1137 832 1316 870 traditam
1337 832 1469 869 fuisse.
1530 830 1715 868 Novimus

265 899 365 936 enim
398 898 518 949 probe
548 910 617 934 nos
647 908 796 941 omnes,
826 895 935 933 nobis
966 901 1156 946 quotquot
1185 907 1315 931 sumus
1350 895 1524 930 omnibus
1559 907 1624 944 per
1650 893 1714 943 jus

265 958 374 997 civile
395 959 524 1002 licere,
544 958 703 994 fratrum
725 955 954 994 hereditates
975 956 1011 992 in
1033 956 1117 1006 jure
1138 963 1285 1005 petere;
1317 955 1456 1004 quibus
1476 963 1602 991 autem
1621 962 1714 992 natu

267 1020 370 1058 liberi
392 1019 481 1064 sint,
503 1019 574 1056 hos
595 1018 698 1055 solos
720 1017 886 1068 gaudere
907 1016 1103 1067 privilegio
1129 1016 1218 1066 hoc,
1246 1024 1288 1053 ut
1308 1029 1436 1054 eorum
1457 1017 1558 1053 bona
1578 1015 1614 1052 in
1630 1015 1716 1065 jure

265 1089 395 1132 petere
423 1081 563 1118 nemini
584 1092 736 1130 prorsus
758 1078 883 1116 liceat.
943 1078 1091 1116 Horum
1112 1078 1159 1116 de
1183 1078 1294 1115 bonis
1314 1077 1586 1115 controversiae
1608 1076 1714 1113 locus

267 1142 421 1180 omnino
443 1142 570 1179 nullus
592 1148 669 1179 est:
700 1153 769 1178 vos
791 1140 890 1178 enim
916 1152 1051 1177 omnes
1077 1146 1227 1190 patrum
1247 1146 1458 1177 vestrorum
1487 1138 1715 1189 patrimonia

266 1205 413 1243 habetis
434 1212 471 1242 et
497 1206 631 1243 tenetis
657 1203 976 1249 incontestabilia,
1000 1210 1041 1241 et
1067 1203 1120 1241 sic
1147 1203 1378 1254 reliquorum
1400 1215 1551 1254 quoque
1577 1201 1715 1239 civium

266 1267 436 1305 omnium
456 1266 723 1317 unusquisque
750 1265 1035 1316 patrimonium,
1061 1264 1225 1315 quisque
1247 1277 1371 1310 suum,
1399 1264 1515 1301 habet
1534 1269 1717 1314 tenetque

265 1326 569 1366 incontestabile.
629 1326 681 1364 Et
700 1326 943 1364 nihilominus
964 1333 1090 1363 tamen
1111 1325 1149 1362 hi
1169 1334 1245 1363 tam
1267 1332 1358 1362 sunt
1375 1324 1581 1362 inconsulti
1601 1333 1717 1375 atque

267 1389 446 1434 audaces,
460 1388 578 1439 utjus
598 1401 709 1425 omne
730 1387 838 1424 civile
858 1386 1176 1438 praetensionibus
1197 1387 1276 1423 suis
1296 1385 1472 1424 absurdis
1492 1386 1718 1437 perturbent

266 1457 528 1501 evertantque,
550 1449 714 1493 aientes,
742 1448 926 1498 adoptato
946 1448 1100 1499 quidem
1121 1448 1199 1485 filio
1218 1448 1322 1485 haud
1342 1447 1565 1485 convenisse
1585 1453 1628 1484 ut
1646 1448 1716 1485 sibi

265 1525 334 1563 per
352 1518 620 1550 testamentum
638 1510 781 1548 donata
800 1510 835 1546 in
849 1510 935 1560 jure
952 1516 1099 1560 peteret
1114 1509 1344 1554 confirmari,
1360 1521 1429 1560 pro
1445 1508 1557 1546 Phila
1574 1515 1716 1554 autem,

266 1587 380 1625 quam
403 1574 511 1611 aiunt
529 1585 552 1611 a
568 1572 713 1622 Pyrrho
730 1571 845 1609 filiam
868 1571 1069 1621 genuinam
1092 1584 1176 1608 esse
1195 1570 1383 1615 relictam,
1401 1583 1442 1608 se
1456 1576 1558 1608 recte
1579 1583 1720 1608 conve-

265 1634 493 1685 nienterque
512 1633 801 1671 contentionem
820 1632 856 1669 in
880 1632 960 1669 foro
988 1644 1102 1682 super
1120 1631 1334 1669 hereditate
1361 1631 1394 1669 ei
1416 1644 1438 1668 a
1457 1636 1566 1682 patre
1586 1631 1720 1669 relicta

268 1708 485 1747 capessere.
542 1693 723 1745 Atqui—
736 1700 850 1745 prout
871 1693 985 1744 paulo
1007 1700 1096 1731 ante
1116 1693 1305 1731 docebam
1319 1693 1600 1745 —quicunque
1620 1693 1716 1731 libe-

266 1770 329 1795 ros
359 1771 406 1795 ex
434 1770 475 1795 se
503 1756 673 1807 legitime
699 1763 811 1794 natos
838 1755 1072 1806 reliquerint,
1101 1767 1231 1793 eorum
1264 1755 1372 1793 liberi
1404 1754 1508 1792 haud
1539 1762 1719 1793 tenentur

265 1820 367 1857 bona
381 1825 539 1870 paterna
559 1818 595 1855 in
610 1818 698 1869 jure
717 1824 867 1868 petere:
897 1817 927 1854 si
942 1817 1004 1867 qui
1024 1823 1148 1854 autem
1171 1830 1238 1868 per
1256 1822 1528 1855 testamentum
1546 1817 1716 1869 adoptati

267 1881 423 1926 fuerint,
443 1880 529 1918 illos
551 1886 703 1931 oportet
723 1892 877 1930 operam
897 1878 989 1916 dare
1009 1886 1052 1916 ut
1070 1880 1172 1916 bona
1193 1878 1263 1916 sibi
1290 1879 1420 1929 legata
1438 1891 1461 1916 a
1481 1878 1674 1929 judicibus
1694 1892 1715 1917 e

266 1941 536 1993 formulajuris
558 1939 837 1992 adjudicentur.
893 1940 976 1978 Illis
996 1940 1110 1986 enirn,
1131 1940 1221 1991 quia
1239 1948 1332 1977 natu
1354 1940 1461 1978 liberi
1481 1947 1584 1987 sunt,
1602 1954 1716 1979 nemo

265 2004 378 2043 facile
408 2003 706 2042 controversiam
739 2002 788 2040 de
823 2002 935 2040 bonis
974 2002 1140 2053 paternis
1173 2001 1349 2044 moverit;
1398 2014 1484 2038 cum
1523 2001 1715 2053 adoptatis

265 2073 394 2103 autem
426 2065 581 2116 cognati
614 2077 747 2102 omnes
776 2063 841 2115 jus
872 2063 1130 2102 contendendi
1160 2062 1299 2100 habere
1327 2062 1535 2113 postulant.
1592 2064 1717 2115 Super

264 2127 540 2165 hereditatibus
560 2127 689 2176 itaque
709 2138 758 2164 ne
777 2139 799 2164 a
817 2139 1046 2177 quocunque
1062 2125 1295 2163 contendere
1311 2124 1464 2163 volente
1483 2125 1568 2163 lites
1587 2137 1715 2163 move-

264 2195 409 2232 rentur,
438 2194 477 2225 et
501 2200 547 2224 ne
575 2194 706 2224 essent
727 2187 791 2237 qui
816 2186 1051 2225 hereditates
1074 2185 1190 2224 veluti
1220 2185 1414 2223 desolatas
1441 2185 1511 2223 sibi
1540 2192 1715 2237 peterent

263 2250 489 2302 adjudicari,
517 2256 718 2301 propterea
747 2249 841 2287 dant
875 2249 1048 2300 adoptati
1074 2261 1208 2286 omnes
1235 2260 1390 2299 operam
1416 2255 1459 2285 ut
1487 2248 1559 2286 sibi
1585 2249 1715 2299 legata

262 2312 427 2350 formula
440 2311 535 2362 juris
556 2310 824 2358 adjudicentur
844 2317 961 2361 atque
980 2310 1264 2348 confirmentur.
1316 2309 1439 2347 Nemo
1453 2309 1533 2360 jam
1547 2317 1714 2348 vestrum
1733 2307 1735 2310 ⁸

264 2374 448 2419 omnium,
466 2372 631 2423 judices,
659 2371 866 2418 existimet,
893 2371 1122 2417 Xenoclem,
1142 2371 1172 2409 si
1193 2383 1279 2409 vere
1300 2384 1526 2422 persuasum
1553 2371 1622 2409 sibi
1647 2371 1715 2409 ha-

262 2435 412 2473 buisset
431 2447 586 2472 uxorem
613 2445 721 2470 suam
748 2432 916 2483 legitime
940 2440 1069 2470 natam
1097 2446 1196 2478 esse,
1221 2445 1289 2483 pro
1309 2445 1354 2470 ea
1373 2445 1487 2484 super
1504 2431 1714 2471 hereditate

260 2497 380 2548 ipsius
414 2502 573 2548 paterna
604 2494 888 2533 contentionem
924 2494 1115 2532 forensem
1146 2495 1265 2533 fuisse
1299 2501 1578 2545 suscepturum.
1649 2494 1714 2532 Nil

262 2559 402 2597 minus.
460 2557 556 2595 Filia
575 2556 745 2607 legitime
764 2563 855 2593 nata
873 2556 903 2593 si
923 2556 1073 2600 fuisset,
1100 2556 1217 2594 tacita
1238 2556 1274 2593 in
1295 2557 1393 2593 bona
1414 2563 1573 2604 paterna
1592 2555 1714 2594 immi-

262 2626 426 2670 grasset,
445 2631 569 2670 eaque
591 2617 621 2655 si
641 2617 725 2668 quis
753 2617 806 2654 illi
832 2616 998 2654 adimere
1028 2623 1188 2654 conatus
1214 2623 1316 2654 esset
1343 2623 1410 2653 aut
1435 2628 1474 2653 se
1494 2629 1561 2667 per
1580 2616 1654 2654 vim
1675 2617 1714 2654 in

262 2694 307 2718 ea
327 2681 514 2731 ingerere,
543 2692 630 2718 eum
655 2679 746 2716 inde
771 2678 807 2716 vi
835 2690 1028 2728 manuque
1058 2677 1274 2726 dejecisset,
1302 2677 1496 2728 homoque
1525 2679 1713 2726 eiusmodi

262 2741 482 2779 violentiam
503 2753 618 2779 ausus
639 2753 714 2778 non
729 2740 895 2791 privatas
912 2739 1153 2778 solummodo
1170 2739 1255 2777 lites
1272 2738 1428 2777 haberet
1443 2740 1713 2786 decertandas,

262 2816 393 2841 verum
414 2803 528 2840 etiam
548 2801 652 2853 apud
680 2802 901 2840 archontem
929 2814 1017 2839 reus
1045 2801 1106 2852 agi
1135 2801 1241 2838 laesae
1266 2801 1474 2852 majestatis
1495 2809 1624 2852 posset
1641 2816 1711 2841 ceu

262 2865 432 2902 turbator
452 2864 556 2914 pacis
583 2863 747 2914 publicae
770 2870 810 2902 et
834 2864 871 2902 in
893 2863 1096 2902 discrimen
1122 2862 1332 2901 incurreret
1358 2863 1556 2902 amittendi
1575 2863 1713 2915 capitis

260 2927 573 2974 fortunarumque
593 2925 774 2963 omnium.
