1870 3277
483 173 553 209 DE
584 173 932 211 DICAEOGENIS
964 174 1333 214 HEREDITATE.
1550 180 1624 216 5353

179 280 326 320 civibus
355 282 403 320 ad
433 283 575 322 bellum
605 285 869 324 sustinendum
898 285 1107 336 patriaeque
1145 286 1306 325 salutem
1335 288 1532 335 tuendam,
1563 289 1623 327 hic

179 354 276 380 unus
301 343 555 395 Dicaeogenes
584 358 631 382 ne
657 347 774 384 semel
795 345 948 396 quidem
969 346 1171 397 quicquam
1197 349 1386 392 contulit3
1416 350 1487 387 nisi
1507 350 1623 401 quod,

177 415 262 440 cum
284 404 487 444 Lechaeum
508 414 721 458 caperetur,
741 414 967 458 provocatus
990 409 1037 446 ab
1058 409 1139 446 aliis
1167 409 1359 459 pollicitus
1383 418 1442 449 est
1466 412 1503 449 in
1529 425 1620 450 con-

174 465 283 504 cione
302 468 545 506 audientibus
562 469 737 507 omnibus
755 482 795 507 se
810 475 1001 507 trecentas
1020 469 1234 514 drachmas,
1251 471 1376 508 minus
1392 472 1488 509 adeo
1504 486 1617 522 quam

175 526 410 578 Cleonymus
440 530 635 568 Cretensis
667 529 786 575 dedit,
816 543 901 567 esse
934 530 1135 568 daturum:
1166 537 1205 568 et
1233 530 1306 569 hoc
1338 531 1460 581 ipsum
1491 539 1617 571 tamen

175 587 332 635 donum,
354 590 457 640 quod
483 590 671 641 pollicitus
698 597 769 635 est,
794 591 1015 640 gratuitum,
1037 604 1112 629 non
1139 591 1329 642 praestitit,
1351 592 1419 629 sed
1445 594 1617 643 turpissi-

173 661 236 687 ma
251 650 297 688 de
315 663 433 688 causa
447 650 631 702 pependit
644 654 724 699 ejus
741 664 878 689 nomen
900 652 1001 704 apud
1018 653 1241 705 Eponymos
1262 653 1299 690 in
1319 653 1449 691 tabula
1464 654 1618 704 publica

171 711 440 761 proscriptum,
462 719 503 748 ut
531 712 746 763 impostoris
769 719 807 751 et
827 714 914 751 vani
942 714 1117 761 hominis,
1139 715 1216 765 qui,
1236 728 1350 765 quam
1376 715 1614 766 largitionem

170 771 220 809 ad
237 772 395 810 salutem
418 773 549 823 patriae
571 773 753 812 tuendam
775 781 910 825 sponte
927 788 995 812 sua
1012 775 1201 826 pollicitus
1217 776 1362 821 fuisset,
1379 789 1462 814 eam
1478 789 1516 814 re
1533 776 1614 827 ipsa

170 844 246 869 non
272 833 524 882 praestitisset.
583 833 659 877 Qui
681 834 763 884 jam
787 835 998 872 mirandum
1020 835 1080 881 sit,
1101 848 1160 873 me
1180 835 1243 886 qui
1266 849 1363 873 unus
1383 836 1452 873 sim
1472 837 1518 874 ab
1538 836 1612 874 hoc

167 892 398 943 Dicaeogene
423 894 629 944 deceptum
658 907 756 939 esse,
777 895 841 945 qui
870 896 949 946 pari
980 896 1094 933 modo
1114 909 1182 933 vos
1203 909 1356 946 quoque
1382 903 1542 934 cunctos
1574 898 1612 935 in

164 954 384 992 concionem
405 967 633 1005 congressos
652 955 873 1004 deceperit?
916 956 1040 993 Etiam
1058 955 1170 1006 hujus
1191 956 1244 993 rei
1266 963 1385 994 testes
1406 957 1610 1007 praestabo.

781 1058 992 1096 TESTES.

216 1137 252 1172 8.
283 1136 326 1173 In
357 1149 475 1187 remp.
496 1150 587 1187 ergo
615 1137 869 1187 Dicaeogenes
897 1137 969 1174 hoc
996 1143 1107 1187 pacto
1135 1143 1172 1174 et
1199 1143 1274 1174 tarn
1298 1138 1499 1188 magnifice
1523 1151 1545 1176 e
1568 1138 1605 1176 re

161 1203 239 1233 tam
267 1196 373 1234 lauta
401 1199 596 1248 erogavit:
631 1212 723 1249 erga
750 1198 987 1236 necessarios
1017 1204 1145 1236 autem
1174 1211 1261 1235 eum
1296 1211 1336 1235 se
1366 1199 1464 1248 gerit
1491 1212 1604 1249 quem

161 1258 318 1303 videtis3
349 1272 435 1297 narn
461 1260 555 1298 alios
583 1267 755 1298 nostrum
784 1260 944 1298 fortunis
971 1260 1147 1305 exuebat,
1167 1259 1286 1310 copiis
1307 1266 1345 1297 et
1364 1261 1488 1310 gratia
1507 1274 1604 1311 prae·

159 1320 320 1371 pollens,
347 1321 441 1358 alios
470 1335 583 1371 aequo
613 1322 738 1359 animo
769 1322 914 1360 ferebat
945 1322 993 1359 ob
1020 1322 1218 1372 penuriam
1245 1320 1367 1359 victus
1394 1321 1604 1371 quotidiani

158 1393 317 1431 peregre
333 1381 522 1431 proficisci
537 1382 585 1419 ad
601 1382 881 1433 capessendum
899 1381 1066 1419 militiam
1085 1380 1370 1418 mercenariam.
1417 1382 1606 1420 Viderunt

157 1455 288 1480 omnes
306 1449 462 1480 matrem
479 1443 561 1494 ejus
576 1442 613 1480 in
630 1443 719 1481 fano
737 1443 900 1494 Ilithyiae
915 1442 1124 1486 sedentem,
1140 1455 1226 1480 cum
1242 1441 1344 1479 hunc
1361 1442 1478 1479 filium
1493 1455 1604 1480 suum

158 1504 305 1542 infandi
331 1504 484 1542 sceleris
508 1504 546 1541 in
570 1517 611 1542 se
636 1504 829 1542 commissi
851 1504 1056 1549 incusaret,
1077 1504 1181 1553 quod
1203 1503 1329 1541 scelus
1349 1503 1410 1541 vel
1431 1516 1497 1541 ore
1516 1516 1603 1554 pro-

156 1565 249 1603 ferre
265 1566 512 1610 verecundor,
526 1579 745 1617 quanquam
759 1566 865 1604 illum
879 1566 1033 1616 quidem
1054 1572 1201 1603 tantum
1219 1565 1345 1603 scelus
1362 1565 1601 1604 committere

156 1626 207 1663 nil
237 1627 386 1678 puduit.
443 1627 599 1665 Melane
620 1627 800 1678 AEgyptio
825 1640 912 1665 cum
937 1633 1038 1664 esset
1057 1639 1080 1663 a
1099 1638 1216 1676 puero
1239 1626 1472 1664 familiariter
1492 1639 1599 1669 usus,

153 1686 267 1726 habet
293 1701 395 1726 nunc
420 1689 584 1726 eundem
607 1688 800 1726 Melanem
826 1688 897 1726 sibi
921 1687 1233 1732 inimicissimum,
1256 1687 1340 1724 ideo
1360 1686 1465 1737 quod
1485 1699 1600 1738 pecu-

152 1749 253 1787 niam
281 1750 328 1787 ab
355 1750 420 1788 illo
448 1757 579 1788 mutuo
607 1756 799 1801 sumptam
826 1762 902 1787 non
929 1749 1078 1786 reddit:
1109 1748 1354 1799 reliquorum,
1374 1747 1405 1785 si
1423 1747 1489 1798 qui
1512 1761 1598 1786 cum

149 1823 196 1848 eo
215 1812 519 1858 consuevissent,
538 1812 600 1850 alii
620 1825 696 1850 non
716 1818 990 1863 recuperarunt
1013 1824 1187 1849 nummos
1217 1810 1288 1862 ipsi
1315 1816 1447 1848 mutuo
1472 1810 1595 1855 datos,

151 1872 213 1909 alii
227 1872 378 1924 decepti
393 1880 483 1911 sunt
497 1874 544 1911 ab
562 1886 607 1911 eo
620 1887 696 1911 non
713 1880 918 1924 praestante
933 1885 979 1911 ea
993 1885 1080 1922 quae
1096 1886 1137 1910 se
1153 1872 1329 1909 daturum
1346 1871 1596 1922 promisisset,

150 1933 182 1970 si
212 1933 496 1983 quiescentibus
526 1934 619 1985 ipsis
653 1934 903 1972 hereditatem
934 1933 970 1970 in
997 1933 1083 1984 jure
1114 1933 1271 1983 petitam
1308 1932 1594 1983 adipisceretur.

150 1995 280 2033 Nostri
305 2003 432 2034 autem
458 1996 637 2047 majores,
658 2010 680 2034 0
701 1997 869 2048 judices,
889 1996 952 2045 qui
976 1997 1078 2033 bona
1097 1995 1206 2033 istaec
1226 2007 1328 2031 nunc
1348 2001 1595 2032 controversa

147 2057 384 2107 reliquerunt
398 2057 535 2095 sudore
552 2071 620 2095 suo
635 2065 760 2108 parta,
775 2056 889 2094 nullis
908 2069 982 2094 non
1003 2055 1274 2106 choregatibus
1296 2054 1465 2093 defuncti
1488 2062 1593 2100 sunt,

147 2118 404 2169 pecuniasque
423 2118 721 2169 quamplurimas
748 2118 797 2156 ad
822 2130 938 2155 onera
964 2116 1053 2154 belli
1078 2115 1305 2167 perferenda
1331 2115 1591 2161 contulerunt,

146 2192 269 2230 neque
297 2185 448 2231 tempus
486 2179 605 2217 ullum
636 2179 785 2217 vacavit
822 2179 988 2229 ipsorum
1024 2176 1346 2215 trierarchatibus.
1418 2176 1593 2220 Quorum

145 2241 376 2279 documenta
393 2248 482 2279 sunt
502 2241 660 2279 donaria
679 2241 726 2278 ab
747 2240 820 2277 illis
848 2240 885 2277 in
909 2239 1005 2277 fanis
1033 2239 1205 2284 deorum,
1227 2251 1274 2275 ex
1301 2251 1346 2275 eo
1368 2237 1472 2288 quod
1499 2237 1591 2288 ipsis

147 2302 194 2340 de
221 2303 446 2341 necessariis
474 2303 654 2353 impensis
681 2301 916 2339 redundaret
937 2301 1131 2345 dedicata,
1152 2312 1228 2351 quo
1249 2306 1493 2338 monumenta
1513 2312 1592 2336 suae

145 2363 292 2401 virtutis
321 2370 470 2407 essent;
510 2364 690 2414 tripodes,
721 2362 784 2400 alii
812 2363 849 2399 in
879 2362 1022 2413 templo
1057 2361 1200 2400 Bacchi
1237 2360 1464 2406 consecrati,
1492 2372 1589 2409 quos

143 2424 325 2476 tripodas,
348 2424 502 2474 choregi
522 2438 607 2462 cum
628 2430 771 2470 essent,
793 2423 947 2475 praemia
971 2430 1009 2461 et
1035 2429 1284 2461 monumenta
1301 2421 1480 2465 victoriae,
1500 2421 1589 2458 abs-

144 2486 324 2531 tulerant,
344 2485 406 2523 alii
433 2486 468 2522 in
497 2485 638 2536 templo
666 2485 793 2536 Pythii
813 2484 1002 2536 Apollinis
1030 2483 1192 2534 Delphis
1221 2482 1462 2520 consecrati:
1493 2495 1588 2532 prae-

143 2554 247 2584 terea
266 2559 420 2597 quoque
439 2547 476 2584 in
498 2559 586 2585 arce
608 2545 810 2597 [Athenis]
832 2545 1014 2596 primitias
1040 2545 1276 2582 fortunarum
1303 2548 1588 2588 consecrarunt,

142 2607 272 2645 fanum
291 2608 393 2659 quod
412 2608 461 2646 ibi
481 2615 539 2646 est
560 2608 744 2645 Minervae
764 2606 977 2645 simulacris
994 2606 1187 2654 aeneisque
1208 2603 1407 2653 saxeisque
1427 2616 1588 2642 numero

144 2667 286 2713 multis,
305 2675 347 2706 ut
364 2682 384 2707 e
404 2682 442 2707 re
462 2669 635 2706 familiari
652 2668 812 2719 privata,
829 2672 1074 2705 exornarunt.
1133 2664 1211 2715 Ipsi
1231 2670 1358 2701 autem
1379 2676 1447 2714 pro
1464 2665 1589 2714 patria

144 2730 326 2768 micantes
341 2733 614 2778 occubuerunt,
630 2731 885 2780 Dicaeogenes
901 2728 1054 2779 quidem
1072 2725 1289 2770 Menexeni‚
1302 2725 1360 2763 avi
1377 2725 1450 2763 mei
1465 2732 1586 2776 pater,

141 2791 299 2841 strategi
315 2804 401 2828 cum
419 2791 604 2842 dignitate
619 2792 720 2844 apud
738 2790 969 2834 Eleusinem,
989 2788 1227 2826 Menexenus
1245 2793 1371 2824 autem
1387 2787 1483 2824 filius
1500 2789 1584 2838 ejus

141 2850 339 2902 phylarchi
358 2859 482 2902 partes
502 2866 636 2904 gerens
656 2854 712 2904 [h.
735 2866 770 2890 e.
792 2850 958 2901 magistri
979 2849 1049 2887 aloe
1070 2848 1272 2899 equestris]
1298 2848 1399 2899 apud
1427 2849 1583 2899 Sparto-

140 2912 216 2950 lum
237 2913 272 2950 in
290 2920 387 2952 terra
406 2913 659 2964 Odrysarum,
684 2915 937 2963 Dicaeogenes
957 2918 1082 2950 autem
1108 2910 1220 2959 hujus
1251 2910 1454 2948 Menexeni
1483 2910 1581 2947 filius

822 2976 843 3009 2
875 2986 894 3009 z
