1870 3277
658 197 1138 236 PANATHENAICUS.
1561 202 1628 236 171

174 312 306 336 omnes
340 289 728 351 recensere⁸injurias
764 301 901 351 quibus
939 298 1146 336 multitudo
1177 298 1349 345 afficitur,
1381 300 1472 350 quin
1509 300 1634 351 potius

174 360 342 397 maximo
373 361 474 398 malo
502 361 651 412 prolato
680 367 822 399 caetera
849 361 964 397 missa
992 359 1184 397 facimus?
1232 360 1330 397 Nam
1358 374 1489 398 eorum
1510 361 1576 412 qui
1597 367 1637 399 et

174 423 221 459 ab
246 422 353 459 initio
378 428 504 460 tantas
533 423 761 460 acerbitates
787 421 961 472 perpessi
982 428 1085 466 sunt,
1106 427 1144 458 et
1164 421 1213 457 ad
1232 421 1389 470 quasvis
1409 422 1637 459 occasiones

174 495 328 533 operam
350 484 400 522 ita
422 492 617 522 strenuam
640 490 795 529 navant,
811 483 965 534 ephoris
981 482 1070 519 licet
1086 481 1230 520 indicta
1245 495 1365 520 causa
1383 490 1441 520 tot
1461 484 1636 522 occidere

170 550 269 594 quot
296 545 444 582 libitum
477 545 530 582 eis
559 545 690 582 fuerit:
722 558 808 595 quae
834 544 989 594 quidem
1022 544 1268 593 sanguinaria
1294 544 1502 582 crudelitas
1532 545 1635 596 apud

173 613 335 643 caeteros
367 606 527 643 Graecos
556 605 741 642 nefarium
776 605 899 643 scelus
926 604 1103 654 habetur,
1131 604 1160 641 si
1197 605 1254 642 vel
1289 606 1325 642 in
1358 605 1636 656 perditissimos

174 678 304 703 servos
327 674 563 703 exerceatur.

226 730 289 764 74.
321 728 381 765 De
411 728 687 778 Spartanorum
715 735 844 766 autern
880 729 915 765 in
945 728 1050 766 cives
1080 729 1169 766 olim
1195 742 1286 766 suos
1315 729 1464 768 saevitia
1483 736 1522 767 et
1549 742 1637 780 pec-

174 788 321 827 catisin
344 802 408 826 eos
432 789 611 827 admissis
627 789 712 827 ideo
732 790 905 840 pluribus
927 790 1104 835 disserui,
1124 797 1167 827 ut
1187 790 1463 841 interrogarem
1483 804 1550 829 eos
1570 791 1636 841 qui

172 850 273 887 facta
289 850 439 887 illorum
461 851 588 888 omnia
607 851 786 901 probant,
809 865 897 888 num
914 853 1030 889 etiam
1049 852 1132 889 haec
1150 852 1321 898 laudent,
1339 860 1378 890 et
1396 853 1528 904 praelia
1547 866 1633 890 curn

172 910 254 948 istis
289 919 399 961 gesta
425 912 488 961 pia
521 919 637 962 atque
671 912 859 962 praeclara
887 919 1037 962 putent.
1097 913 1183 963 Ego
1214 913 1369 963 quidem
1406 927 1546 965 magna
1571 914 1637 951 illa

171 973 346 1010 existimo
369 974 488 1011 fuisse
509 981 546 1011 et
564 975 715 1020 acerba,
737 988 824 1024 quae
846 981 886 1011 ut
905 975 1013 1012 victis
1033 975 1207 1026 ingentia
1230 977 1329 1013 mala
1350 976 1403 1014 sic
1425 976 1635 1014 victoribus

171 1034 431 1072 emolumenta
466 1035 629 1086 plurima
662 1048 858 1085 peperere,
886 1043 1040 1087 propter
1079 1050 1166 1087 quae
1207 1037 1269 1074 isti
1307 1037 1411 1075 bella
1447 1046 1635 1088 perpetuo

171 1103 324 1147 gerunt,
345 1096 413 1134 sed
435 1110 559 1147 neque
583 1104 719 1134 sancta
741 1110 865 1147 neque
886 1097 1048 1134 honesta
1069 1111 1196 1147 neque
1222 1098 1363 1136 deeora
1383 1099 1427 1136 iis
1449 1099 1514 1149 qui
1535 1112 1634 1150 prae-

171 1158 349 1195 stantiam
370 1158 472 1195 illam
488 1158 557 1196 sibi
573 1158 793 1205 vendicant,
810 1172 886 1196 non
905 1173 992 1208 quae
1009 1160 1045 1196 in
1064 1160 1207 1197 artibus
1223 1167 1261 1197 et
1276 1162 1406 1198 multis
1422 1161 1505 1199 aliis
1520 1163 1635 1200 rebus

171 1219 226 1256 sic
247 1219 397 1265 dicitur,
417 1220 482 1257 sed
503 1233 605 1257 verae
627 1220 790 1267 virtutis,
805 1234 892 1271 quae
910 1221 998 1258 viris
1014 1222 1125 1259 bonis
1141 1230 1180 1260 et
1199 1222 1372 1261 honestis
1387 1237 1476 1261 cum
1494 1224 1636 1274 pietate

171 1287 211 1317 et
229 1280 381 1330 justitia
400 1280 438 1317 in
460 1281 594 1318 animis
614 1282 836 1327 innascitur,
860 1282 908 1320 de
928 1296 1004 1333 qua
1025 1284 1148 1320 omnis
1169 1285 1291 1322 oratio
1311 1292 1384 1322 est,
1443 1286 1531 1329 Qua
1550 1286 1635 1335 qui-

170 1341 258 1379 dam
277 1342 456 1391 neglecta
474 1355 539 1379 eos
562 1342 723 1380 laudant
735 1343 799 1392 qui
817 1344 928 1393 plura
946 1357 1061 1394 quam
1084 1345 1145 1382 alii
1163 1352 1323 1395 peccata
1344 1352 1635 1392 contraxerunt,

171 1416 241 1441 nec
262 1403 573 1441 animadvertunt
593 1417 632 1441 se
661 1411 827 1441 mentem
848 1418 955 1442 suam
977 1406 1121 1456 aperire
1150 1420 1194 1444 ac
1216 1406 1312 1443 illud
1331 1408 1509 1457 prodere,
1529 1409 1636 1458 quod

169 1478 234 1503 eos
253 1465 367 1502 etiam
384 1465 575 1503 laudaturi
593 1466 667 1503 sint
687 1467 751 1516 qui
773 1467 947 1504 maximis
969 1467 1125 1518 quidem
1145 1469 1279 1518 opibus
1300 1469 1485 1519 polleant,
1507 1471 1577 1508 sed
1599 1479 1637 1508 et

169 1527 305 1564 fratres
329 1540 420 1564 suos
443 1534 481 1564 et
500 1527 645 1565 amicos
673 1535 711 1565 et
731 1529 857 1566 socios
879 1529 1054 1567 occidere
1075 1543 1152 1567 non
1178 1530 1398 1569 dubitarent
1417 1539 1460 1569 ut
1484 1532 1635 1570 illorum

170 1602 324 1639 quoque
354 1590 520 1640 pecunia
544 1591 781 1640 potirentur:
812 1604 902 1628 nam
929 1591 1021 1628 talia
1047 1591 1220 1629 facinora
1247 1592 1384 1630 similia
1407 1600 1497 1630 sunt
1524 1593 1636 1632 factis

175 1650 465 1700 Spartanorum,
486 1664 571 1700 quae
602 1651 667 1701 qui
695 1652 871 1702 probant,
894 1664 961 1689 eos
986 1666 1146 1691 necesse
1166 1659 1228 1690 est
1253 1653 1352 1690 idem
1380 1655 1429 1692 de
1457 1655 1502 1692 iis
1523 1656 1636 1694 etiam

174 1711 316 1749 sentire
336 1725 424 1761 quae
440 1712 556 1749 modo
577 1713 976 1751 commemoravimus.

224 1776 289 1811 75.
322 1774 443 1811 Miror
461 1782 589 1811 autem
610 1775 639 1812 si
659 1775 723 1824 qui
745 1782 835 1813 sunt
853 1776 920 1825 qui
939 1776 1071 1827 praelia
1092 1786 1129 1814 et
1152 1777 1331 1815 victorias
1352 1785 1490 1828 praeter
1504 1782 1570 1827 jus
1597 1789 1635 1817 et
1665 1785 1667 1789 ’

171 1850 326 1886 aequum
348 1843 494 1886 partas,
524 1849 598 1872 non
620 1849 705 1874 esse
726 1837 916 1886 turpiores
942 1845 981 1875 et
1011 1838 1183 1889 pluribus
1208 1840 1355 1889 probris
1377 1848 1525 1878 scatere
1545 1854 1637 1878 cen-

170 1904 281 1936 seant
300 1910 415 1947 quam
443 1897 576 1935 clades
604 1897 685 1935 sine
716 1898 868 1948 ignavia
886 1907 1085 1950 acceptas,
1111 1902 1323 1950 praesertim
1352 1914 1470 1952 quum
1500 1902 1637 1949 sciant,

169 1973 332 2010 magnos
365 1959 556 1997 exercitus
591 1959 763 2009 quamvis
803 1960 1010 1998 sceleratos
1044 1974 1147 2011 saepe
1182 1962 1397 2012 superiores
1431 1975 1516 2000 esse
1549 1963 1638 2002 viris

170 2021 342 2059 honestis
360 2021 422 2071 qui
445 2033 513 2071 pro
532 2021 656 2071 patria
676 2034 849 2071 pugnare
866 2034 942 2059 non
964 2022 1159 2059 dubitant.
1217 2023 1326 2066 Quos
1348 2023 1468 2061 multo
1488 2024 1636 2062 laudari

164 2083 309 2134 justius
330 2089 389 2119 est
409 2095 522 2129 quam
544 2095 610 2119 eos
638 2082 703 2131 qui
726 2082 935 2120 alienarum
958 2096 1073 2133 opum
1097 2083 1309 2134 cupiditate
1337 2091 1498 2121 mortem
1519 2098 1637 2136 oppe—

173 2152 252 2182 tere
272 2157 349 2181 non
376 2150 572 2187 recusant,
596 2143 846 2181 conductitiis
873 2144 1055 2182 militibus
1077 2145 1244 2182 similes:
1276 2158 1365 2182 nam
1391 2145 1476 2183 heec
1497 2146 1638 2197 impro-

169 2208 307 2245 borum
333 2205 531 2243 hominum
565 2218 683 2256 opera
716 2213 829 2249 sunt3
872 2207 975 2256 quod
1011 2219 1098 2244 vero
1129 2206 1218 2245 boni
1254 2207 1320 2244 viri
1356 2221 1637 2259 nonnunquam

169 2268 359 2306 infelicius
373 2280 488 2317 quam
505 2267 570 2317 qui
592 2267 751 2304 student
770 2267 917 2318 injuriis
940 2268 1150 2306 inferendis
1168 2268 1402 2318 praeliantur,
1420 2269 1458 2307 id
1480 2271 1637 2308 incuria»

171 2330 334 2367 deorum
355 2329 530 2366 fortassis
551 2335 610 2365 est
629 2328 890 2365 tribuendum.
952 2329 1002 2365 Et
1025 2329 1097 2367 hac
1119 2329 1264 2367 ratione
1288 2330 1342 2367 uti
1363 2343 1499 2380 queam
1522 2333 1636 2369 etiam

171 2391 218 2429 de
250 2390 470 2428 calamitate
502 2402 615 2439 quam
652 2390 832 2440 Spartani
867 2390 917 2428 ad
943 2390 1222 2441 Thermopylas
1249 2400 1495 2442 acceperunt,
1523 2406 1635 2443 quam

170 2452 392 2504 quicunque
409 2451 637 2489 audiverunt
652 2451 812 2488 laudant
827 2465 961 2489 omnes
975 2458 1014 2489 et
1028 2451 1217 2489 mirantur
1238 2453 1357 2502 magis
1374 2466 1488 2501 quani
1506 2454 1636 2503 praelia

171 2521 210 2551 et
230 2513 405 2551 victorias
422 2513 562 2563 quibus
584 2512 794 2549 adversarii
815 2513 969 2562 quidem
991 2513 1175 2563 superati,
1193 2514 1260 2550 sed
1276 2520 1315 2550 et
1335 2513 1387 2550 illi
1408 2514 1640 2553 violatisunt

170 2587 267 2624 quos
285 2574 436 2610 minime
456 2574 678 2623 oportebat;
708 2581 748 2610 et
769 2581 859 2611 sunt
876 2582 1004 2612 tamen
1018 2575 1082 2624 qui
1106 2588 1151 2612 ea
1169 2575 1330 2612 laudare
1351 2588 1427 2612 non
1442 2575 1638 2627 dubitent,

172 2635 293 2686 ignari
319 2635 496 2672 nimirum
528 2634 621 2671 nihil
643 2647 768 2684 neque
797 2643 975 2673 sanctum
1007 2648 1130 2685 neque
1159 2635 1363 2672 honestum
1392 2649 1480 2674 esse
1506 2650 1637 2676 eorum

172 2710 262 2747 quae
289 2697 383 2734 citra
396 2696 583 2747 justitiam
605 2703 643 2733 et
670 2696 849 2733 dicantur
869 2704 907 2733 et
939 2697 1046 2734 fiant.
1106 2697 1204 2739 Quae
1230 2709 1288 2733 res
1309 2698 1511 2747 Spartanis
1540 2713 1637 2738 nun-

174 2771 289 2808 quam
316 2771 418 2795 curae
438 2757 617 2795 fuerunt:
650 2757 742 2795 nihil
765 2758 865 2795 enim
887 2757 990 2795 aliud
1017 2766 1179 2808 Spectat}
1201 2757 1289 2795 tnisi
1311 2766 1352 2796 ut
1371 2759 1498 2798 aliena
1521 2774 1635 2811 quani

173 2819 338 2870 plurima
353 2827 557 2869 occupent.

228 2881 291 2917 76.
323 2879 453 2917 Nostri
481 2888 609 2918 autem
640 2881 732 2918 nihil
758 2881 926 2919 omnium
959 2894 1080 2918 rerum
1112 2881 1163 2920 ita
1192 2883 1474 2932 expetiverunt,
1497 2887 1567 2924 nisi
1600 2896 1636 2925 ut

175 2941 278 2992 apud
299 2940 457 2979 Graecos
479 2941 598 2992 gloria
617 2942 826 2980 florerent:
857 2942 1118 2980 existimantes
1148 2943 1294 2983 nullum
1317 2958 1429 2995 posse
1448 2946 1635 2996 judiciuin
