1870 3277
231 170 306 207 244
827 169 1110 207 lsocle'ris

229 270 298 308 sed
325 270 401 308 illis‘
427 270 519 321 ipsis
548 270 664 310 etiam
694 271 779 322 plus
808 284 937 322 posse,
958 279 1085 310 tamen
1115 271 1253 317 noluit,
1273 283 1318 310 ac
1338 271 1464 321 potius
1484 281 1571 308 esse
1592 267 1702 306 duxit

228 331 374 383 injuriis
399 345 423 371 a
447 333 602 372 civitate
628 333 729 372 affici
754 346 869 383 (piam
893 333 1083 384 rempubl.
1106 333 1280 384 prodere.
1339 333 1467 382 Atque
1487 331 1586 376 haec,
1606 330 1699 368 dum

228 406 381 432 summa
408 406 533 435 rerum
562 394 691 433 adhue
719 407 837 445 penes
861 394 1044 444 populum
1067 402 1184 439 esset,
1207 393 1440 444 persuadere
1459 391 1565 430 vobis
1587 403 1700 429 nemo

227 455 442 506 potuisset:
474 470 578 495 nunc
606 458 719 494 facto:
749 456 960 494 seditiones
987 456 1188 506 perspicue
1216 454 1323 492 vobis
1349 453 1615 498 ostenderunt,
1636 451 1701 502 qui

226 516 448 568 populares,
464 519 530 568 qui
548 517 784 567 oligarchici,
800 517 864 567 qui
883 518 1056 556 neutrius
1073 524 1199 555 status
1221 522 1463 568 appetenteS,
1480 516 1545 564 qui
1566 514 1704 551 utrius-

228 590 303 629 que
333 578 462 628 cupidi
492 579 646 618 fuerint.
707 579 807 616 Nam
839 578 872 615 in
903 579 947 618 iis
973 579 1227 617 seditionibus
1256 579 1312 616 bis
1341 592 1363 615 a
1384 577 1520 616 vestris
1540 575 1704 612 inimicis

228 639 368 691 pulsus
395 648 479 678 est:
512 653 557 678 ac
583 641 619 678 iu
649 641 786 692 priore,
813 653 933 691 quum
963 641 1124 692 primum
1158 654 1244 678 eum
1276 639 1544 684 removissent,
1572 636 1704 688 populi

228 715 297 753 per
326 715 393 740 eos
427 710 618 753 prostrata
651 710 712 741 est
744 702 968 748 auctoritas,
998 703 1035 740 in
1064 703 1276 754 posteriore
1309 702 1439 740 statim
1471 706 1560 751 post
1587 697 1702 737 vestri

228 764 519 815 oppressionem
540 765 683 815 primus
703 765 784 815 ipse
806 764 878 802 fuit
897 777 1010 816 quem
1031 764 1167 802 exsilio
1185 763 1432 806 mulctarint3
1464 774 1587 812 usque
1605 759 1703 798 adeo

228 825 391 864 subinde
412 832 544 863 nostra
563 826 651 863 urbs
673 825 932 876 amplissimos
952 839 972 864 e
993 826 1110 877 patris
1139 826 1212 864 mei
1236 825 1415 864 felicitate
1444 824 1592 862 fruetus
1617 835 1703 873 per-

229 887 346 939 cepit,
366 893 582 938 contraque
601 887 769 938 publicoe
790 887 894 926 urbis
920 887 1162 926 calamitates
1186 888 1224 925 in
1250 887 1334 938 ejus
1364 893 1484 937 caput
1509 884 1705 924 redunda-

228 955 332 988 runt.
391 950 596 987 Enimvero
624 948 734 987 multi
766 949 905 987 civium
931 956 970 987 et
996 949 1137 988 infensi
1157 949 1314 986 suerunt
1333 954 1519 998 tanquam
1539 959 1704 997 regnum

228 1010 440 1057 affectanti,
462 1024 539 1049 non
561 1011 667 1061 quod
688 1010 799 1048 factis
821 1011 901 1048 suis
923 1012 1007 1060 ejus
1027 1011 1080 1048 rei
1101 1010 1361 1062 suspicionem
1384 1008 1505 1055 daret,
1527 1008 1596 1046 sed
1615 1007 1708 1058 quia

228 1072 435 1124 putabant,
466 1085 556 1110 cum
585 1072 707 1122 ipsam
740 1084 818 1108 rem
848 1071 1026 1110 omnibus
1056 1071 1314 1122 expetendam
1343 1069 1476 1117 videri,
1505 1076 1588 1107 tum
1618 1081 1704 1106 eam

229 1133 315 1185 ejus
336 1146 423 1172 esse
445 1133 658 1185 potentiam
681 1140 723 1170 ut
742 1145 787 1170 ca
807 1133 986 1171 facillime
1006 1134 1077 1184 ipsi
1098 1133 1298 1184 potiretur.
1356 1133 1446 1174 Quo
1467 1132 1649 1181 majorem
1673 1130 1705 1168 ei

230 1195 368 1233 merito
388 1196 550 1246 gratiam
572 1194 782 1239 haberetis,
804 1195 908 1245 quod
928 1207 1050 1246 quum
1071 1195 1177 1233 solus
1198 1194 1337 1233 civium
1358 1194 1390 1231 is
1408 1200 1512 1231 esset
1532 1193 1566 1229 in
1589 1205 1705 1243 quem

229 1271 275 1296 ea
301 1258 472 1308 suspicio
498 1258 637 1296 cadere
664 1257 872 1305 videretur,
891 1258 973 1309 pari
1002 1265 1132 1297 tamen
1162 1257 1200 1296 in
1228 1257 1377 1309 republ.
1399 1268 1591 1308 aequoque
1617 1255 1705 1307 jure

228 1333 317 1359 cum
338 1320 489 1359 caeteris
509 1319 636 1358 vivere
657 1319 792 1358 voluit.

289 1382 350 1420 16.
380 1382 475 1420 Tam
496 1381 620 1419 multa
641 1393 754 1432 porro
776 1388 867 1419 sunt
885 1393 975 1431 quae
995 1394 1064 1431 pro
1082 1387 1189 1432 patre
1208 1393 1292 1419 meo
1314 1380 1454 1424 dicam,
1471 1386 1515 1417 ut
1529 1377 1703 1416 dubitem

229 1442 340 1494 cujus
354 1455 459 1482 nunc
475 1442 620 1479 mentio
635 1441 828 1489 facienda,
845 1455 934 1492 quae
950 1442 1280 1493 praete1·mittcnda
1297 1442 1393 1479 sint:
1423 1439 1585 1478 subinde
1601 1440 1702 1477 enim

229 1517 276 1544 ea
304 1505 448 1555 majora
474 1503 566 1542 mihi
592 1502 773 1541 videntur
799 1516 887 1554 quae
911 1503 1086 1542 nondum
1113 1505 1291 1555 exposita
1319 1510 1411 1542 sunt
1440 1503 1484 1540 iis
1513 1515 1600 1554 quae
1623 1502 1703 1553 jam

230 1566 335 1617 apud
353 1578 421 1605 vos
441 1565 618 1603 diximus.
680 1565 781 1602 Nam
801 1564 897 1602 illud
918 1578 1074 1615 quoque
1091 1565 1233 1602 nemini
1253 1565 1412 1602 dubium
1429 1577 1515 1601 esse
1531 1563 1706 1610 arbitror,

228 1629 323 1680 quin
350 1642 437 1668 eum
465 1640 627 1667 necesse
659 1628 708 1666 sit
734 1628 850 1666 rebus
878 1627 1058 1667 secundis
1078 1627 1244 1666 civitatis
1266 1627 1430 1665 maxime
1451 1626 1636 1678 gaudere,
1658 1625 1705 1664 ad

227 1704 342 1742 quem
357 1704 447 1742 pars
464 1690 633 1729 maxima
647 1689 836 1728 bonorum
856 1695 895 1727 et
910 1689 1099 1727 malorum
1114 1689 1226 1727 redit.
1276 1688 1374 1733 Quis
1395 1696 1523 1726 autem
1544 1688 1706 1726 florente

227 1752 379 1803 republ.
397 1753 493 1790 inter
509 1763 645 1789 omnes
664 1750 768 1789 cives
782 1763 829 1789 eo
842 1750 915 1788 fuit
926 1750 985 1788 vel
1002 1750 1148 1789 felicior
1161 1750 1220 1788 vel
1236 1750 1496 1789 admirabilior
1511 1749 1571 1788 vel
1585 1763 1706 1786 aemu-

226 1815 370 1854 latione
400 1813 584 1865 dignior?
624 1814 710 1865 quis
741 1813 874 1853 eadem
905 1814 1050 1852 afflicta
1078 1814 1138 1852 vel
1169 1827 1236 1865 spe
1266 1814 1412 1864 majore
1438 1814 1497 1853 vel
1531 1813 1704 1864 pluribus

227 1877 366 1928 opibus
388 1876 446 1915 vel
468 1876 654 1928 ampliore
674 1875 800 1927 gloria
826 1883 887 1914 est
914 1875 1101 1913 orbatus?
1157 1876 1302 1913 Annon
1328 1883 1522 1927 postremo
1546 1876 1706 1926 triginta

228 1939 400 1991 tyrannis
428 1938 707 1989 imperantibus
731 1938 791 1976 alii
821 1937 917 1975 urbe
944 1937 1135 1975 duntaxat
1153 1936 1395 1983 exsularunt,
1416 1937 1496 1988 ipse
1518 1949 1604 1974 vero
1623 1943 1705 1974 tota

230 2001 387 2039 Graecia
415 2000 692 2039 exterminatus
723 1999 810 2038 est?
868 2000 1011 2037 Annon
1039 1999 1324 2037 Lacedaemonii
1349 2007 1389 2037 et
1413 1998 1608 2050 Lysander
1628 2011 1705 2037 non

228 2064 356 2105 minus
375 2064 601 2103 laborarunt
616 2063 665 2101 de
681 2076 728 2101 eo
743 2061 968 2113 perimendo
984 2074 1099 2112 quam
1118 2061 1165 2100 de
1183 2062 1341 2114 imperio
1357 2062 1467 2101 vobis
1483 2062 1705 2109 adimendo,

228 2124 494 2163 existimantes
521 2124 641 2162 muris
668 2124 783 2162 etiam
812 2123 949 2162 dirutis
974 2136 1016 2162 se
1040 2130 1183 2162 nostrae
1204 2124 1288 2162 urbi
1315 2124 1433 2163 fidere
1461 2123 1555 2161 nihil
1575 2136 1706 2175 posse,

226 2185 303 2224 nisi
338 2185 446 2223 illum
475 2184 591 2223 etiam
622 2185 887 2236 perdidissent
912 2184 978 2236 qui
1007 2197 1074 2223 eos
1103 2185 1318 2225 instaurare
1353 2185 1518 2237 posset?
1575 2187 1706 2231 Quare

229 2260 307 2285 non
324 2260 374 2285 ex
391 2246 474 2298 ejus
487 2246 686 2284 beneficiis
704 2246 907 2292 duntaxat,
923 2246 992 2284 sed
1004 2246 1119 2284 etiam
1137 2260 1185 2285 ex
1199 2247 1432 2293 infortuniis,
1447 2261 1536 2298 quae
1551 2254 1713 2299 propter-

227 2322 296 2348 vos
327 2309 428 2355 tulit,
453 2308 535 2359 ejus
560 2308 834 2347 benevolentia
857 2308 972 2346 facile
999 2309 1243 2360 perspicitur.
1303 2310 1474 2361 Apparet
1493 2309 1596 2347 enim
1616 2322 1703 2348 eum

228 2370 376 2422 populo
395 2369 596 2425 suppetias
622 2369 772 2413 tulisse,
792 2369 955 2408 formam
983 2370 1148 2421 reipubl.
1168 2371 1370 2409 vobiscum
1396 2371 1561 2409 eandem
1589 2384 1705 2423 expe-

228 2433 373 2478 tivisse,
394 2433 442 2470 ab
462 2431 598 2472 iisdem
618 2431 804 2469 afflictum
825 2443 923 2477 esse,
943 2444 1023 2469 una
1048 2445 1138 2470 cum
1164 2433 1319 2471 civitate
1346 2433 1541 2471 fortunam
1571 2433 1704 2471 adver-

230 2510 313 2535 sam
341 2495 538 2542 habuisse,
564 2494 723 2533 eosdem
752 2493 953 2532 vobiscum
981 2499 1022 2531 et
1049 2494 1194 2533 amicos
1225 2501 1264 2534 et
1291 2495 1465 2533 inimicos
1488 2494 1706 2545 judicasse,

230 2559 356 2598 omnis
384 2557 536 2610 generis
564 2555 744 2609 periculis
771 2555 963 2601 functum,
981 2555 1120 2606 partim
1140 2569 1210 2607 per
1228 2569 1311 2601 vos,
1331 2555 1469 2607 partim
1490 2556 1703 2601 vobiscum,

230 2623 365 2672 partim
387 2625 544 2671 propter
564 2632 647 2665 vos,
662 2617 802 2670 partim
822 2631 891 2670 pro
910 2617 1045 2660 vobis;
1077 2617 1148 2656 fuit
1167 2618 1284 2669 igitur
1300 2617 1394 2657 civis
1415 2617 1572 2655 omnino
1591 2617 1704 2656 dissi-

231 2682 333 2720 milis
366 2681 537 2720 Charicli
571 2680 683 2719 istius
714 2679 833 2726 affini,
854 2678 922 2730 qui
950 2678 1090 2717 servire
1118 2678 1311 2725 hostibus,
1336 2678 1483 2717 civibus
1516 2678 1705 2730 imperare

229 2743 366 2788 voluit,
385 2743 450 2793 qui
473 2743 592 2780 otium
612 2742 651 2779 in
668 2741 808 2786 ‚exsilio
828 2740 921 2791 egit,
938 2741 975 2778 in
997 2741 1160 2792 patriam
1178 2741 1378 2778 restitutus
1398 2740 1532 2778 urbem
1554 2741 1703 2779 afflixit.

232 2805 329 2847 Quis
359 2812 487 2842 autem
517 2817 603 2841 esse
629 2810 749 2855 queat
769 2803 829 2841 vel
852 2802 1000 2841 amicus
1021 2802 1183 2853 nequior
1202 2802 1264 2841 vel
1283 2802 1406 2840 hostis
1428 2802 1552 2854 magis
1571 2810 1702 2842 conte-

183 2875 190 2878 ”
231 2866 452 2905 mnendus?
500 2866 556 2903 Tu
576 2873 703 2903 tamen
724 2878 845 2916 quum
866 2865 918 2903 sis
939 2865 1065 2902 affinis
1086 2864 1200 2911 illius,
1216 2871 1254 2902 et
1270 2865 1343 2902 sub
1359 2864 1518 2915 triginta
1532 2865 1702 2915 tyrannis

232 2934 385 2967 senator
415 2926 544 2974 fueris,
565 2926 661 2965 alios
689 2926 886 2966 incessere
914 2939 990 2965 non
1018 2925 1172 2964 dubitas
1198 2939 1244 2964 ac
1263 2933 1396 2965 vetera
1416 2925 1576 2964 vulnera
1596 2926 1702 2965 refri-
