1870 3277
225 176 297 212 154
813 173 1098 212 ISOCRATIS

221 274 388 313 candum
403 281 483 313 est:
513 275 588 314 hoc
608 276 707 314 enirn
726 283 856 314 restat.
918 276 998 312 Sub
1021 282 1151 313 nostro
1171 274 1286 325 igitur
1307 274 1464 326 imperio
1486 286 1560 312 non
1583 273 1694 311 licuit

221 337 277 375 eis
297 349 425 387 neque
447 335 694 388 pedestribus
715 337 836 388 copiis
857 336 957 375 intra
977 336 1111 388 Halyn
1132 336 1288 374 fluvium
1307 335 1543 376 descendere
1565 347 1694 385 neque

223 397 348 449 longis
369 397 534 436 navibus
558 399 613 437 cis
631 398 874 436 Phaselidem
896 399 1115 450 appellere:
1148 398 1452 436 Lacedaemoniis
1474 405 1601 436 autem
1623 398 1694 434 im-

222 460 445 511 perantibus
478 474 556 499 non
587 469 737 499 tantum
771 460 826 499 eis
859 468 1035 512 potestas
1065 462 1159 500 data
1188 468 1248 499 est
1275 461 1392 499 eundi
1422 468 1462 499 et
1486 460 1695 511 navigandi

221 533 299 572 quo
320 521 477 570 vellent,
503 523 572 561 sed
598 523 800 561 dominatu
820 523 933 561 etiam
951 524 1160 563 multarum
1176 524 1404 562 Graecarum
1425 523 1576 562 urbium
1605 529 1696 561 sunt

223 582 341 620 auen.

278 646 345 682 21.
374 645 517 683 Annon
537 645 654 696 igitur
673 658 720 684 ea
735 645 841 692 urbs,
860 658 947 696 quae
962 652 1001 684 et
1019 646 1148 685 foedus
1167 660 1254 685 cum
1276 660 1367 697 rege
1397 646 1619 697 generosius
1640 651 1698 682 at-

224 718 301 757 que
321 706 528 745 animosius
557 707 662 753 fecit,
688 720 777 757 quae
809 707 986 745 maximis
1011 707 1262 759 plurimisque
1293 715 1374 745 turn
1404 708 1589 745 barbaros
1620 705 1700 744 cla-

224 766 339 805 dibus
359 774 442 806 tum
464 768 627 806 Graeeos
654 768 852 808 beneficiis
875 767 1018 813 affecit,
1045 782 1134 820 quae
1151 782 1256 808 oram
1277 769 1382 807 Asiae
1403 769 1634 807 maritimam
1655 779 1700 806 ac

226 829 365 867 multas
381 829 476 868 alias
493 829 711 881 provincias
731 837 772 868 et
785 830 961 869 hostibus
982 830 1127 869 ademit
1145 839 1185 869 et
1205 830 1319 869 sociis
1348 830 1496 876 tribuit,
1514 843 1601 881 quae
1621 836 1702 867 tam

225 890 380 929 illorum
400 892 583 931 ferociam
604 893 846 944 compescuit
865 906 982 945 quam
1004 893 1144 931 horum
1164 892 1306 944 inopiae
1325 892 1536 938 consuluit,
1557 905 1646 942 quae
1663 890 1702 928 in

225 953 338 991 bellis
358 967 428 1005 pro
449 968 520 993 sua
545 954 671 993 salute
700 955 819 1006 gestis
840 955 976 994 fortius
998 955 1196 994 dimicavit
1222 968 1337 1006 quam
1357 955 1424 994 illa
1444 968 1532 1006 quae
1551 956 1600 993 ob
1620 966 1701 992 rem

227 1014 429 1052 militarem
451 1016 618 1054 maxime
647 1017 881 1063 celebratur,
906 1030 995 1068 quae
1026 1017 1268 1056 calamitates
1295 1017 1458 1056 celerius
1491 1029 1607 1068 quam
1639 1015 1704 1053 isti

226 1075 299 1125 ipsi
320 1076 575 1127 propulsavit,
597 1078 719 1128 magis
741 1077 941 1116 laudanda
960 1085 1021 1117 est
1041 1086 1081 1116 et
1099 1079 1328 1117 honoranda
1355 1092 1435 1130 prae
1462 1078 1529 1115 illa
1553 1090 1642 1128 quae
1664 1076 1704 1114 in

226 1136 287 1174 his
317 1138 435 1175 rebus
462 1138 640 1177 omnibus
670 1139 742 1178 fuit
772 1140 957 1179 inferior?
1013 1140 1072 1178 Ac
1099 1140 1147 1179 de
1173 1142 1289 1179 rebus
1310 1140 1431 1191 gestis
1463 1147 1503 1178 et
1525 1138 1705 1191 periculis

228 1198 342 1237 simul
359 1205 399 1238 et
418 1207 556 1238 contra
576 1201 735 1240 eosdem
754 1201 869 1241 aditis
889 1202 973 1241 haec
994 1201 1120 1241 habeo
1142 1203 1179 1240 in
1205 1203 1411 1254 praesentia
1428 1215 1517 1254 quae
1537 1215 1605 1254 per
1625 1201 1706 1240 col-

228 1261 414 1300 lationem
436 1262 619 1302 dicerem.

282 1324 348 1359 22.
378 1322 553 1361 Arbitror
586 1329 716 1361 autem
747 1337 812 1362 eos
847 1325 913 1374 qui
944 1325 1029 1363 haec
1063 1325 1170 1363 inviti
1205 1325 1369 1363 audiunt
1388 1338 1480 1364 vera
1513 1339 1600 1364 esse
1628 1337 1705 1364 non

230 1392 456 1436 negaturos,
492 1399 618 1436 neque
650 1386 764 1424 etiam
794 1387 967 1424 facinora
999 1386 1192 1437 pulcriora
1227 1395 1598 1426 commemoraturos
1638 1400 1707 1438 per

228 1459 318 1497 quae
341 1446 625 1486 Lacedaemonii
654 1447 784 1485 multis
807 1447 968 1485 Graecos
989 1448 1187 1486 beneficiis
1206 1447 1419 1494 affecerint,
1447 1450 1515 1487 sed
1535 1456 1707 1488 nostram

231 1508 363 1546 urbem
384 1514 635 1546 accusatur-os
665 1521 765 1555 esse,
785 1508 825 1546 id
852 1508 959 1559 quod
987 1521 1140 1560 semper
1160 1509 1289 1548 studio
1311 1510 1383 1548 sibi
1404 1510 1560 1556 habent,
1583 1523 1708 1562 eaque

229 1575 452 1607 narraturos
480 1582 570 1620 quae
596 1569 690 1608 dum
716 1570 830 1608 maris
851 1570 1058 1622 imperium
1079 1577 1302 1609 teneremus
1335 1572 1587 1610 acerbissima
1607 1572 1710 1610 acci-

229 1630 386 1678 derunt,
407 1630 676 1670 accusationes
705 1631 796 1670 item
826 1638 865 1670 et
888 1632 1039 1683 judicia
1069 1645 1157 1683 quae
1188 1633 1283 1672 socii
1310 1633 1374 1672 hic
1405 1641 1641 1686 acceperunt
1670 1640 1711 1672 et

227 1693 459 1731 tributorum
498 1693 741 1731 exactionem
783 1693 1071 1740 criminaturos‚
1115 1694 1281 1733 maxime
1331 1702 1459 1734 autem
1501 1695 1710 1734 Meliorum

230 1753 579 1804 Scionaeorumque
608 1760 647 1792 et
672 1754 949 1793 Toronaeorum
981 1755 1093 1794 malis
1126 1756 1412 1802 immoraturos,
1442 1757 1710 1796 existimantes

231 1828 274 1853 se
293 1816 397 1854 urbis
416 1821 562 1854 nostrae
583 1814 781 1854 beneficiis
801 1816 919 1867 paulo
944 1824 1035 1855 ante
1056 1818 1366 1857 commemoratis
1388 1818 1501 1869 quasi
1521 1817 1650 1858 labem
1671 1825 1711 1858 et

231 1877 428 1916 maculam
448 1877 784 1916 criminationibus
803 1878 877 1916 illis
892 1878 1144 1930 adspersuros
1164 1892 1263 1918 esse.

286 1941 352 1977 23.
384 1939 471 1990 Ego
490 1951 580 1977 vero
602 1950 649 1976 ea
663 1939 807 1986 omnia,
826 1953 914 1990 quae
934 1940 1019 1978 urbi
1040 1946 1184 1979 nostrae
1201 1954 1288 1979 vere
1308 1940 1559 1993 objiciuntur,
1580 1955 1709 1994 neque

228 2000 399 2039 refutare
428 1998 594 2038 dicendo
618 1999 766 2051 possim
797 2010 870 2039 nec
900 2001 939 2039 id
964 2001 1092 2040 facere
1125 2002 1352 2046 instituam;
1383 2014 1489 2049 nam,
1514 2016 1648 2055 quum,
1669 2004 1710 2042 id

231 2062 338 2114 quod
367 2062 473 2114 prius
494 2063 610 2100 etiam
638 2062 780 2101 alieubi
805 2063 900 2108 dixi,
930 2063 994 2101 alii
1020 2076 1070 2102 ne
1090 2063 1184 2102 deos
1205 2064 1363 2115 quidem
1385 2071 1565 2117 expertes
1585 2067 1710 2105 omnis

229 2124 382 2176 peccati
402 2138 487 2163 esse
502 2130 654 2175 putent,
669 2125 952 2169 erubescerem,
970 2125 1002 2163 si
1028 2125 1226 2164 studerem
1242 2133 1282 2165 et
1297 2127 1532 2178 persuadere
1547 2140 1711 2167 conarer

231 2186 424 2237 rempubl.
447 2192 618 2224 nostram
642 2186 682 2224 in
708 2186 816 2224 nulla
835 2199 1005 2238 unquam
1031 2200 1072 2225 re
1099 2187 1331 2239 deliquisse:
1362 2188 1459 2226 illud
1492 2195 1619 2227 tamen
1647 2202 1711 2228 me

232 2247 429 2286 facturum
454 2253 562 2299 puto,
594 2254 638 2285 ut
667 2248 888 2296 ostendam,
920 2248 1201 2300 Spartanorum
1234 2251 1371 2288 urbem
1399 2249 1437 2288 in
1468 2249 1607 2288 iisdem
1634 2251 1710 2290 illis

233 2309 348 2348 rebus
367 2315 501 2347 nostra
525 2309 647 2348 multo
672 2309 793 2349 fuisse
825 2310 1062 2349 acerbiorem
1093 2324 1139 2350 ac
1169 2311 1386 2359 saeviorem,
1418 2317 1457 2350 et
1483 2324 1552 2350 eos
1580 2312 1646 2363 qui
1672 2312 1712 2350 in

230 2370 385 2409 illorum
417 2370 581 2422 gratiam
609 2371 722 2410 nobis
753 2371 996 2411 maledicunt
1023 2372 1194 2411 omnium
1226 2372 1513 2419 stolidissimos,
1544 2380 1584 2412 et
1615 2380 1660 2412 ut
1687 2386 1712 2412 a

232 2432 345 2471 nobis
363 2432 537 2484 ipsorum
555 2433 667 2471 amici
686 2433 788 2472 male
807 2433 971 2472 audiant
989 2434 1027 2472 in
1048 2447 1170 2473 causa
1189 2447 1302 2480 esse;
1333 2447 1455 2486 quum
1481 2434 1583 2473 enim
1603 2435 1643 2472 in
1664 2430 1710 2474 iis

232 2507 304 2533 nos
333 2493 567 2541 accusarint,
595 2507 683 2545 quae
708 2496 748 2533 in
775 2495 1092 2535 Lacedaemonios
1123 2496 1253 2548 potius
1287 2496 1447 2541 cadunt,
1480 2508 1560 2534 non
1590 2495 1712 2535 deerit

232 2557 344 2595 nobis
372 2555 527 2596 occasio
556 2556 680 2608 majus
699 2557 844 2596 crimen
859 2570 978 2609 quam
998 2557 1036 2596 in
1057 2571 1126 2597 nos
1145 2558 1332 2597 collatum
1352 2557 1467 2596 fuerit
1484 2558 1523 2595 in
1543 2557 1630 2596 illos
1649 2570 1712 2597 re-

234 2618 408 2668 gerendi.

289 2680 358 2715 24.
386 2678 519 2716 Veluti
553 2691 660 2717 nunc
693 2679 822 2726 etiam,
856 2679 889 2718 si
920 2679 969 2717 de
998 2680 1114 2719 sociis
1147 2679 1211 2719 hic
1244 2679 1280 2717 in
1307 2679 1497 2731 judicium
1529 2678 1711 2718 adductis

234 2739 470 2777 mentionem
498 2739 671 2786 fecerint,
688 2741 774 2792 quis
795 2739 894 2779 adeo
920 2741 1100 2793 stupidus
1121 2747 1194 2787 est,
1216 2741 1308 2792 quin
1335 2740 1449 2779 facile
1477 2740 1714 2792 respondeat

233 2801 366 2852 plures
384 2800 548 2840 Graecos
564 2814 587 2840 a
606 2801 920 2842 Lacedaemoniis
936 2802 1085 2841 indicta
1102 2814 1223 2841 causa
1242 2815 1329 2841 esse
1350 2801 1574 2841 interfectos
1593 2814 1711 2853 quam

235 2876 259 2901 a
278 2863 404 2909 nobis,
424 2876 471 2902 ex
491 2876 570 2915 quo
597 2865 730 2904 urbem
750 2864 970 2913 incolimus,
1002 2864 1039 2903 in
1064 2864 1128 2916 jus
1148 2870 1307 2905 vocatos
1339 2870 1378 2904 et
1398 2876 1559 2904 causam
1579 2864 1710 2903 dicere

235 2930 394 2963 coactos
407 2923 424 2961 2
