1870 3277
502 178 572 215 DE
602 175 887 215 ASTYPHILI
919 176 1283 214 HEREDITATE.
1541 178 1614 215 397

175 282 288 319 situm
308 294 406 327 esse,
420 281 533 331 idque
555 295 621 332 pro
638 281 806 331 genuino
826 280 1003 330 proferat.
1061 279 1176 327 Atqui
1190 279 1316 316 multis
1332 285 1486 316 ornatus
1500 279 1616 316 bene-

173 342 276 387 ficiis,
297 342 488 388 Hierocle,
506 356 528 381 a
547 350 654 393 patre
674 355 759 380 meo
778 341 1057 391 Theophrast0‚
1079 352 1166 376 cum
1188 353 1247 377 res
1274 341 1340 378 tibi
1359 340 1484 378 adhuc
1512 347 1617 378 esset

174 416 288 452 quam
308 415 409 441 nunc
429 411 488 441 est
509 403 660 448 arctior,
690 403 779 440 item
810 402 857 439 ab
886 400 1104 451 Astyphilo‚
1136 400 1274 437 malam
1306 401 1405 438 hanc
1432 402 1616 438 ambobus

172 464 289 502 refers
309 465 488 514 gratiam:
518 477 606 502 nam
629 477 688 501 me
707 463 876 513 quidem,
896 462 959 512 qui
981 470 1056 499 tuae
1075 475 1158 499 sum
1178 461 1317 498 sororis
1334 462 1433 499 filius
1454 475 1475 499 e
1491 463 1615 499 Theo-

175 524 342 574 phrasto,
363 526 423 564 cui
443 526 646 576 plurimum
662 525 795 566 debes,
815 536 860 560 ea
877 530 978 560 sorte
994 523 1024 560 is
1042 522 1260 560 fraudatum
1278 535 1391 572 quam
1407 522 1511 573 leges
1527 524 1616 560 mihi

172 586 366 630 tribuunt;
397 587 446 624 de
465 586 666 637 Astyphilo
687 592 829 629 autem,
849 585 911 634 qui
941 585 1020 622 fato
1041 597 1111 621 suo
1131 584 1337 621 defunctus
1358 591 1394 621 te
1409 584 1486 634 jam
1516 586 1617 622 refu-

172 654 251 684 tare
268 647 412 696 nequit,
426 647 624 685 mendacia
643 646 711 684 abs
726 652 763 684 te
784 646 949 683 conficta
960 645 1119 696 spargis,
1135 657 1202 695 per
1215 658 1301 694 quae
1318 645 1518 682 contendis
1535 646 1617 682 effi·

172 720 271 753 cere,
289 717 474 758 quantum
496 709 532 745 in
559 715 596 745 te
614 706 767 757 quidem
797 714 867 751 est,
892 715 931 743 ut
959 706 1131 744 homines
1162 705 1362 756 Astyphilo
1381 705 1617 743 infestissimi

172 769 273 806 bona
292 769 372 819 ejus
398 769 618 807 sortiantur.
675 769 723 806 Et
745 774 834 804 ante
863 768 1033 817 quidem,
1054 767 1255 815 ojudices‚
1284 781 1397 817 quam
1424 768 1617 805 contentio

171 842 285 879 super
303 829 376 867 hac
396 829 608 867 hereditate
628 829 662 866 in
686 829 767 866 foro
785 829 1058 878 susciperetur,
1077 827 1228 865 tametsi
1249 828 1346 865 bene
1372 837 1505 865 nosset
1522 828 1616 866 Hie-

170 891 291 928 rocles
310 891 409 929 hanc
425 891 673 929 hereditatem
696 890 759 928 alii
774 889 912 927 nemini
934 902 1046 940 quam
1068 889 1158 926 mihi
1175 896 1408 939 competere,
1421 896 1549 926 tamen
1567 889 1616 927 ad

170 951 376 990 amicorum
393 953 459 1003 qui
478 951 679 1003 Astyphilo
701 951 790 989 olim
811 951 973 988 fuissent
994 963 1303 1001 unumquemque
1318 950 1453 988 viritim
1474 951 1618 997 adibat,

171 1012 284 1051 alium
303 1028 348 1052 ex
369 1014 456 1059 alio,
477 1014 585 1064 eique
606 1013 827 1050 venditabat
848 1012 1042 1064 Astyphili
1061 1012 1326 1057 hereditatem,
1346 1013 1466 1058 aiens,
1487 1013 1515 1050 si
1532 1014 1616 1065 quis

172 1087 213 1111 se
240 1074 356 1112 vellet
380 1075 417 1112 in
446 1075 753 1113 communionem
782 1074 893 1112 sortis
924 1075 1141 1119 admittere,
1161 1081 1336 1125 paratum
1356 1087 1396 1111 se
1426 1087 1524 1119 esse,
1552 1075 1616 1125 qui

172 1136 364 1187 Astypbili
382 1137 596 1175 avunculus
616 1143 734 1182 esset,
756 1135 955 1181 affirmare,
983 1149 1103 1187 penes
1123 1150 1162 1173 se
1183 1136 1336 1173 relictas
1355 1149 1440 1173 esse
1457 1137 1617 1187 scriptas

171 1200 219 1235 ab
245 1200 450 1250 Astyphilo
475 1199 696 1238 testamenti
727 1198 891 1242 tabulas,
920 1198 1058 1248 quibus
1081 1198 1141 1235 ille
1171 1198 1333 1249 scriptus
1367 1205 1470 1235 esset
1497 1199 1617 1236 heres.

172 1260 258 1299 Hoc
279 1268 392 1313 pacto
414 1261 698 1299 nundinabatur
728 1260 928 1298 Hierocles
955 1260 1056 1297 hanc
1084 1273 1238 1297 causam
1258 1268 1295 1297 et
1315 1260 1360 1297 ad
1387 1260 1487 1297 hanc
1507 1260 1617 1297 here-

168 1321 328 1360 ditatem
358 1318 562 1373 petendam
586 1334 807 1373 permovere
835 1321 1017 1359 studebat
1045 1321 1218 1358 homines
1242 1322 1289 1359 ab
1315 1334 1360 1359 ea
1378 1321 1439 1358 vel
1466 1321 1617 1359 alienis-

169 1383 303 1421 simos:
333 1391 372 1422 et
391 1384 635 1422 nihilominus
653 1390 794 1428 tamen,
808 1389 1060 1433 posteaquam
1075 1396 1162 1420 cum
1179 1382 1324 1426 Cleone
1345 1381 1488 1419 decidit
1502 1391 1616 1433 atque

165 1457 251 1482 cum
269 1458 316 1483 eo
336 1445 460 1483 fratris
481 1445 553 1483 mei
574 1445 676 1483 bona
694 1444 858 1495 partitus
879 1450 950 1488 est,
974 1442 1089 1480 fidem
1109 1443 1186 1480 suis
1207 1443 1330 1480 verbis
1349 1442 1521 1480 adhiberi
1547 1456 1615 1494 po-

168 1506 298 1544 stulat.
356 1507 430 1544 Hic
454 1507 570 1544 homo
592 1505 680 1543 mihi
702 1505 853 1543 videtur
872 1504 932 1542 vel
946 1504 1215 1555 jusjurandum
1235 1505 1371 1555 ipsum,
1393 1504 1424 1541 si
1444 1505 1528 1554 quis
1548 1505 1616 1543 de-

168 1568 275 1613 ferat,
295 1568 458 1605 libenter
478 1574 516 1605 et
539 1567 646 1605 nulla
664 1567 911 1605 cunctatione
931 1566 1118 1603 dicturus.
1176 1565 1226 1602 Et
1246 1565 1336 1602 mihi
1356 1565 1525 1615 quidem,
1552 1567 1619 1617 qui

168 1629 407 1667 necessarius
434 1628 517 1679 ejus
545 1628 628 1672 sim,
656 1641 741 1665 vere
772 1628 878 1666 facta
908 1639 1070 1677 quorum
1097 1626 1274 1664 conscius
1304 1634 1363 1664 est
1390 1628 1521 1665 testari
1549 1629 1616 1667 de-

166 1696 325 1732 trectat3
355 1689 393 1725 in
410 1688 619 1726 mendaciis
640 1696 769 1733 autern*
787 1688 951 1732 tuendis,
969 1701 1053 1737 quae
1074 1688 1153 1738 ipse
1174 1687 1278 1725 novit
1297 1701 1401 1725 mera
1416 1688 1619 1727 mendacia

167 1764 263 1796 esse,
284 1764 438 1801 operam
458 1750 589 1788 vendit
612 1750 756 1787 homini
777 1749 835 1787 vel
856 1748 1090 1786 alienissimo
1110 1755 1148 1786 et
1166 1748 1319 1786 tabulas
1339 1749 1484 1800 profert
1507 1751 1616 1800 quasi

169 1813 216 1851 de
236 1813 348 1850 rebus
369 1812 601 1857 constitutis,
628 1825 714 1862 quae
739 1824 798 1849 res
819 1811 1042 1849 constitutae
1071 1822 1268 1859 nunquam
1287 1810 1466 1848 fuerunt:
1496 1811 1616 1849 multo

167 1874 268 1911 enim
297 1875 368 1912 sibi
397 1873 518 1924 magis
548 1873 727 1923 expedire
747 1879 894 1917 censet,
926 1872 1122 1921 multoque
1151 1871 1188 1908 in
1210 1870 1283 1908 hoc
1314 1871 1437 1909 aerius
1469 1872 1615 1911 incum-

168 1935 351 1980 bendum,
371 1942 413 1972 ut
432 1949 509 1972 rem
529 1941 682 1984 augeat,
702 1947 818 1984 quam
840 1940 882 1970 ut
902 1947 947 1971 ea
965 1940 1114 1971 tueatur
1133 1933 1259 1970 officia
1277 1946 1363 1984 quae
1383 1946 1478 1971 meae
1500 1934 1617 1972 debet

168 1996 503 2047 consanguinitati.
560 1995 777 2033 Hieroclem
790 2002 919 2032 autem
935 1994 1325 2032 circumcursitantem
1340 2008 1494 2045 operam
1508 2009 1618 2034 suam

169 2058 204 2095 in
225 2057 448 2109 proferendo
478 2063 709 2095 testamento
729 2056 992 2094 commentitio
1016 2055 1248 2100 venditasse,
1276 2056 1307 2093 si
1333 2057 1414 2107 quis
1434 2057 1558 2107 ipsum
1579 2059 1616 2095 in

169 2126 314 2171 partem
333 2118 557 2156 hereditatis
578 2118 793 2157 adsciscere
812 2118 940 2162 vellet,
963 2118 1010 2155 de
1035 2131 1080 2155 eo
1100 2117 1357 2155 testimonium
1377 2118 1479 2156 illius
1498 2119 1618 2170 ipsius

168 2180 356 2219 exhibebo
377 2180 426 2218 ad
447 2193 560 2231 quem
581 2193 666 2218 cum
684 2180 874 2231 ejusmodi
895 2180 1104 2232 sponsione
1125 2179 1232 2218 adiit.

687 2274 1096 2314 TESTIMONIUM.

170 2353 302 2404 Ecquo
321 2353 475 2390 nomine
496 2352 591 2404 jam,
610 2352 776 2404 judices,
796 2353 986 2403 oportebit
1010 2366 1095 2391 eum
1117 2353 1313 2404 appellari,
1336 2353 1398 2403 qui
1426 2355 1484 2392 sui
1510 2367 1615 2393 com-

169 2415 294 2466 pendii
320 2414 444 2465 gratia
469 2414 518 2452 de
547 2413 702 2452 homine
732 2420 880 2452 mortuo
908 2420 986 2452 tam
1021 2415 1120 2452 falsa
1145 2415 1381 2453 comminisci
1413 2422 1450 2453 et
1468 2417 1615 2468 jactare

168 2475 386 2514 sustineat?
428 2475 645 2522 Hieroclem
667 2483 793 2513 autem
808 2489 855 2513 ne
877 2475 1013 2514 Cleoni
1037 2476 1189 2526 quidem
1212 2476 1416 2527 gratuitam
1437 2478 1504 2515 sed
1518 2492 1615 2517 mer·-

168 2539 357 2577 cenariam
377 2538 598 2589 praestitisse
618 2551 769 2589 operam
789 2538 826 2575 in
844 2538 1071 2589 proferendo
1092 2545 1321 2576 testamento
1344 2540 1616 2587 commentitio,

169 2600 443 2638 documentum
475 2599 557 2651 ejus
588 2600 639 2638 rei
670 2599 771 2638 haud
802 2600 1127 2638 contemnendum
1158 2606 1339 2650 praestare
1372 2602 1511 2651 poterit
1544 2602 1616 2642 hoc

171 2663 294 2713 ipsum
326 2662 594 2701 testimonium.
653 2663 750 2701 Haec
781 2670 909 2701 autem
943 2661 1234 2699 communicatis
1263 2662 1359 2699 inter
1385 2675 1425 2700 se
1451 2664 1617 2702 consiliis

172 2724 356 2762 adversus
377 2737 436 2761 me
464 2724 669 2762 machinati
689 2732 802 2762 sunt:
832 2723 1024 2761 existimat
1052 2723 1153 2760 enim
1183 2736 1315 2760 eorum
1338 2724 1618 2776 unusquisque,

173 2787 221 2824 de
251 2786 361 2824 bonis
381 2786 573 2837 Astyphili
601 2786 631 2824 si
652 2786 746 2837 quid
772 2785 1018 2836 decerpserit,
1045 2785 1083 2822 id
1110 2785 1266 2835 perinde
1285 2798 1326 2823 se
1351 2798 1399 2823 ex
1425 2785 1617 2838 insperato

174 2853 387 2898 praeterque
406 2846 580 2884 meritum
597 2860 709 2885 suum
729 2852 945 2898 praeterque
958 2848 1021 2893 jus
1042 2852 1079 2883 et
1098 2846 1156 2884 fas
1176 2859 1259 2884 esse
1283 2846 1500 2886 habiturum
1519 2861 1564 2888 ac
1585 2850 1615 2886 si

174 2909 394 2946 thesaurum
415 2907 452 2944 in
472 2907 534 2944 via
552 2907 706 2957 publica
719 2911 911 2956 jacentem
934 2907 1149 2957 reperisset.
