1870 3277
238 183 314 219 214
829 181 1115 220 ISOCRATIS

237 283 382 334 aliquid
403 296 554 335 semper
575 283 674 322 inter
694 284 820 323 socios
841 283 1066 329 moliuntur,
1088 282 1176 320 huic
1198 289 1336 321 vestrae
1357 283 1524 333 opinioni
1547 296 1623 321 non
1645 290 1706 321 est

236 345 674 396 obsecutus,noluitque
695 358 780 383 cum
796 345 899 383 urbis
914 345 1146 383 detrimento
1167 343 1309 381 famam
1332 344 1530 394 consequi,
1547 345 1613 382 sed
1629 345 1704 382 hoc

235 408 385 445 curavit
399 413 437 445 et
455 406 564 454 fecit,
585 414 627 444 ut
647 407 752 445 nulla
771 419 858 444 eum
883 406 1022 444 Graeca
1042 406 1133 443 urbs
1152 406 1318 449 timeret,
1335 404 1403 442 sed
1421 411 1572 442 cunctae
1589 406 1705 444 alacri

237 475 372 506 essent
390 469 518 507 animo
536 476 673 520 praeter
693 481 760 506 eas
781 481 870 517 quae
891 474 1119 518 peccarent:
1151 467 1298 506 sciebat
1318 466 1420 504 enim
1437 472 1475 504 et
1489 467 1555 517 qui
1571 467 1706 504 timent

237 529 327 568 odio
347 530 524 581 persequi
545 530 630 568 illos
651 542 816 580 quorum
843 542 960 567 causa
991 529 1029 566 id
1059 529 1271 581 patiuntur,
1290 529 1503 578 urbemque
1531 535 1704 566 nostram

236 603 284 628 ex
304 591 464 629 aliarum
496 590 764 629 benevolentia
791 589 934 627 factam
964 583 1049 628 es'se
1080 590 1342 628 beatissimam
1365 596 1403 626 et
1423 589 1640 634 maximam,
1659 602 1707 627 ex

236 651 327 690 odio
348 660 475 690 autern
497 664 632 703 parum
654 651 828 690 abfuisse
848 651 942 701 quin
959 651 996 688 in
1017 658 1211 689 extremos
1232 664 1345 689 casus
1364 650 1564 688 incideret.
1606 651 1705 694 Quae

237 714 319 766 ipse
353 720 536 764 reputans
566 713 671 751 urbis
709 713 865 764 quidem
894 713 1038 751 viribus
1068 713 1205 751 evertit
1235 712 1380 758 hostes,
1409 711 1706 750 mansuetudine

234 782 362 813 autern
385 787 456 812 sua
475 774 637 812 aliorum
658 774 867 812 amicitiam
888 775 1138 826 comparavit,
1161 775 1232 813 hoc
1246 775 1427 827 judicans
1449 776 1602 814 facinus
1625 788 1707 813 ma-

230 837 296 887 jus
317 844 357 874 et
377 835 547 888 pulcrius
569 849 686 887 quam
707 837 848 875 multas
869 838 984 875 urbes
1005 849 1144 888 capere
1172 844 1209 874 et
1241 850 1344 888 saepe
1372 850 1506 888 pugna
1533 838 1702 875 vincere.

235 897 347 936 Adeo
368 911 457 936 vero
487 897 636 935 studuit
658 911 706 936 ne
727 912 805 949 qua
828 899 920 936 urbs
947 898 1008 935 vel
1036 897 1169 936 leviter
1191 898 1452 949 suspicaretur
1479 899 1548 936 sibi
1582 900 1630 937 ab
1658 912 1704 937 eo

235 959 332 998 strui
349 959 582 1006 insidias,ut
598 959 628 996 si
643 959 742 997 forte
763 959 1157 1010 praeternavigaturus
1178 966 1283 997 esset
1303 959 1468 1010 aliquam
1490 973 1535 998 ex
1556 961 1601 998 iis
1619 973 1705 1012 quae

235 1021 420 1059 tributum
441 1033 518 1058 non
539 1020 768 1072 penderent,
788 1021 958 1059 mitteret
972 1020 1038 1072 qui
1059 1021 1348 1071 magistratibus
1370 1021 1407 1058 id
1429 1022 1643 1067 nunciaret,
1660 1035 1707 1059 ne

234 1082 336 1120 forte
364 1094 495 1120 coram
524 1082 708 1133 portubus
739 1088 897 1133 repente
928 1089 1165 1133 conspectus
1187 1082 1223 1119 in
1243 1082 1451 1120 tumultum
1479 1089 1517 1120 et
1538 1082 1706 1134 trepida-

235 1143 378 1181 tionem
399 1156 465 1182 eos
496 1143 718 1195 conjiceret.
776 1143 892 1187 Quod
925 1143 954 1181 si
990 1143 1039 1181 ad
1071 1143 1241 1193 aliquam
1275 1143 1469 1194 regionem
1506 1143 1709 1196 appulerat

235 1204 415 1252 classem,
431 1218 508 1243 non
528 1205 705 1256 profecto
719 1205 871 1244 sinebat
889 1205 1029 1243 milites
1044 1217 1181 1256 rapere
1197 1211 1234 1243 et
1246 1206 1364 1243 furari
1386 1206 1602 1257 domosque
1619 1219 1707 1258 spo-

234 1266 342 1314 liare,
360 1267 429 1306 sed
456 1273 603 1304 tantam
633 1266 844 1305 adhibebat
867 1279 999 1305 curam
1025 1267 1186 1318 nequid
1211 1266 1346 1305 horum
1377 1268 1499 1316 fieret,
1521 1278 1705 1319 quantam

235 1342 362 1367 rerum
384 1329 548 1367 domini:
579 1342 707 1379 neque
734 1329 833 1366 enim
867 1328 941 1367 hoc
969 1337 1098 1367 mente
1130 1330 1345 1380 spectabat,
1365 1337 1409 1367 ut
1434 1329 1471 1367 in
1501 1329 1561 1367 his
1582 1343 1706 1368 rerum

237 1390 408 1429 articulis
431 1391 592 1441 gratiam
614 1391 695 1441 ipse
716 1389 828 1428 iniret
847 1390 951 1442 apud
973 1391 1131 1435 milites,
1148 1391 1217 1429 sed
1237 1397 1280 1428 ut
1299 1392 1391 1429 urbs
1406 1391 1509 1441 apud
1527 1391 1705 1428 Graecos.

237 1453 431 1492 Praeterea
458 1459 593 1504 captas
615 1453 716 1491 bello
737 1454 852 1492 urbes
873 1460 951 1491 tam
971 1453 1189 1492 humaniter
1210 1455 1386 1492 tractavit
1405 1461 1444 1492 et
1468 1454 1574 1505 juste
1589 1467 1705 1505 quam

236 1528 350 1554 nemo
370 1516 466 1554 alius
489 1515 629 1562 socias,
650 1521 806 1566 putans,
829 1514 934 1566 quod
957 1515 986 1552 si
1012 1515 1098 1553 talis
1120 1529 1214 1566 erga
1233 1528 1300 1554 eos
1321 1522 1620 1567 cognosceretur
1642 1516 1707 1567 qui

238 1584 376 1616 contra
395 1591 435 1616 se
456 1584 711 1629 pugnassent,
733 1577 943 1615 maximum
965 1578 1209 1628 praestiturus
1239 1584 1344 1616 esset
1372 1584 1644 1628 argumentum
1666 1590 1709 1615 se

235 1651 434 1690 nunquam
456 1639 492 1676 in
514 1646 677 1676 caeteros
694 1638 919 1689 delinquere
941 1651 1137 1676 ausurum.
1171 1639 1294 1690 Igitur
1313 1647 1473 1691 propter
1488 1640 1707 1692 opinionem

237 1713 284 1742 ex
305 1701 364 1739 his
385 1701 594 1739 conflatam
615 1691 748 1740 multoe
770 1702 884 1739 urbes
906 1714 994 1751 quae
1013 1702 1120 1740 vobis
1141 1711 1250 1741 erant
1269 1703 1433 1741 infensae
1453 1705 1598 1754 apertis
1620 1718 1708 1742 eum

236 1762 355 1814 portis
376 1770 629 1815 exceperunt3
662 1764 698 1801 in
720 1764 859 1814 quibus
880 1763 975 1801 nihil
1001 1763 1084 1815 ipse
1111 1765 1361 1815 perturbavit,
1380 1766 1448 1803 sed
1469 1773 1512 1804 ut
1531 1779 1597 1804 eas
1618 1779 1709 1804 con-

237 1825 394 1862 stitutas
421 1825 642 1876 ingrediens
671 1832 880 1876 repererat,
901 1826 955 1863 ita
986 1827 1190 1877 egrediens
1217 1827 1384 1878 reliquit.
1445 1828 1598 1866 Horum
1618 1842 1709 1867 vero

235 1886 407 1924 omnium
429 1894 548 1937 caput
567 1894 638 1932 est,
654 1887 757 1937 quod
775 1900 893 1938 quum
911 1887 1078 1925 solerent
1098 1888 1180 1926 aliis
1197 1889 1437 1940 temporibus
1454 1889 1565 1927 multi
1581 1897 1621 1928 et
1633 1896 1709 1928 ter-

234 1947 363 1985 ribiles
385 1949 535 1985 evenire
552 1948 587 1985 in
603 1948 761 1986 Graecia
775 1962 907 1994 casus,
923 1951 995 1987 sub
1015 1950 1098 2001 ejus
1116 1950 1275 2001 imperio
1294 1963 1408 1988 nemo
1424 1951 1485 1988 vel
1501 1951 1708 1991 seditiones

235 2010 425 2048 excitatas
447 2010 618 2048 inveniat
636 2010 696 2048 vel
716 2011 883 2064 civihum
906 2011 1225 2049 constitutionum
1246 2012 1478 2051 mutationes
1499 2012 1559 2050 vel
1580 2013 1709 2052 caedes

237 2071 299 2109 vel
318 2072 455 2109 exsilia
476 2072 535 2109 vel
558 2071 707 2123 quidvis
735 2071 838 2110 aliud
870 2072 1040 2123 gravius,
1062 2073 1130 2111 sed
1161 2073 1215 2111 ita
1246 2073 1437 2125 ejusmodi
1469 2074 1708 2113 calamitates

235 2145 305 2183 per
325 2146 372 2170 ea
393 2140 566 2183 tempora
587 2134 830 2184 quieverunt,
852 2141 895 2171 ut
916 2134 1022 2172 solus
1044 2134 1228 2172 memoria
1248 2142 1379 2173 nostra
1400 2135 1629 2174 Timotheus
1649 2136 1707 2173 in-

237 2195 434 2246 culpatam
456 2195 556 2232 hanc
576 2196 709 2232 urbem
741 2195 890 2233 Graecis
917 2195 1147 2234 exhibuerit.
1206 2197 1324 2247 Atqui
1345 2204 1495 2248 oportet
1517 2198 1704 2248 optimum

234 2270 392 2295 censere
409 2256 547 2294 ducem
568 2270 644 2295 non
669 2257 699 2294 si
720 2258 805 2307 quis
825 2257 909 2295 sola
927 2258 1082 2295 fortuna
1103 2257 1181 2296 tale
1202 2258 1348 2309 aliquid
1369 2272 1552 2311 prospere
1573 2260 1716 2298 fecerit*

234 2318 349 2369 quale
371 2318 582 2370 Lysander,
598 2319 703 2370 quod
725 2319 787 2356 alii
814 2319 955 2357 nemini
974 2319 1199 2371 contigerit:
1230 2320 1300 2358 sed
1320 2334 1407 2358 eum
1430 2321 1495 2372 qui
1517 2321 1553 2358 in
1575 2321 1708 2360 multis

235 2380 349 2419 variis
369 2387 487 2432 atque
509 2381 654 2432 asperis
670 2382 783 2419 rebus
804 2387 910 2419 recte
924 2387 963 2418 et
978 2381 1171 2433 sapienter
1191 2395 1340 2434 semper
1357 2396 1397 2421 se
1413 2383 1586 2435 gesserit,
1603 2383 1710 2434 quod

235 2442 412 2480 nimirum
435 2442 661 2481 Timotheus
680 2442 873 2494 praestitit.

291 2504 385 2541 262*
416 2506 453 2542 7.
498 2504 600 2542 Puto
634 2504 764 2555 itaque
796 2517 843 2542 ex
877 2503 984 2541 vobis
1020 2503 1160 2541 multos
1200 2518 1287 2555 quae
1322 2504 1429 2542 dicta
1461 2511 1553 2542 sunt
1582 2506 1707 2544 mirari

235 2572 351 2616 atque
383 2565 556 2603 arbitrari
585 2564 688 2603 illius
714 2564 857 2602 laudes
879 2564 1197 2616 vituperationem
1230 2578 1316 2603 esse
1348 2565 1531 2612 civitatis,
1563 2566 1593 2603 si
1623 2565 1708 2605 haec

235 2627 285 2665 de
315 2640 362 2665 eo
392 2627 457 2678 qui
487 2633 545 2665 tot
573 2628 692 2665 urbes
728 2626 886 2678 ceperit,
917 2625 1065 2663 nullam
1101 2626 1285 2672 amiserit,
1314 2632 1501 2676 tanquam
1537 2625 1586 2664 de
1617 2640 1706 2678 pro-

236 2687 358 2726 ditore
386 2689 576 2739 judicium
610 2689 803 2732 exercuit3
848 2700 1059 2738 rursusque
1094 2688 1122 2725 si
1158 2699 1277 2738 quum
1315 2686 1379 2724 ille
1416 2686 1603 2725 rationem
1639 2689 1706 2726 ad-

236 2749 462 2788 ministratae
492 2750 716 2801 reipublicae
750 2757 1032 2801 reposceretur,
1060 2762 1258 2800 quumque
1286 2749 1430 2786 crimen
1457 2749 1495 2786 in
1528 2763 1569 2787 se
1599 2763 1708 2788 rece-

234 2812 381 2863 pissent
400 2811 448 2849 de
470 2813 585 2850 rebus
605 2812 764 2864 quidem
785 2811 902 2863 gestis
932 2810 1162 2863 Iphicrates,
1184 2810 1232 2847 de
1253 2810 1430 2861 pecuniae
1449 2824 1541 2848 vero
1561 2811 1708 2849 ratione

237 2873 509 2919 Menestheus,
528 2873 600 2912 hos
620 2874 776 2925 quidem
799 2872 1019 2918 absolverit,
1039 2871 1243 2910 Timotheo
1273 2879 1402 2910 autem
1430 2879 1581 2910 tantam
1607 2871 1707 2909 mul-

237 2943 341 2976 ctam
361 2936 583 2989 imposuerit
600 2944 784 2986 quantam
806 2935 868 2974 alii
889 2947 1059 2985 unquam
1083 2933 1239 2972 nemini.
1299 2933 1380 2973 Res
1402 2933 1580 2972 nimirum
1594 2933 1646 2972 ita
1664 2945 1704 2970 se
