1870 3277
256 173 332 209 ‘260
841 172 1035 210 lsOCRA
1045 172 1125 209 Tls

252 272 433 322 spoliatus
460 273 641 320 amiserit,
668 288 712 313 ac
743 282 822 313 tum
848 282 1000 326 propter
1026 288 1119 325 opes
1146 287 1235 313 suas
1261 276 1436 313 exsulare
1461 277 1510 314 sit
1533 282 1702 320 coactus,

253 346 354 373 nunc
384 346 430 372 eo
459 340 641 384 tempore,
661 349 738 385 quo
769 336 1009 375 ulsciscenda
1035 337 1106 374 sibi
1133 342 1236 373 esset
1261 336 1409 386 injuria,
1429 337 1639 388 ignominia
1657 337 1705 374 sit

253 394 456 433 notandus.
517 397 730 437 Accusabit
755 410 822 435 eos
850 399 979 444 etiam,
999 398 1064 448 qui
1092 405 1238 436 mutata
1258 399 1404 448 republ.
1427 398 1463 436 in
1484 400 1576 436 urbe
1598 411 1704 436 man-

254 462 398 501 serunt,
421 462 461 494 ut
480 469 524 494 ea
544 469 584 494 re
605 458 651 495 ad
675 458 877 496 maximam
899 472 964 498 vos
985 460 1286 510 indignationem
1313 460 1500 499 concitet:
1531 460 1704 497 fortassis

253 517 352 554 enim
379 517 523 556 audivit
554 531 600 555 ex
628 518 756 568 aliquo
784 532 867 566 vos,
893 522 923 558 si
953 529 1081 560 sontes
1109 534 1183 559 non
1212 521 1556 571 deprehenderitiS,
1575 522 1705 559 obvios

255 578 400 627 punire.
458 579 540 629 Ego
569 592 656 617 vero
684 593 754 619 nec
783 594 828 618 eo
856 595 922 620 vos
949 584 1076 621 animo
1105 597 1186 621 esse
1217 591 1322 633 puto,
1351 591 1389 621 et
1417 584 1466 622 ad
1493 583 1705 621 istiusmodi

253 639 418 678 rationes
440 640 552 678 facile
573 654 690 691 posse
710 643 929 692 responderi
952 657 1104 683 cense0.
1704 685 1707 687 ,

308 702 369 738 16.
401 702 459 740 Ac
476 703 582 752 quod
603 704 652 741 ad
673 703 966 743 lamentationes
987 706 1137 753 attinet,
1158 707 1263 744 vobis
1291 706 1484 756 juvandos
1511 718 1596 744 esse
1622 706 1709 743 dico.

252 775 327 800 non
348 775 414 799 eos
435 764 497 813 qui
521 777 560 801 se
586 764 938 803 calamitosissimos
968 780 1050 805 esse
1079 767 1322 813 declararint,
1343 767 1410 805 sed
1438 767 1503 818 qui
1534 780 1706 812 causam,

251 823 299 861 de
318 837 395 874 qua
415 824 520 862 litem
541 827 746 864 contestati
768 834 871 871 sunt,
888 828 1093 878 aequiorem
1113 841 1200 866 esse
1220 829 1427 879 probarint.
1485 829 1544 866 De
1564 829 1709 866 mulcta

253 898 354 930 vero,
384 885 575 936 siquidem
606 887 764 925 istarum
795 901 918 926 rerum
949 903 1021 940 ego
1053 898 1185 928 auctor
1215 903 1351 935 essem,
1380 890 1483 927 haud
1513 890 1649 940 injuria
1678 891 1710 927 si

252 959 364 997 poena
383 947 523 985 luenda
543 955 647 985 esset
664 948 765 986 illius
783 950 905 987 vicem
926 950 1129 993 doleretis:
1161 964 1265 988 nunc
1287 952 1365 1001 ipse
1385 951 1414 988 is
1435 958 1494 988 est
1513 952 1577 1001 qui
1601 952 1708 989 calu-

253 1009 428 1053 mnietur,
448 1022 565 1059 quare
583 1009 717 1046 merito
736 1010 882 1048 nullum
899 1011 981 1061 ejus
1002 1011 1144 1050 dictum
1168 1013 1398 1062 probabitis„
1447 1012 1599 1049 Deinde
1615 1012 1709 1049 illud

254 1070 368 1107 etiam
388 1070 694 1118 considerabitis,
714 1084 846 1110 omnes
867 1085 932 1110 eos
952 1074 1017 1124 qui
1037 1087 1057 1112 e
1078 1074 1224 1112 Piraeeo
1243 1074 1281 1111 in
1303 1074 1437 1110 urbem
1458 1079 1549 1110 sunt
1572 1073 1712 1110 reversi

252 1132 389 1170 eadem
419 1146 507 1182 quae
533 1133 649 1171 istum
675 1146 790 1184 posse
816 1134 958 1180 dicere,
977 1149 1138 1186 quorum
1163 1136 1260 1174 alius
1287 1148 1401 1174 nemo
1421 1147 1536 1172 ausus
1557 1142 1618 1172 est
1636 1135 1711 1172 tale

251 1194 377 1232 subire
402 1195 608 1245 judicium.
666 1196 787 1247 Atqui
808 1196 897 1234 odio
917 1198 1171 1249 persequendi
1193 1206 1283 1235 sunt
1300 1197 1474 1234 homines
1495 1196 1712 1234 istiusmodi

250 1263 288 1295 et
308 1256 397 1294 mali
417 1257 519 1295 cives
541 1256 722 1303 habendi,
737 1258 817 1308 qui,
838 1258 875 1296 in
893 1258 1026 1298 iisdem
1049 1260 1156 1298 malis
1173 1273 1261 1297 cum
1277 1258 1426 1297 caeteris
1443 1258 1596 1301 versati,
1615 1257 1710 1295 alias

249 1331 365 1368 quam
394 1319 521 1357 caeteri
550 1332 684 1369 poenas
714 1333 864 1358 sumere
894 1321 1041 1358 volunt.
1099 1321 1304 1365 Praeterea,
1324 1333 1427 1357 nunc
1453 1319 1567 1356 etiam
1591 1320 1624 1356 ei
1651 1326 1711 1356 est

251 1381 456 1430 integrum,
486 1381 710 1431 priusquam
746 1387 882 1419 vestrae
917 1382 1116 1418 sententiae
1150 1381 1362 1431 periculum
1400 1379 1531 1422 faciat,
1561 1379 1713 1417 actione

250 1442 393 1480 omissa
423 1448 505 1480 toto
535 1442 691 1492 negotio
721 1442 885 1480 liberari.
945 1442 1084 1480 Nonne
1113 1451 1239 1480 autem
1270 1441 1480 1480 absurdum
1509 1448 1569 1478 est
1597 1441 1711 1478 istum

251 1504 287 1540 in
309 1516 356 1542 eo
376 1503 547 1554 perleulo
567 1516 590 1541 a
609 1503 716 1541 vobis
736 1509 866 1553 petere
887 1503 1202 1549 misericordiam,
1221 1503 1325 1553 quod
1346 1515 1463 1552 penes
1483 1502 1611 1552 ipsum
1638 1509 1712 1545 est,

259 1571 297 1602 et
319 1564 356 1602 in
376 1564 482 1614 quod
501 1577 543 1602 se
562 1563 644 1614 ipse
664 1564 829 1614 conjecit
850 1570 888 1601 et
906 1577 983 1613 quo
1001 1564 1116 1602 etiam
1138 1576 1240 1601 nunc
1256 1562 1406 1602 liberari
1425 1561 1579 1613 potest?

312 1627 374 1663 17.
405 1626 445 1662 Si
466 1638 554 1663 vero
576 1638 705 1664 earum
727 1638 852 1662 rerum
873 1638 959 1675 quae
980 1625 1015 1663 in
1040 1624 1251 1676 oligarcliia
1273 1631 1392 1675 gestae
1422 1630 1513 1662 sunt
1539 1622 1715 1662 oblivisci

256 1687 402 1737 nequit,
425 1688 473 1725 ab
494 1686 626 1724 eodem
649 1686 841 1737 postulate
863 1700 910 1725 ne
931 1694 1090 1728 accuset
1111 1700 1156 1725 ea
1175 1687 1224 1724 de
1247 1687 1386 1736 quibus
1414 1698 1527 1724 nemo
1556 1697 1712 1736 respon-

252 1761 363 1787 surus
383 1755 455 1790 est,
475 1748 543 1786 sed
565 1755 608 1786 ut
627 1747 723 1790 illud
743 1747 892 1793 doceat,
914 1761 973 1785 me
993 1748 1176 1798 pecunias
1203 1747 1420 1791 abstulisse,
1439 1746 1488 1784 de
1512 1759 1588 1797 quo
1608 1746 1714 1784 vobis

254 1810 575 1861 pronuntiandum
603 1817 676 1854 est,
699 1823 823 1860 neque
852 1810 1035 1848 ostendat
1055 1823 1095 1848 se
1115 1809 1283 1860 indignis
1304 1815 1507 1846 tractatum
1527 1821 1613 1846 esse
1632 1821 1713 1845 mo-

255 1871 327 1916 dis,
347 1871 417 1909 sed
436 1885 496 1910 me
517 1871 658 1909 fecisse
678 1872 825 1921 probet,
847 1885 870 1908 a
889 1884 966 1921 quo
985 1884 1031 1909 ea
1049 1884 1137 1922 quae
1155 1871 1282 1909 amisit
1305 1882 1531 1921 recuperare
1558 1868 1689 1906 studet
1707 1882 1715 1905 ε

256 1945 344 1973 nam
364 1947 404 1972 se
419 1933 571 1984 quidem
588 1933 854 1971 calamitosum
869 1946 968 1978 esse,
984 1933 1155 1984 quemvis
1172 1932 1311 1970 civium
1334 1931 1554 1971 accusando
1574 1932 1715 1982 poterit

257 1995 474 2035 ostendere.
532 1995 658 2033 Decet
687 2002 815 2033 autern
844 1995 947 2045 apud
967 2007 1034 2032 vos
1059 1995 1189 2044 magni
1215 2007 1299 2032 esse
1326 1993 1524 2038 momenti,
1544 2005 1620 2030 non
1646 2005 1713 2030 eas

257 2057 519 2096 accusationes
546 2057 684 2106 quibus
711 2056 826 2094 etiam
854 2064 988 2094 contra
1013 2056 1185 2094 insontes
1213 2056 1267 2094 uti
1292 2056 1420 2101 liceat,
1440 2054 1509 2093 sed
1534 2067 1598 2092 eas
1625 2067 1712 2105 quae

258 2130 336 2157 non
355 2118 427 2155 nisi
451 2118 489 2154 in
514 2124 687 2155 auctores
713 2117 934 2169 injuriarum
958 2118 1207 2156 conveniunt.
1264 2118 1327 2156 Ad
1356 2116 1430 2154 ista
1458 2116 1573 2167 igitur
1597 2117 1714 2154 verba

260 2177 464 2218 refutanda
482 2185 521 2216 et
538 2178 621 2217 haec
641 2180 804 2217 fortasse
825 2179 1019 2217 sufficiunt
1038 2186 1077 2217 et
1096 2186 1186 2230 post
1203 2179 1274 2217 erit
1293 2178 1549 2229 respondendi
1568 2177 1694 2215 loc-us.

317 2241 377 2277 18.
409 2240 586 2290 Cogitate
603 2253 728 2290 porro,
748 2241 897 2278 etiamsi
917 2253 977 2278 me
998 2240 1134 2291 aliquis
1156 2240 1291 2279 eadem
1308 2240 1367 2278 bis
1387 2238 1580 2277 inculcare
1597 2237 1719 2284 dicat,

261 2302 402 2341 multos
420 2308 642 2353 exspectare
661 2301 775 2353 hujus
796 2302 935 2353 judicii
962 2308 1155 2349 eventum,
1183 2315 1260 2339 non
1279 2301 1384 2352 quod
1408 2308 1541 2339 nostra
1560 2300 1714 2350 negotia

259 2372 406 2408 curent,
429 2363 496 2401 sed
515 2363 620 2413 quod
648 2363 867 2401 existimant
893 2362 941 2400 de
966 2363 1108 2401 foedere
1129 2363 1318 2414 judicium
1347 2363 1441 2400 fieri.
1496 2361 1605 2404 Quos
1631 2374 1714 2412 pro÷

259 2425 434 2465 nuntiato
453 2438 499 2462 eo
518 2423 627 2475 quod
649 2424 797 2475 justum
822 2430 882 2462 est
900 2436 969 2462 vos
988 2423 1089 2462 omni
1110 2432 1214 2462 metu
1234 2423 1463 2462 liberabitis:
1494 2422 1552 2460 sin
1573 2422 1711 2467 minus,

258 2486 395 2536 quibus
413 2486 550 2524 animis
571 2486 649 2524 fore
671 2485 835 2523 censetis
856 2497 921 2522 eos
942 2486 1007 2536 qui
1032 2485 1071 2522 in
1097 2487 1189 2524 urbe
1216 2490 1496 2531 remanserunt,
1522 2483 1552 2521 si
1573 2483 1712 2534 pariter

259 2548 433 2587 omnibus
471 2547 583 2586 irasci
620 2547 824 2585 videamini
857 2547 922 2598 qui
959 2547 1062 2584 illam
1099 2548 1372 2598 rempublicam
1409 2545 1710 2596 participarunt?

259 2610 508 2661 Quantopere
528 2617 716 2660 augentur
731 2609 796 2660 qui
810 2608 871 2646 vel
890 2609 997 2659 parvi
1017 2608 1147 2646 delicti
1166 2609 1238 2646 sibi
1256 2608 1397 2647 conscii
1417 2606 1568 2652 fuerint,
1584 2606 1616 2644 si
1636 2620 1709 2645 nec

259 2671 562 2710 modestissimos
581 2671 649 2721 jus
677 2683 789 2714 suum
816 2669 978 2708 viderint
1003 2682 1117 2720 posse
1145 2668 1329 2720 adipisci?
1365 2668 1498 2719 quanti
1523 2667 1709 2706 tumultus

259 2732 535 2776 excitabuntur,
563 2745 682 2782 quum
711 2732 794 2769 aliis
821 2732 976 2770 additus
1002 2730 1150 2769 animus
1180 2729 1296 2767 fuerit
1317 2729 1368 2767 ad
1397 2729 1709 2769 calumniandum

260 2794 370 2845 quasi
395 2807 515 2833 causa
539 2793 708 2844 ipsorum
734 2795 814 2844 jam
844 2806 867 2832 a
891 2793 998 2831 vobis
1028 2792 1290 2843 comprobata,
1319 2791 1383 2829 alii
1411 2791 1515 2829 hunc
1544 2791 1708 2829 civitatis

260 2861 401 2898 statum
426 2855 695 2905 pertimescent
716 2867 793 2903 nee
820 2855 941 2893 ullum
967 2853 1037 2894 sibi
1060 2853 1283 2903 confugium
1303 2852 1479 2891 relietum
1501 2865 1584 2890 esse
1603 2852 1708 2890 vide-

259 2916 378 2962 bunt?
407 2917 549 2961 Annon
562 2917 816 2965 *metuendum
837 2924 913 2962 est,
943 2929 989 2966 ne
1006 2914 1255 2966 jurejurando
1274 2915 1417 2953 violato
1437 2914 1564 2952 denuo
1584 2913 1622 2952 in
1643 2913 1708 2952 illa
