1870 3277
726 577 1202 632 ISOCRATIS

542 714 1400 764 PANATHENAICUS.

911 847 1042 855 ——-

304 930 337 966 l.
370 928 509 973 QuuM
538 927 670 980 junior
690 941 829 974 essem,
853 928 1050 966 orationes
1073 928 1239 966 scribere
1259 927 1405 965 institui
1423 940 1500 965 non
1522 925 1719 964 fabulosas

242 1004 370 1041 neque
391 990 559 1042 portenti
580 991 852 1041 mendaciique
880 990 1028 1042 plenas,
1050 990 1188 1041 quibus
1216 990 1412 1028 hominum
1432 989 1572 1039 vulgus
1594 987 1717 1038 magis

243 1052 390 1104 gaudet
419 1066 535 1102 quam
557 1053 606 1090 ad
628 1053 792 1090 salutem
815 1065 924 1090 suam
955 1053 1249 1103 pertinentibus,
1276 1065 1404 1101 neque
1431 1064 1497 1089 eas
1519 1051 1555 1087 in
1576 1051 1717 1100 quibus

242 1128 303 1152 res
321 1115 412 1152 olIrn
434 1122 553 1164 gestae
570 1121 608 1152 et
637 1115 740 1152 bella
758 1114 984 1152 Graecorum
1007 1114 1266 1164 explicantur,
1295 1112 1470 1164 quamvis
1489 1112 1624 1150 scirem
1652 1124 1719 1149 eas

236 1176 324 1227 jure
341 1174 505 1220 laudari,
522 1188 593 1213 nec
615 1188 680 1213 eas
697 1175 811 1213 etiam
833 1188 920 1226 quae
936 1175 1131 1225 simplices
1150 1174 1341 1212 habentur
1356 1181 1396 1212 et
1411 1174 1513 1211 omni
1527 1172 1720 1224 elegantia

245 1244 392 1283 carent,
425 1250 524 1287 quas
562 1237 750 1275 causidici
788 1237 1102 1275 adolescentibus
1139 1236 1383 1273 meditandas
1422 1249 1509 1273 esse
1545 1240 1723 1281 censent,

247 1298 440 1350 siquidem
474 1299 628 1336 vincere
659 1299 844 1336 studeant
876 1298 1132 1342 adversarios,
1167 1298 1235 1335 sed
1271 1298 1330 1335 his
1361 1297 1539 1335 omnibus
1572 1297 1723 1335 omissis

246 1361 330 1398 illas
351 1361 566 1398 tractabam
586 1374 674 1411 quae
691 1361 784 1411 quid
805 1367 844 1398 et
873 1360 1036 1411 reipubl.
1056 1367 1198 1398 nostrae
1219 1367 1258 1398 et
1286 1360 1435 1397 Graecis
1456 1359 1634 1397 omnibus
1657 1371 1723 1398 ex-

248 1422 398 1474 pediret
431 1423 698 1467 ostenderent,
726 1429 764 1460 et
795 1430 877 1460 tum
912 1422 1211 1473 enthymematis
1242 1422 1373 1459 multis
1401 1422 1552 1459 refertae
1579 1426 1725 1467 essent,

248 1493 331 1523 tum
353 1497 427 1521 non
464 1497 590 1534 pauca
619 1483 882 1534 contraposita
913 1491 952 1521 et
981 1485 1179 1535 comparia
1211 1483 1456 1522 continerent
1488 1490 1726 1533 caeterasque

250 1547 396 1598 figuras
417 1559 506 1596 quae
536 1546 573 1582 in
595 1546 831 1596 eloquentiae
860 1546 991 1584 studio
1019 1546 1210 1597 effulgent
1241 1553 1357 1596 atque
1385 1545 1580 1583 auditores
1613 1551 1727 1596 gestu

251 1615 290 1646 et
311 1622 404 1646 voce
433 1608 667 1660 applaudere
688 1616 875 1659 cogerent
896 1622 903 1645 ε
934 1623 1039 1648 nunc
1065 1623 1157 1647 vero
1184 1610 1298 1660 longe
1321 1609 1396 1647 alia
1419 1622 1507 1647 mea
1533 1609 1631 1647 ratio
1653 1617 1727 1648 est.

254 1670 338 1708 Nec
358 1671 459 1708 enirn
480 1672 590 1709 annis
611 1671 824 1722 nonaginta
840 1679 1020 1721 quatuor,
1035 1685 1132 1722 quos
1147 1685 1221 1722 ego
1239 1678 1350 1709 natus
1367 1683 1466 1717 sum,
1483 1684 1554 1709 nec
1571 1672 1729 1710 omnino

252 1731 297 1770 iis
331 1732 396 1783 qui
430 1746 550 1771 canos
577 1733 659 1784 jam
690 1733 850 1779 habent,
871 1734 1081 1771 convenire
1109 1734 1271 1771 arbitror
1300 1740 1341 1770 ut
1369 1746 1415 1770 eo
1449 1733 1566 1771 modo
1600 1734 1729 1772 adhuc

253 1794 402 1840 dicant,
424 1795 495 1832 sed
526 1794 579 1833 ita
604 1796 734 1845 potius
768 1796 1101 1846 quemadmodum
1129 1809 1261 1833 omnes
1296 1802 1453 1846 sperent
1483 1796 1514 1832 si
1546 1797 1730 1847 optarint,

254 1869 369 1894 nemo
389 1864 518 1894 autem
540 1856 653 1895 facile
682 1858 806 1908 possit
826 1858 898 1895 nisi
925 1864 964 1895 et
984 1858 1147 1896 tolerare
1168 1857 1320 1895 labores
1342 1865 1381 1895 et
1408 1858 1654 1896 vehementer
1673 1858 1731 1896 in-

254 1918 410 1968 genium
429 1918 628 1956 intendere
650 1919 824 1956 voluerit.
876 1919 975 1956 Haec
995 1926 1196 1970 propterea
1216 1932 1298 1957 sum
1322 1919 1522 1969 praefatus,
1540 1920 1571 1957 si
1591 1920 1732 1971 quibus

255 1980 340 2018 haec
361 1980 484 2018 oratio
512 1994 599 2031 quae
618 1993 723 2018 nunc
755 1980 979 2018 recitabitur
1008 1980 1159 2018 mollior
1189 1981 1294 2031 prius
1320 1980 1433 2019 editis
1461 1981 1664 2028 videbitur,
1685 1995 1734 2021 ne

257 2055 343 2079 eam
365 2055 452 2080 cum
475 2042 626 2080 illarum
647 2042 831 2080 varietate
860 2042 1074 2088 conferant,
1095 2042 1161 2080 secl
1193 2055 1238 2079 ea
1267 2042 1415 2080 ratione
1434 2055 1551 2094 quam
1583 2044 1736 2094 probari

258 2103 371 2141 nobis
392 2104 430 2140 in
451 2104 662 2154 praesentia
682 2104 926 2141 ostendimus
947 2104 994 2141 de
1015 2117 1058 2142 ea
1072 2104 1263 2154 judicent.

313 2168 352 2204 ⁴2.
384 2166 584 2204 Disseratn
606 2174 736 2204 autem
759 2173 797 2204 et
818 2166 866 2204 de
891 2167 1006 2204 rebus
1035 2173 1178 2204 nostrae
1204 2165 1308 2204 urbis
1331 2165 1449 2217 gestis
1470 2174 1508 2204 et
1527 2167 1576 2206 de
1595 2167 1736 2206 virtute

261 2233 464 2279 majorum,
488 2243 566 2267 non
595 2230 642 2267 ab
664 2229 738 2267 illis
770 2229 891 2268 ducto
912 2229 1083 2276 exordio,
1103 2229 1173 2267 sed
1199 2230 1247 2268 ab
1268 2230 1310 2267 iis
1332 2243 1419 2281 quae
1445 2230 1517 2282 ipsi
1538 2232 1630 2270 mihi
1649 2234 1737 2271 eve-

262 2299 429 2331 nerunt:
457 2291 542 2329 haee
563 2291 667 2329 enim
687 2291 966 2330 antevertenda
985 2304 1072 2330 esse
1095 2292 1209 2330 duco.

320 2356 357 2393 3.
389 2354 477 2404 Ego
506 2367 627 2404 quum
657 2353 823 2392 honeste
855 2366 901 2392 ac
933 2354 1014 2392 sine
1047 2354 1278 2406 cujusquam
1297 2354 1479 2393 molestia
1506 2355 1634 2394 vivere
1654 2370 1739 2408 per-

264 2424 382 2470 petuo
402 2416 630 2462 studuerim,
649 2416 697 2454 ab
714 2414 898 2467 improbis
919 2422 959 2452 et
979 2416 1154 2454 obscuris
1177 2416 1412 2468 quibusdam
1432 2417 1616 2469 sophistis
1632 2419 1741 2457 nullo

267 2494 345 2519 non
377 2486 550 2530 tempore
581 2492 666 2517 sum
700 2477 905 2516 calumniis
935 2478 1170 2529 exagitatus,
1192 2479 1310 2525 unde,
1336 2493 1456 2530 quum
1489 2480 1553 2518 alii
1582 2494 1642 2519 me
1662 2495 1740 2520 non

267 2543 361 2581 satis
383 2547 626 2593 pernossent,
649 2540 769 2579 talem
791 2539 1021 2592 judicarunt
1051 2540 1204 2591 qualern
1231 2554 1317 2579 esse
1350 2542 1398 2579 ab
1418 2542 1503 2580 aliis
1524 2543 1740 2582 audierant.

268 2604 315 2642 In
336 2603 465 2654 primis
493 2603 611 2654 igitur
638 2610 678 2641 et
698 2602 747 2641 de
772 2614 833 2639 me
852 2601 937 2653 ipso
956 2602 1084 2640 dicam
1114 2608 1154 2640 et
1172 2602 1220 2640 de
1242 2602 1316 2641 illis
1344 2603 1409 2654 qui
1430 2604 1484 2642 sic
1505 2604 1554 2642 de
1575 2618 1636 2643 me
1651 2619 1741 2644 sen-

267 2666 380 2710 tiunt,
400 2671 456 2709 ut,
476 2664 506 2703 si
522 2665 620 2703 forte
641 2664 681 2703 id
701 2664 888 2714 consequi
906 2663 1034 2710 liceat,
1055 2670 1094 2701 et
1116 2663 1323 2703 maledicta
1342 2664 1494 2702 illorum
1517 2666 1740 2717 reprimam,

268 2733 309 2765 et
327 2725 411 2763 aliis
431 2725 638 2764 ostendam
659 2726 697 2764 in
718 2726 858 2777 quibus
879 2737 1049 2764 versarer
1069 2725 1228 2764 studiis:
1260 2739 1347 2776 quae
1378 2726 1410 2764 si
1441 2727 1616 2766 oratione
1648 2741 1743 2768 con-

270 2796 458 2828 sentanea
485 2789 679 2840 explicare
706 2795 887 2841 potuero,
910 2801 1000 2840 spes
1030 2787 1123 2826 mihi
1149 2794 1223 2834 est,
1245 2795 1284 2827 et
1310 2789 1447 2840 reliqui
1467 2790 1537 2827 aevi
1558 2791 1640 2829 sine
1659 2804 1744 2833 mo-

270 2851 385 2890 lestia
404 2851 598 2901 exigendi,
616 2858 655 2889 et
672 2851 789 2903 hujus
810 2850 993 2890 orationis
1013 2864 1100 2890 cum
1122 2851 1337 2891 attentione
1356 2852 1499 2904 majore
1528 2866 1659 2893 eorum
1678 2853 1745 2904 qui

273 2912 417 2952 adsunt
437 2912 702 2951 absolvendae.
