1870 3277
210 161 287 196 512
830 167 1062 206 GORGIAE

205 265 340 304 turus?
371 267 429 304 An
444 267 630 306 obsides?
688 270 740 308 Ut
757 271 787 308 si
809 284 882 322 ego
900 273 1053 310 fratrem
1073 273 1270 312 dedissem
1290 296 1341 302 —-
1361 277 1543 326 quoniam
1559 280 1674 318 alium

203 340 280 365 non
302 328 494 367 habebam
514 352 580 376 ——,
601 331 787 370 barbarus
810 333 975 384 aliquem
998 348 1043 371 ex
1065 335 1216 374 liberis:
1248 336 1331 374 baec
1353 337 1453 375 enim
1477 339 1573 377 inter
1597 354 1669 379 nos

201 389 316 427 fidem
348 391 590 441 peperissent
622 395 844 433 maximam.
905 396 1047 433 Verum
1080 410 1126 434 ea
1155 398 1262 434 vobis
1295 399 1461 436 fuissent
1493 402 1669 440 omnibus

202 457 348 501 aperta.
409 451 486 489 Sed
517 453 655 504 aliquis
677 456 860 505 pecunias
887 458 1145 495 intercessisse
1168 459 1284 504 dicet,
1306 473 1400 509 quas
1423 460 1485 498 ilie
1507 461 1670 508 dederit,

200 525 276 563 ego
307 514 535 564 acceperim.
596 516 734 553 Utrum
770 518 944 568 paucas?
993 519 1082 556 Non
1114 527 1195 558 erat
1229 535 1385 571 aequum
1422 536 1566 572 paucas
1601 538 1669 575 pro

199 588 344 626 magno
364 577 537 627 accipere
552 577 775 615 ministerio.
837 580 901 616 An
925 580 1089 618 multas?
1120 582 1326 625 Quomodo
1347 590 1439 620 sunt
1456 583 1570 633 igitur
1587 598 1672 636 per-

196 637 312 675 latae?
341 637 416 676 Per
433 652 563 683 unum,
585 652 633 677 an
653 653 721 690 per
740 639 897 691 plures?
927 641 967 677 Si
986 641 1093 679 multi
1113 643 1369 693 pertulerunt,
1386 645 1494 682 multi
1515 646 1671 684 fuerunt

196 698 420 736 insidiarum
443 707 589 744 testes;
623 701 654 738 si
676 715 791 747 unus,
808 715 884 739 non
906 703 1069 740 multum
1086 704 1153 741 fuit
1171 705 1347 742 allatum.
1405 706 1494 743 Jam
1509 708 1668 757 quando

195 761 463 812 pertulerunt?
501 763 674 801 Interdiu
709 776 755 800 an
788 764 938 802 noctu?
969 766 1119 815 [Noctu
1134 766 1167 814 ?]
1213 767 1360 803 Multas
1384 774 1422 804 et
1444 767 1666 818 frequentes

194 824 379 863 excubias
397 838 509 863 nemo
526 826 649 876 possit
665 826 795 864 latere.
855 826 1054 864 Interdiu?
1084 827 1231 864 Lucem
1249 828 1310 864 hae
1331 841 1390 866 res
1408 842 1537 866 exosae
1559 838 1665 869 sunt.

195 886 348 925 Deinde
374 900 556 937 egressus
587 901 661 937 ego
694 888 840 937 accepi,
869 900 917 924 an
944 887 1007 925 ille
1041 888 1087 924 ad
1123 901 1184 925 me
1211 896 1271 926 est
1305 889 1532 938 ingressus?
1564 892 1664 929 Nam

193 957 400 1000 utrumque
422 956 483 987 est
503 950 729 988 absurdum.
788 950 987 1000 Acceptus
1008 963 1099 987 vero
1122 963 1200 1000 qua
1221 950 1369 988 ratione
1397 957 1436 987 et
1458 951 1664 990 familiares

191 1019 232 1050 et
258 1012 351 1050 alios
383 1011 635 1050 celavissem?
664 1012 730 1049 ubi
751 1010 1047 1061 deposuissem?
1077 1011 1275 1061 quomodo
1304 1012 1539 1048 servassem?
1569 1013 1657 1052 Sive

192 1081 337 1121 uterer,
355 1067 584 1113 manifestus
605 1074 771 1113 fiebam?
801 1075 882 1111 sive
900 1087 977 1111 non
1001 1081 1141 1119 uterer,
1163 1074 1256 1124 quid
1278 1073 1485 1124 proderat?
1515 1074 1662 1114 Verum

193 1139 271 1176 sint
289 1151 347 1183 ea,
365 1152 453 1188 quae
469 1151 668 1189 nunquam
687 1137 875 1181 accidere,
895 1137 1013 1175 facta.
1072 1137 1350 1181 Convenimus,
1372 1137 1490 1175 locuti
1512 1152 1662 1185 sumuS,

191 1200 424 1247 audivimus,
456 1201 661 1252 pecuniam
694 1199 932 1249 accepimus,
961 1206 1165 1250 acceptam
1192 1198 1328 1236 celavi.
1386 1199 1473 1236 Jam
1495 1200 1547 1246 id,
1569 1215 1665 1252 quo-

189 1275 274 1299 rum
296 1262 381 1300 haee
403 1263 547 1301 fiebant
565 1275 696 1306 causa,
718 1261 987 1313 peragendum
1007 1267 1103 1299 erat.
1161 1262 1215 1299 At
1244 1260 1282 1298 id
1315 1260 1429 1298 etiam
1452 1269 1523 1308 est,
1544 1277 1660 1314 quam

187 1325 401 1374 superiora,
420 1325 616 1364 Incertius.
676 1324 791 1369 Quod
824 1325 923 1362 enim
957 1324 1134 1373 agebam,
1155 1324 1261 1362 solus
1284 1337 1331 1362 an
1356 1337 1443 1361 cum
1466 1325 1546 1363 aliis
1569 1340 1660 1377 age-

186 1387 302 1424 bam?
330 1387 421 1425 Non
442 1394 503 1425 est
522 1387 636 1424 unius
653 1399 765 1437 opus.
823 1386 922 1423 Cum
943 1386 1056 1424 aliis?
1087 1386 1238 1430 Quibus
1259 1386 1422 1424 borum?
1453 1388 1580 1425 Servis
1609 1403 1658 1428 an

185 1449 346 1488 liberis?
376 1451 433 1488 Ac
448 1458 618 1489 vestrum
643 1450 799 1500 quidem
820 1450 884 1499 qui
906 1450 998 1486 estis
1020 1449 1128 1487 liberi
1150 1449 1255 1486 dieat
1275 1449 1495 1500 quisquam,
1512 1451 1543 1487 si
1562 1451 1655 1501 quid

185 1514 308 1551 novit.
366 1513 473 1551 Servi
494 1520 623 1550 autem
642 1512 755 1549 fidem
777 1524 853 1548 non
873 1518 1093 1548 merentur:
1125 1511 1314 1560 siquidem
1330 1518 1367 1547 et
1381 1511 1480 1548 ultro
1500 1519 1658 1562 propter

182 1574 398 1613 libertatem
426 1582 464 1613 et
490 1575 591 1613 malo
618 1574 742 1612 coacti
769 1579 972 1612 accusant.
1029 1572 1117 1610 Jam
1152 1585 1212 1610 res
1244 1579 1284 1610 ut
1304 1572 1473 1610 accidit?
1505 1574 1657 1625 Nempe

182 1636 313 1675 hostes
328 1637 435 1675 vobis
455 1637 695 1687 potentiores
712 1634 1129 1674 erantintroducendi:
1160 1634 1264 1684 quod
1285 1641 1346 1671 est
1362 1633 1464 1671 factu
1483 1634 1654 1674 difficile.

184 1698 392 1742 Quomodo
411 1699 528 1749 igitur
548 1697 875 1736 introduxissem?
906 1696 983 1734 Per
1003 1695 1159 1746 portas?
1191 1695 1265 1733 Eas
1287 1694 1378 1732 mihi
1403 1708 1529 1746 neque
1549 1697 1656 1735 clau-

182 1761 271 1799 dere
293 1774 418 1812 neque
438 1761 586 1812 aperire
607 1760 840 1811 permissum
862 1765 933 1804 est,
953 1771 1087 1796 verum
1109 1771 1130 1795 a
1151 1757 1317 1795 ducibus
1339 1764 1535 1795 curantur.
1594 1760 1655 1797 An

179 1823 281 1861 ultra
302 1836 432 1861 muros
454 1836 521 1873 per
541 1821 694 1860 scalas?
725 1821 868 1859 Omnia
891 1827 982 1859 sunt
1002 1820 1176 1858 excubiis
1206 1819 1335 1870 plena.
1394 1820 1458 1856 An
1487 1819 1652 1871 denique

177 1885 275 1923 muri
296 1891 403 1934 parte
423 1883 599 1934 dejecta?
631 1883 675 1921 Id
696 1884 873 1920 omnibus
895 1882 1032 1920 fuisset
1047 1881 1315 1932 conspicuum,
1331 1880 1650 1931 quandoquidem

179 1948 251 1985 sub
272 1947 334 1985 dio
354 1947 391 1984 in
414 1946 549 1985 castris
571 1945 738 1995 degitur,
759 1952 874 1996 atque
897 1944 1067 1982 omnium
1092 1943 1188 1981 visui
1208 1949 1342 1994 patent
1362 1942 1502 1982 omnia.
1561 1945 1651 1988 Quo

177 2009 235 2057 fit,
257 2016 300 2048 ut
319 2009 475 2047 omnino
497 2009 588 2046 nihil
610 2008 762 2046 efficere
782 2008 986 2058 potuerim.

234 2073 270 2109 3.
302 2072 418 2109 Nunc
445 2070 561 2109 etiarn
588 2069 681 2107 illud
709 2069 819 2107 simul
849 2069 1105 2113 considerate,
1128 2081 1196 2106 cur
1214 2068 1299 2106 haec
1321 2080 1436 2118 agere
1457 2068 1556 2107 velle
1579 2070 1648 2108 de-

175 2134 337 2172 buerim.
396 2133 523 2171 Nemo
544 2133 664 2184 gratis
685 2133 895 2170 maximum
919 2132 1021 2169 subit
1043 2130 1266 2176 discrimen,
1289 2144 1362 2168 nec
1382 2130 1647 2180 turpissimum

174 2195 380 2234 committit
410 2195 552 2233 scelus.
612 2195 749 2232 Utrum
779 2193 898 2244 igitur
918 2193 1025 2231 vobis
1057 2206 1105 2231 an
1131 2192 1304 2231 barbaris
1329 2199 1372 2230 ut
1391 2192 1646 2243 imperarem?

174 2257 296 2295 Vobis
317 2271 393 2295 non
420 2263 606 2309 poteram,
626 2256 691 2306 qui
713 2261 772 2293 tot
795 2268 840 2294 ac
868 2255 965 2293 tales
987 2255 1095 2301 estis,
1115 2255 1333 2305 quibusque
1352 2254 1482 2292 omnia
1502 2268 1646 2306 suppe-

173 2325 262 2358 tunt
281 2320 462 2364 maxima,
485 2318 673 2369 majorum
693 2316 867 2362 virtutes,
888 2329 1003 2366 opum
1024 2316 1150 2367 copia,
1171 2315 1370 2361 fortitudo,
1389 2317 1645 2367 magnanimi·

171 2388 246 2425 ἵεις,
279 2381 430 2419 urbium
462 2380 646 2418 dominia.
702 2379 764 2415 An
801 2378 1035 2429 [barbaris]?
1083 2378 1179 2422 Quis
1216 2377 1388 2416 traderet
1420 2378 1645 2429 imperium?

124 2456 126 2459 ’
172 2444 324 2488 Quibus
344 2457 418 2495 ego
437 2442 580 2480 viribus
600 2440 814 2492 acciperem
835 2441 1019 2478 barbaros
1041 2439 1377 2485 Graecus‚multos
1394 2441 1524 2479 unus?
1555 2440 1646 2479 Per-

171 2506 353 2544 suasione
382 2518 430 2543 an
449 2504 509 2542 vi?
549 2504 650 2541 Nam
670 2515 743 2540 nec
764 2501 818 2540 illi
848 2508 1012 2552 possent
1032 2501 1270 2552 persuaderi,
1300 2514 1371 2539 nee
1393 2515 1467 2552 ego
1487 2515 1638 2551 cogere.

171 2568 249 2607 Sed
270 2568 369 2606 ultro
389 2567 563 2605 fortassis
578 2566 680 2603 hanc
701 2563 929 2615 proditionis
948 2563 1170 2601 mercedem
1186 2562 1470 2614 rependerent?
1500 2563 1552 2600 At
1565 2562 1641 2602 hoc

168 2637 209 2668 et
235 2630 390 2668 credere
411 2630 510 2667 foret
529 2636 568 2666 et
588 2627 786 2678 suscipere
812 2639 889 2664 non
915 2624 1010 2663 levis
1029 2624 1206 2662 insania:
1237 2624 1322 2674 quis
1342 2624 1442 2661 enim
1462 2624 1639 2664 libertate

164 2692 400 2737 servitutem,
429 2690 575 2742 optima
593 2702 634 2727 re
661 2689 866 2740 pessimam
887 2685 1164 2725 commutavit?
1224 2685 1302 2723 Sed
1329 2685 1467 2736 aliquis
1488 2699 1550 2725 me
1571 2701 1640 2737 pe-

168 2754 295 2792 cuniae
315 2752 528 2803 cupiditate
545 2751 630 2790 baec
650 2763 876 2801 aggressum
893 2749 1011 2787 dicet.
1069 2748 1154 2798 Ego
1173 2760 1263 2785 vero
1283 2760 1356 2785 nec
1377 2747 1638 2788 mediocribus

169 2816 305 2867 opibus
337 2827 463 2859 careo,
492 2827 565 2851 nec
599 2812 825 2864 splendidas
852 2811 1019 2862 requiro,
1087 2809 1170 2847 Has
1198 2808 1298 2847 enim
1326 2809 1508 2859 quaerunt
1526 2810 1549 2847 ii
1570 2811 1637 2861 qui

168 2884 347 2929 sumptus
363 2890 527 2928 magnos
547 2875 709 2922 faciunt,
730 2888 806 2912 non
827 2875 891 2925 qui
905 2873 1076 2925 corporis
1095 2872 1242 2910 libidini
1260 2873 1463 2924 imperant,
1482 2874 1548 2911 sed
1571 2874 1636 2924 qui

167 2940 338 2979 serviunt
369 2946 408 2977 et
440 2951 556 2992 opum
592 2944 707 2988 atque
738 2935 1048 2987 magnificientiae
1080 2934 1220 2974 auxilio
1248 2934 1416 2973 honores
1446 2934 1634 2981 ambiunt.
