1870 3277
259 168 334 204 354
480 163 592 202 ISAEl
626 163 695 202 DE
725 159 1080 200 DlCAEOGENlS
1112 159 1479 198 HEREDITATE.

258 269 440 309 occubuit
453 269 492 306 in
508 282 639 320 pugna
653 268 755 320 apud
773 265 954 313 Cnidum,
969 264 1215 303 trierarcbatu
1231 265 1396 314 fungens
1412 262 1518 301 navis
1535 261 1699 300 Parhali.

262 329 376 368 Hanc
401 337 441 368 tu
468 330 639 375 domum,
662 330 909 379 Dicaeogene,
928 340 1015 365 cum
1043 325 1277 376 suscepisses
1308 326 1345 362 in
1372 337 1504 362 manus
1532 324 1598 361 tibi
1628 330 1703 360 tra-

261 390 380 429 ditam
405 392 547 443 optime
574 392 837 435 constitutam,
857 390 1018 441 pessime
1048 401 1195 426 summo
1219 401 1306 425 cum
1324 386 1511 424 dedecore
1530 398 1704 436 pessum-

263 452 405 491 dedisti
425 460 464 492 et
482 453 672 498 lacerasti,
686 452 760 490 alia
780 452 861 503 ejus
878 450 959 488 aliis
974 449 1174 489 vendendo
1192 449 1406 499 fundosque
1425 447 1586 484 nummis
1601 459 1704 484 com-

263 513 471 552 mutando:
500 521 539 552 et
562 512 807 551 nihilominus
836 520 962 550 tamen
990 517 1255 562 paupertatem
1283 508 1471 560 quereris!
1505 506 1596 557 qui?
1630 519 1704 557 quo

264 572 482 624 impendisti
496 575 601 614 illam
618 581 761 613 tantam
783 571 987 624 pecuniam
1007 586 1028 610 e
1048 572 1299 622 vectigalibus
1320 571 1503 608 bonorum
1524 576 1562 605 et
1581 581 1599 605 e
1618 580 1706 605 ven-

265 634 407 674 ditione
432 649 562 674 eorum
587 634 805 674 redactam?
863 634 907 671 In
928 647 1047 684 remp.
1066 633 1233 683 quidem,
1254 633 1302 670 de
1322 644 1399 682 quo
1420 638 1526 669 certo
1545 635 1709 674 constat,

266 697 317 734 nil
339 698 556 748 impendisti
575 711 698 749 neque
717 697 754 735 in
774 696 932 735 amicos.
980 697 1031 734 At
1046 709 1092 733 ne
1109 697 1144 732 in
1165 695 1272 746 equis
1286 693 1439 745 quidem
1457 691 1604 731 alendis
1624 702 1709 741 pro-

266 757 407 808 degisti
426 772 517 805 rem,
536 759 601 811 qui
620 771 815 809 nunquam
836 758 874 795 in
896 764 1086 808 potestate
1105 756 1283 795 habueris
1309 768 1449 806 equum
1477 753 1564 805 plus
1593 751 1710 790 tribus

267 818 380 857 minis
408 820 658 864 vaenientem;
690 832 814 870 neque
843 819 956 857 etiam
987 818 1023 856 in
1052 817 1160 868 bigas
1188 817 1352 855 mulares
1381 813 1594 867 profudisti,
1619 825 1712 864 quas

268 893 465 931 nunquam
492 881 710 932 possedisti,
730 889 807 918 tam
834 880 980 930 amplos
1004 879 1144 917 fundos
1170 886 1209 916 et
1233 886 1310 916 tam
1331 879 1533 916 instructos
1553 875 1714 913 habens.

269 942 321 978 At
345 954 392 979 ne
419 954 466 978 ex
492 941 665 979 hostibus
693 940 849 990 quidem
875 939 1066 989 captivum
1093 940 1215 976 civem
1244 939 1364 975 ullum
1391 936 1595 974 redemisti.
1655 936 1714 972 Ne

267 1000 350 1051 ipsa
369 1001 523 1051 quidem
548 1001 613 1038 illa
634 1000 795 1038 donaria
820 1001 856 1036 in
885 1000 1016 1036 urbem
1046 999 1205 1037 intulisti
1226 998 1453 1043 dedicanda,
1472 1011 1558 1047 quae
1581 997 1714 1034 Mene-

270 1073 390 1099 xenus
406 1074 521 1112 quum
541 1062 660 1099 tribus
677 1060 829 1098 talentis
846 1060 1023 1098 facienda
1036 1060 1216 1103 locasset,
1232 1060 1308 1097 vita
1324 1060 1486 1096 excessit
1501 1059 1715 1108 priusquam

269 1121 480 1168 dedicaret,
492 1122 566 1175 sed
583 1122 829 1161 voluntantur
848 1121 974 1159 adhuc
987 1120 1027 1158 in
1042 1121 1196 1159 officina
1214 1120 1390 1171 lapicidae
1406 1133 1415 1164 ;
1445 1126 1484 1157 et
1501 1126 1541 1156 tu
1562 1119 1716 1170 quidem

270 1183 427 1234 dignum
448 1190 485 1224 te
503 1184 686 1223 censuisti
706 1182 902 1235 possidere
921 1190 957 1220 te
978 1185 1078 1221 bona
1101 1183 1151 1221 ad
1177 1190 1214 1220 te
1239 1182 1343 1219 nullo
1364 1185 1450 1230 jure
1476 1181 1716 1231 pertinentia,

271 1244 344 1284 diis
364 1252 490 1284 autem
511 1245 747 1284 oblivisceris
767 1244 928 1283 donaria
952 1244 1192 1290 redderesiis
1213 1244 1404 1282 destinata
1423 1250 1462 1280 et
1479 1255 1527 1280 ex
1547 1249 1633 1280 voto
1653 1242 1719 1280 de—

271 1305 364 1344 bita.
419 1307 570 1358 Ecquid
586 1307 700 1358 igitur
715 1313 774 1344 est
789 1306 826 1343 id
841 1307 890 1344 ob
907 1305 1012 1356 quod
1026 1313 1084 1351 tu,
1104 1306 1354 1356 Dicaeogene,
1373 1302 1719 1354 postules,judices

273 1373 310 1404 te
330 1368 553 1407 absolvere?
610 1368 711 1405 Num
727 1366 831 1418 quod
846 1367 967 1405 multa
980 1380 1140 1405 munera
1155 1366 1296 1408 civitati
1313 1365 1490 1407 edideris,
1506 1364 1720 1402 luculento·

274 1442 348 1479 que
376 1431 506 1481 magni
533 1430 620 1468 aeris
647 1429 844 1480 impendio
871 1442 954 1468 eam
985 1429 1236 1480 spectabilem
1265 1426 1502 1466 reddideris?
1540 1439 1587 1464 an
1616 1426 1722 1477 quod

274 1489 474 1530 classicam
494 1491 666 1530 militiam
686 1491 850 1541 fungens
870 1503 958 1528 cum
978 1496 1168 1540 potestate
1184 1488 1377 1528 trierarchi
1397 1487 1528 1526 clades
1547 1487 1721 1526 hostibus

276 1553 435 1590 acerbas
460 1552 657 1591 intuleris?
687 1565 736 1590 an
757 1552 861 1602 quod
887 1552 1015 1602 egenti
1039 1552 1173 1602 patriae
1191 1551 1332 1588 multas
1352 1562 1589 1600 magnasque
1609 1549 1722 1600 largi-

274 1613 398 1655 tiones
411 1614 644 1654 conferendo
659 1614 749 1652 belli
764 1627 860 1651 onus
873 1614 1100 1652 relevaveris
1114 1621 1152 1652 et
1165 1613 1400 1664 amplissima
1416 1612 1607 1663 pepereris
1623 1624 1723 1649 emo-

275 1675 473 1714 lumenta?
528 1676 647 1727 Atqui
668 1675 802 1713 horum
823 1676 992 1714 omnium
1013 1676 1137 1714 fecisti
1158 1676 1262 1713 nihil.
1321 1676 1595 1714 Verumtamen
1616 1674 1724 1712 miles

276 1736 403 1774 bonus
422 1743 461 1776 et
480 1736 589 1776 fortis
609 1736 679 1776 es?
734 1737 851 1788 Atqui
872 1750 1067 1787 nunquam
1087 1737 1125 1774 in
1142 1744 1268 1775 castra
1287 1738 1362 1783 isti,
1380 1744 1459 1775 toto
1479 1736 1552 1774 hoc
1570 1742 1724 1773 tenente

276 1797 379 1836 bello
394 1798 497 1850 quod
513 1806 590 1837 tam
605 1804 717 1837 atrox
737 1804 775 1836 et
791 1806 868 1836 tam
885 1798 1107 1837 diuturnum
1123 1799 1219 1843 fuit;
1243 1798 1348 1849 quod
1364 1797 1504 1835 bellum
1520 1798 1592 1848 ipsi
1608 1796 1728 1848 Olyn-

278 1858 346 1897 thii
369 1865 410 1898 et
433 1860 640 1898 insularum
666 1859 806 1898 incolae
831 1859 1031 1898 nobiscum
1056 1860 1280 1910 participare
1300 1872 1377 1898 non
1397 1866 1636 1903 recusarunt,
1654 1853 1727 1897 sed

279 1933 347 1972 pro
375 1922 485 1960 nobis
514 1921 738 1960 dimicantes
769 1927 930 1959 mortem
956 1928 1156 1972 oppetunt,
1182 1928 1224 1959 tu
1248 1934 1351 1966 vero,
1373 1921 1619 1972 Dicaeogene,
1638 1933 1728 1958 cum

279 1981 372 2020 civis
398 1995 523 2028 esses,
550 1995 656 2020 arma
681 1995 747 2033 pro
773 1983 897 2033 patria
921 1995 1053 2033 gerere
1079 1996 1193 2021 ausus
1216 1996 1294 2020 non
1323 1996 1379 2021 es.
1435 1983 1486 2020 At
1514 1982 1728 2021 fortassean

277 2043 328 2081 ob
357 2045 517 2091 majores
545 2043 758 2094 postulabis
784 2043 876 2081 mihi
902 2043 1141 2094 praehaberi?
1169 2044 1274 2094 quod
1301 2046 1349 2082 ab
1369 2046 1414 2083 iis
1432 2051 1642 2096 prognatus
1664 2043 1729 2090 sis,

280 2103 343 2154 qui
359 2110 540 2154 tyrannos
560 2103 854 2155 [Pisistratidas]
874 2104 1141 2143 sustulerunt?
1171 2105 1254 2156 Ege
1268 2118 1371 2151 vero,
1385 2118 1472 2143 cum
1486 2105 1573 2143 illos
1588 2105 1727 2143 laudo:

280 2172 359 2203 tum
375 2172 412 2204 te
429 2178 529 2216 nego
544 2166 580 2203 in
596 2166 906 2205 communionem
923 2165 1047 2204 laudis
1063 2166 1136 2204 illis
1154 2166 1292 2205 debitae
1304 2167 1458 2205 venire:
1487 2167 1553 2218 qui
1569 2167 1730 2217 primum

280 2226 449 2278 quidem,
469 2228 607 2265 omisso
628 2228 754 2266 studio
771 2229 931 2279 gloriam
952 2241 1083 2268 eorum
1102 2229 1311 2267 aemulandi
1332 2229 1484 2281 tuisque
1502 2229 1614 2268 factis
1633 2242 1731 2266 exae—

280 2288 436 2339 quandi,
449 2288 546 2327 latro
561 2288 686 2327 factus
700 2290 749 2327 sis
765 2290 950 2340 bonorum
966 2298 1193 2337 nostrorum,
1211 2291 1468 2342 maluerisque
1484 2290 1736 2341 Dicaeogenis*

281 2351 382 2390 filius
401 2351 584 2402 appellari
602 2364 718 2403 quarn
739 2351 951 2398 Harmodii,
971 2359 1008 2391 et
1028 2356 1093 2402 jus
1113 2353 1295 2406 epulandi
1317 2355 1354 2392 in
1374 2354 1567 2405 Prytaneo
1589 2353 1729 2404 [omni-v

280 2413 352 2450 bus
382 2425 586 2451 commune
614 2414 662 2451 ab
694 2413 907 2451 Harmodio
936 2414 1118 2460 oriundis,
1148 2416 1389 2457 manentibus
1417 2416 1455 2453 in
1491 2423 1605 2467 gente
1645 2429 1730 2462 sua,

283 2486 406 2524 neque
435 2473 578 2513 alienas
607 2474 645 2512 in
672 2474 805 2513 domos
831 2487 897 2525 per
923 2474 1209 2526 adoptationem
1230 2476 1606 2527 transmigrantibus]
1625 2489 1730 2527 spre-

281 2534 394 2581 veris,
413 2544 453 2573 et
477 2535 625 2588 reliqua
648 2548 801 2586 quoque
823 2536 912 2587 jura
937 2543 1175 2586 posterorum
1202 2538 1414 2583 Harmodii,
1435 2546 1478 2576 ut
1501 2537 1730 2589 praesidatus

283 2603 322 2634 et
349 2597 621 2643 immunitates,
649 2598 936 2648 contempseris.
1003 2599 1250 2649 Quanquam,
1278 2599 1422 2638 etiamsi
1450 2600 1489 2637 in
1519 2607 1633 2650 gente
1666 2607 1732 2637 tua

284 2659 505 2704 mansisses,
526 2672 602 2698 non
628 2660 700 2698 hoc
726 2660 857 2698 melior
882 2659 1018 2699 fuisses
1038 2661 1208 2698 futurus:
1240 2674 1364 2712 neque
1383 2661 1486 2700 enim
1505 2663 1553 2700 ab
1571 2661 1616 2699 iis
1635 2674 1731 2712 quas

283 2725 322 2759 tu
345 2733 497 2758 exerces
518 2721 660 2760 artibus
679 2721 867 2760 nobilitati
887 2734 1014 2773 neque
1035 2723 1084 2760 ob
1103 2735 1225 2772 genus
1245 2736 1357 2761 suum
1384 2723 1501 2762 tantis
1525 2723 1731 2764 bonoribus

284 2779 410 2820 affecti
436 2790 526 2820 sunt
554 2782 788 2822 Harmodius
814 2789 931 2834 atque
951 2784 1203 2834 Aristogiton,
1222 2784 1290 2823 sed
1316 2785 1365 2823 ob
1392 2785 1529 2823 fortem
1550 2785 1732 2831 animum,

282 2841 427 2880 dextrae
453 2850 606 2882 strenua
631 2845 812 2891 facinora,
841 2858 988 2886 morum
1014 2844 1268 2892 honestatem,
1295 2846 1435 2897 quibus
1460 2846 1664 2889 decoribus
1689 2853 1730 2885 tu

282 2916 403 2950 cares,
421 2903 675 2955 ,Dicaeog'ene
