1870 3277
785 582 1196 637 ISOCRATIS

621 719 670 772 B
744 721 800 775 U
874 721 909 775 S
984 724 1011 776 1
1083 723 1132 776 R
1207 722 1233 775 I
1305 722 1361 774 S.

708 940 741 976 A
765 939 800 976 R
821 939 857 976 G
881 939 913 976 U
938 939 979 976 M
1004 940 1035 976 E
1057 940 1090 976 N
1113 940 1144 976 T
1167 940 1199 976 U
1224 940 1265 977 M

759 1032 961 1065 INCERTO
988 1033 1213 1064 AUCTORE.

295 1099 372 1130 Haec
387 1099 484 1130 oratio
501 1100 540 1130 ad
555 1099 755 1142 Polycratem
771 1101 942 1141 sophistam
953 1101 1107 1141 quendam
1123 1101 1273 1136 scribitur,
1289 1106 1473 1142 paupertate
1491 1101 1529 1130 ad
1547 1101 1721 1131 docendam

248 1149 433 1181 rhetoricam
456 1151 615 1187 adactum,
639 1151 693 1193 qni
717 1161 812 1192 quum
837 1162 949 1192 genere
967 1151 1166 1182 Atheniensis
1191 1157 1288 1188 esset,
1304 1158 1367 1182 tum
1390 1152 1419 1182 in
1445 1151 1554 1193 Cypro
1578 1152 1723 1182 docebat.

247 1203 361 1235 Scribit
376 1209 479 1233 autern
496 1203 649 1234 Isocrates
666 1209 701 1233 ut
721 1204 847 1240 amicus,
866 1204 905 1233 ad
930 1213 967 1233 ea
988 1203 1053 1244 ejus
1072 1210 1168 1234 errata
1185 1205 1368 1244 corrigenda
1389 1213 1459 1244 quae
1481 1204 1511 1233 in
1533 1203 1723 1233 orationibus

249 1254 384 1290 duabus,
400 1254 581 1285 laudatione
598 1255 750 1285 Busiridis
765 1260 796 1285 et
813 1254 1011 1284 accusatione
1037 1255 1183 1291 Socratis,
1198 1255 1373 1286 admiserat·
1422 1255 1481 1286 Hic
1503 1255 1584 1285 enim
1606 1261 1653 1285 est
1670 1254 1724 1295 qui

246 1304 357 1347 Anyto
378 1311 409 1335 et
425 1305 544 1336 Melete
568 1316 636 1336 eam
658 1306 829 1336 orationem
859 1306 1074 1346 suppeditavit
1096 1317 1158 1347 qua
1183 1306 1326 1336 Socrates
1347 1307 1459 1346 capitis
1480 1311 1641 1337 accusatus
1664 1311 1721 1337 est.

246 1355 464 1387 Accusationis
481 1362 585 1387 autem
601 1358 705 1398 capita
722 1357 846 1388 fuerunt
863 1358 940 1392 liaec,
954 1357 1037 1398 quod
1055 1367 1151 1387 novos
1168 1358 1243 1387 deos
1259 1358 1342 1398 apud
1358 1357 1567 1388 Athenienses
1583 1357 1722 1387 introdu-

245 1415 339 1445 ceret,
357 1416 448 1451 atque
465 1411 600 1442 aviculas
617 1417 648 1442 et
664 1422 756 1442 canes
772 1417 803 1441 et
821 1411 889 1452 ejus
908 1412 1026 1452 generis
1042 1412 1100 1441 alia
1118 1411 1327 1453 colijubeiet,
1345 1422 1445 1452 eoque
1462 1417 1554 1452 pacto
1567 1411 1721 1441 studiosos

246 1461 460 1492 adolescentes
477 1468 698 1502 corrumperet.
747 1462 964 1499 Quaesiverunt
980 1463 1106 1503 quidam
1124 1473 1175 1493 cur
1192 1473 1253 1493 non
1271 1469 1377 1504 aperte
1391 1469 1495 1493 contra
1511 1462 1596 1492 illum
1615 1463 1722 1502 dispu-

245 1512 326 1548 tarit,
344 1523 382 1542 an
401 1514 545 1554 magistro
562 1514 605 1543 illi
623 1513 822 1554 pepercerit?
864 1513 1118 1554 Respondemus,
1135 1525 1206 1544 eum
1222 1515 1295 1543 iram
1319 1525 1385 1544 esse
1402 1514 1530 1543 veritum
1549 1513 1720 1543 Athenien-

242 1562 333 1598 sium,
351 1563 404 1603 qui
420 1563 577 1593 Socratem
595 1574 701 1594 recens
718 1564 981 1593 condemnarant:
1008 1575 1086 1605 quos
1109 1565 1168 1594 hac
1192 1565 1330 1595 oratione
1349 1564 1433 1595 velut
1457 1574 1582 1604 arguere
1599 1564 1722 1594 videtur

243 1612 366 1654 injustae
383 1614 668 1645 condemnationis.
711 1614 793 1644 Nam
811 1619 843 1644 et
859 1615 918 1655 ipsi
939 1620 1102 1655 postquam
1124 1615 1220 1656 impie
1242 1616 1401 1646 Socratem
1424 1615 1579 1655 supplicio
1600 1615 1719 1645 affecis-

242 1669 313 1694 sent
338 1671 543 1706 agnoverunt,
558 1671 590 1696 et
612 1666 696 1706 gravi
719 1665 898 1706 pestilentia
924 1666 1027 1696 afflicti
1052 1666 1137 1697 necis
1163 1667 1242 1697 illius
1269 1677 1377 1708 poenas
1403 1668 1565 1702 dederunt.
1622 1665 1718 1696 Periit

243 1720 347 1746 autern
367 1716 503 1748 Lachete
517 1724 662 1758 praetore.
708 1717 805 1748 Unde
818 1722 889 1758 post
901 1717 1075 1752 edixerunt,
1089 1728 1126 1747 ne
1141 1718 1209 1758 quis
1222 1718 1253 1748 in
1266 1724 1424 1759 posterum
1437 1717 1571 1748 Socratis
1584 1717 1719 1758 publice,

243 1766 319 1796 utin
331 1768 486 1798 communi
503 1769 635 1804 theatro,
649 1768 849 1799 meminisset.
894 1768 1047 1798 Narratur
1062 1775 1166 1799 autem
1184 1769 1362 1809 hujusmodi
1380 1769 1531 1809 quiddam
1549 1769 1720 1799 accidisse:

243 1818 437 1859 Euripidem,
454 1831 550 1861 quum
566 1820 684 1862 aliquid
700 1821 740 1851 de
757 1831 794 1851 eo
811 1820 915 1850 dicere
932 1821 1025 1850 vellet
1042 1831 1099 1851 nec
1116 1821 1147 1851 id
1164 1826 1268 1851 tamen
1285 1822 1424 1857 auderet,
1442 1821 1564 1851 firmisse
1580 1822 1718 1852 fabulam

243 1870 284 1900 de
302 1870 486 1906 Palamede,
501 1876 535 1900 ut
551 1872 607 1901 sub
621 1872 690 1912 ejus
706 1881 839 1912 persona
856 1871 1053 1902 occasionem
1070 1872 1199 1902 haberet
1215 1873 1344 1902 obscure
1358 1873 1397 1902 ad
1413 1873 1550 1903 Socratis
1562 1873 1717 1903 interitum

241 1927 271 1950 et
287 1921 404 1951 factum
420 1920 662 1952 Atheniensium
680 1922 842 1953 alludendi
865 1923 914 1952 his
930 1923 1043 1958 verbis,
1070 1922 1298 1953 Occidistis
1325 1923 1540 1953 occidistis
1566 1923 1718 1954 Graeco-

241 1981 317 2002 rum
342 1982 359 2001 ο
370 1972 538 2012 ptimum.
585 1972 866 2003 Animadvertente
883 1979 984 2003 autem
1002 1973 1124 2013 populo,
1134 1974 1199 2003 haec
1216 1974 1311 2003 verba
1328 1973 1367 2003 ad
1383 1974 1541 2004 Socratem
1558 1974 1718 2014 pertinere,

243 2026 340 2052 ortam
358 2023 388 2052 in
406 2027 470 2052 toto
487 2023 606 2053 theatro
623 2033 690 2054 esse
706 2024 993 2064 complorationem.
1039 2023 1152 2054 Scribit
1172 2024 1265 2064 igitur
1281 2023 1435 2054 Isocrates
1450 2023 1530 2054 ha'nc
1547 2024 1718 2055 orationem

240 2073 280 2103 ad
293 2073 494 2115 Polycratem
505 2074 755 2114 reprehendendi
766 2085 870 2105 causa.
898 2075 930 2105 Si
942 2075 1009 2115 quis
1022 2079 1123 2105 autem
1135 2075 1271 2115 requirat
1283 2084 1336 2104 cur
1347 2085 1409 2104 non
1420 2075 1558 2105 etaltera
1569 2075 1666 2106 oratio
1678 2076 1718 2107 de

240 2122 366 2154 Socrate
383 2125 422 2155 sit
438 2125 477 2155 ab
493 2131 617 2155 auctore
630 2131 734 2155 nostro
748 2127 900 2166 exposita,
911 2126 936 2156 is
949 2126 1122 2156 meminerit
1136 2127 1220 2167 quod
1231 2126 1299 2167 jam
1313 2126 1456 2162 diximus,
1469 2127 1605 2156 vitandae
1620 2127 1719 2158 offen-

238 2174 336 2206 sionis
358 2175 596 2207 Atheniensium
620 2187 704 2217 ergo,
722 2178 777 2217 qui
799 2187 906 2208 recens
929 2177 1015 2207 illum
1041 2177 1298 2213 condemnarant,
1314 2178 1345 2207 id
1370 2188 1436 2208 esse
1462 2178 1717 2217 praetermissum.

240 2226 394 2257 Busiridis
415 2232 632 2268 argumentum
656 2228 716 2258 hoc
737 2232 793 2258 est.
839 2227 957 2259 Busiris
979 2227 1091 2269 Libyae
1113 2234 1144 2258 et
1159 2227 1304 2268 Neptuni
1329 2228 1422 2263 filius,
1444 2233 1534 2258 natus
1557 2229 1589 2258 in
1612 2228 1716 2270 Libya

239 2278 378 2318 regione,
393 2284 497 2319 spreta
517 2279 617 2320 patria
634 2279 666 2309 in
683 2280 858 2320 AEgyptum
875 2280 1044 2319 profectus,
1060 2280 1166 2310 urbem
1182 2279 1241 2310 sibi
1256 2280 1470 2321 cognominem
1487 2279 1618 2321 Busirim
1641 2290 1715 2312 con-

241 2329 336 2368 didit,
353 2340 423 2371 quae
444 2331 476 2361 id
497 2341 611 2369 nomen
631 2331 724 2361 etiam
743 2331 838 2361 hodie
862 2332 984 2362 retinet.
1032 2330 1160 2362 Crimini
1179 2336 1281 2362 autem
1298 2332 1328 2361 ei
1344 2332 1449 2361 datum
1472 2337 1530 2367 est,
1546 2332 1630 2372 quod
1652 2342 1715 2363 non

239 2385 358 2412 tanturn
375 2391 438 2412 non
452 2381 632 2425 admitteret
643 2381 857 2422 hospites,sed
872 2383 967 2413 etiarn
981 2383 1178 2413 sacrificaret.
1225 2381 1406 2423 Polycrates
1419 2383 1521 2423 igitur,
1530 2387 1565 2412 ut
1577 2380 1716 2424 sophista

239 2437 272 2463 et
287 2432 415 2474 scriptor
431 2434 617 2469 orationum,
629 2434 842 2464 defensionem
856 2434 1008 2465 Busiridis
1026 2440 1057 2465 et
1072 2435 1234 2465 criminum
1249 2444 1318 2476 quae
1334 2434 1379 2464 illi
1394 2434 1625 2475 objiciebantur
1641 2445 1712 2475 pur-

239 2485 397 2526 gationem
415 2485 547 2516 scribere
562 2484 709 2522 instituit,
724 2485 757 2516 in
773 2496 835 2527 quo
852 2486 891 2516 ab
910 2485 1049 2517 Isocrate
1065 2486 1315 2526 reprehenditur,
1331 2496 1391 2527 qua
1407 2485 1526 2516 ratione
1549 2486 1714 2518 scribenda

239 2536 353 2571 suisset
367 2537 504 2568 laudatio
521 2538 721 2569 admonente.
766 2537 870 2574 Quare
892 2543 924 2569 et
945 2539 1010 2570 haec
1031 2538 1128 2569 oratio
1150 2539 1230 2569 inter
1244 2543 1377 2579 quatuor
1392 2537 1588 2569 laudationes
1605 2549 1712 2570 nume-

239 2592 332 2618 ratur.

297 2657 331 2694 1.
363 2655 502 2699 Quum
532 2656 755 2708 aequitatem
778 2663 898 2703 tuam,
922 2657 1160 2707 Polycrates,
1181 2665 1450 2709 mutatumque
1468 2660 1557 2696 vitae
1586 2672 1710 2709 genus

241 2729 290 2754 ex
310 2716 395 2755 aliis
420 2719 692 2768 cognovissem
712 2725 753 2758 et
771 2719 988 2758 orationum
1015 2726 1169 2758 tuarum
1188 2719 1380 2770 quasdam
1404 2720 1484 2771 ipse
1510 2720 1709 2771 legissem,

240 2778 289 2816 de
310 2785 395 2817 tota
415 2779 572 2830 quidem
589 2781 755 2820 docendi
771 2781 934 2828 ratione,
950 2781 1000 2820 ad
1020 2795 1137 2833 quam
1156 2781 1392 2820 necessitate
1413 2782 1638 2833 compulsus
1654 2796 1709 2829 eS,

239 2840 489 2891 cupidissime
512 2848 644 2881 tecum
664 2856 711 2882 ac
728 2843 846 2882 libere
875 2843 1145 2882 disseruissem
1163 2866 1217 2871 --
1234 2842 1397 2881 arbitror
1416 2843 1520 2881 enim
1539 2843 1709 2881 omnium

238 2914 320 2940 esse
341 2902 524 2950 officium,
536 2904 603 2956 qui
619 2912 660 2946 et
674 2905 965 2946 exercitatiores
979 2912 1071 2945 sunt
1085 2911 1124 2944 et
1140 2905 1360 2947 solidiorem
1376 2905 1429 2944 rei
1444 2905 1708 2957 coguitionem
