1870 3277
260 153 334 186 4:34
716 122 723 131 ’
840 148 1100 186 υιΝΑκοΗι

260 250 403 301 populo
432 250 625 287 instituat:
656 257 695 287 ut
716 257 754 287 tu
777 252 917 301 patrios
938 251 1077 287 fundos
1095 250 1323 294 vendideris,
1346 258 1384 287 et
1406 263 1481 288 non
1503 258 1611 288 natos
1628 248 1693 287 tibi

259 312 399 348 liberos
427 318 564 348 contra
581 311 687 361 leges
709 312 866 362 adoptcs
888 320 1040 362 propter
1056 325 1101 348 ea
1121 319 1360 349 sacramenta
1384 324 1471 361 quae
1491 312 1526 348 in
1542 311 1695 362 judiciis

260 372 476 421 exiguntur,
510 379 551 409 ut
583 372 676 410 alios
703 372 861 410 militare
884 373 1037 422 jubeas,
1058 386 1145 410 cum
1179 385 1400 410 communes
1431 372 1511 423 ipse
1543 372 1698 410 ordines

261 432 498 470 deserueris?

319 496 378 531 12.
409 494 496 538 Qua
533 494 579 532 de
606 507 722 532 causa
758 494 913 544 putatis,
947 495 1212 539 Athenienses,
1251 494 1363 531 urbes
1392 493 1485 530 alias
1518 492 1696 530 secundis

261 557 374 594 rebus
400 556 492 593 alias
513 556 679 593 adversis
700 554 782 591 uti?
840 554 941 592 Nihil
970 556 1159 605 reperietis
1181 555 1285 592 aliud
1310 567 1422 604 quam
1451 560 1643 591 senatores
1660 559 1700 589 et

259 617 519 668 imperatores.
578 615 780 653 Intuemini
810 617 1078 653 Thebanorum
1113 617 1319 654 civitatem.
1377 615 1462 652 Fuit
1491 615 1596 657 urbs,
1629 613 1700 651 fuit

260 679 437 723 maxima,
456 686 495 715 at
515 677 647 727 quales
667 677 784 715 duces
801 678 932 727 quales
949 677 1218 727 imperatores?
1275 678 1419 714 Omnes
1442 688 1534 713 sane
1554 675 1699 712 fatean-

261 747 322 777 tur
356 739 588 777 seniores—
608 751 627 774 e
656 738 794 788 quibus
825 746 863 776 et
887 751 960 789 ego
997 738 1079 776 haec
1114 752 1200 789 quae
1238 739 1359 776 refero
1391 737 1698 781 audivi—,cum

261 799 481 850 Pelopidas,
503 806 544 836 ut
565 799 682 843 aiunt,
704 812 821 837 sacrae
851 800 1016 837 cohortis
1038 800 1115 837 dux
1136 807 1238 837 esset
1261 808 1299 837 et
1320 797 1602 850 Epaminondas
1631 796 1699 834 im-

260 867 413 913 perator
432 873 638 909 eorumque
657 860 830 910 collegae,
846 867 925 897 tum
947 860 1182 898 Leuctricam
1204 872 1372 910 pugnam
1386 859 1477 897 vicit
1493 859 1581 896 urbs
1597 857 1701 895 The,

262 925 464 967 banorum,
484 929 565 959 turn
597 922 634 958 in
667 934 799 972 agrum
832 921 1196 960 Lacedemoniorum
1226 922 1289 971 qui
1314 921 1452 958 vastari
1480 933 1593 970 posse
1623 932 1700 957 non

264 984 469 1035 putabatur
496 983 786 1032 impressionem
822 983 1007 1029 fecerunt,
1037 982 1110 1020 illis
1136 983 1370 1033 temporibus
1402 980 1523 1019 multa
1550 981 1704 1031 egregia

264 1044 434 1083 facinora
464 1043 682 1089 ediderunt,
703 1044 922 1082 Messenam
955 1043 1331 1094 quadringentesimo
1359 1055 1458 1080 anno
1488 1047 1576 1093 post
1600 1041 1704 1079 exci-

265 1105 369 1143 dium
389 1106 660 1150 instaurarunt,
688 1105 858 1143 Arcades
878 1106 915 1143 in
937 1106 1150 1144 libertatem
1177 1105 1430 1149 vindicarunt,
1451 1104 1552 1155 apud
1572 1116 1704 1140 omnes

264 1167 385 1218 gloria
398 1166 618 1205 floruerunt.
675 1166 840 1208 Quando
861 1180 992 1205 rursus
1011 1166 1203 1204 humiliter
1223 1173 1262 1203 et
1282 1179 1359 1203 non
1379 1173 1421 1202 ut
1441 1177 1570 1202 eorum
1588 1164 1705 1202 animi

265 1227 565 1279 magnitudinem
596 1227 759 1265 decebat
789 1242 828 1266 se
857 1226 1083 1279 gesserunt?
1146 1228 1245 1264 Cum
1276 1239 1434 1264 munera
1460 1231 1631 1276 captaret
1661 1237 1706 1262 ac

264 1290 467 1341 pecuniam
487 1289 678 1340 acciperet
697 1302 720 1326 a
740 1290 916 1341 Philippo
927 1289 1120 1327 Timolaus
1142 1289 1248 1327 istius
1267 1289 1424 1334 amicus,
1444 1295 1483 1326 et
1498 1287 1707 1338 peregrinis

265 1351 445 1389 militibus
481 1351 663 1389 adversus
697 1351 942 1401 Amphissam
969 1351 1193 1401 conscriptis
1222 1350 1419 1388 Proxenus
1444 1348 1614 1400 proditor
1643 1347 1708 1385 ille

265 1421 462 1464 praeesset,
482 1421 521 1451 et
547 1413 626 1451 dux
654 1412 856 1464 phalangis
889 1418 1042 1451 creatus
1068 1419 1170 1450 esset
1187 1411 1424 1462 Theagenes,
1445 1411 1558 1448 homo
1576 1408 1705 1446 infelix

265 1481 303 1511 et
332 1481 530 1525 corruptus
565 1482 607 1511 ut
634 1475 716 1512 iste.
773 1474 870 1511 Tum
901 1487 967 1524 per
996 1481 1070 1511 tres
1103 1474 1273 1511 homines
1308 1486 1404 1524 quos
1436 1472 1513 1510 dixi
1533 1472 1708 1508 universa

265 1535 398 1573 civitas
415 1548 491 1573 una
512 1548 599 1573 cum
620 1535 767 1573 Graecis
787 1536 963 1573 omnibus
983 1535 1093 1585 periit
1112 1542 1226 1586 atque
1240 1535 1395 1572 interiit.
1452 1533 1590 1584 Neque
1608 1533 1708 1570 enim

266 1597 403 1634 falsum
423 1597 492 1634 sed
512 1596 620 1633 nimis
641 1608 772 1637 verum
792 1603 852 1634 est
871 1596 991 1634 duces
1015 1600 1185 1633 causam·²
1201 1609 1285 1634 esse
1311 1596 1456 1633 civibus
1481 1594 1651 1632 omnium
1671 1601 1711 1632 et

267 1659 455 1696 bonorum
474 1665 513 1695 et
526 1658 785 1696 adversorum.
843 1657 1024 1707 Spectate
1044 1657 1143 1694 idem
1161 1657 1198 1694 in
1219 1664 1350 1695 nostra
1370 1669 1525 1707 quoque
1540 1655 1709 1699 civitate,

268 1719 482 1769 eodemque
496 1718 613 1757 modo
633 1718 823 1769 inquirite.
871 1719 970 1756 Urbs
988 1726 1117 1756 nostra
1136 1718 1209 1756 fuit
1224 1731 1363 1770 magna
1381 1725 1420 1756 et
1433 1717 1591 1755 illustris
1607 1717 1709 1768 apud

270 1779 431 1817 Graecos
451 1788 490 1818 et
517 1780 633 1830 digna
648 1779 867 1830 majoribus,
888 1786 975 1831 post
991 1779 1149 1829 antiqua
1168 1778 1233 1816 illa
1250 1780 1431 1823 facinora,
1450 1793 1535 1816 cum
1559 1779 1710 1823 Conon,

269 1848 312 1879 ut
337 1841 503 1878 seniores
522 1847 722 1885 noverunt,
742 1839 868 1877 navali
898 1839 946 1877 ad
967 1839 1131 1876 Cnidum
1159 1838 1288 1889 praelio
1306 1840 1472 1883 vicisset,
1499 1852 1585 1876 cum
1607 1839 1710 1890 Iphi-

270 1909 393 1940 crates
414 1901 789 1939 Lacedaemoniorum
817 1900 1005 1950 legionem
1027 1899 1243 1945 cecidisset,
1270 1912 1358 1937 cum
1384 1900 1571 1938 Chabrias
1595 1900 1712 1937 Lace-

270 1962 542 2000 daemoniorum
558 1962 729 2000 triremes
751 1960 799 1998 ad
816 1960 968 1998 Naxum
987 1967 1221 2011 superasset,
1239 1973 1327 1998 cum
1346 1960 1568 1998 Timotheus
1587 1960 1712 1998 navali

270 2035 400 2073 pugna
415 2023 595 2074 Corcyrae
610 2023 730 2060 victor
749 2021 964 2059 exstitisset.
1020 2022 1131 2065 Tum,
1146 2020 1414 2066 Athenienses,
1434 2028 1514 2058 tum
1531 2021 1712 2059 Lacedae-

270 2084 399 2130 monii,
429 2084 493 2134 qui
521 2084 625 2135 prius
659 2084 708 2121 ob
737 2083 854 2121 duces
881 2081 1071 2132 splendidi
1107 2083 1258 2120 fuerant
1291 2082 1517 2133 illorumque
1548 2083 1713 2121 moribus

270 2145 435 2190 educati,
455 2145 615 2183 humiles
644 2145 694 2183 ad
713 2146 846 2183 urbem
873 2151 1040 2182 nostram
1060 2151 1247 2182 venerunt
1275 2145 1436 2182 salutem
1463 2157 1485 2182 a
1511 2144 1714 2195 majoribus

271 2206 411 2244 nostris
431 2213 671 2257 expetentes,
685 2206 849 2258 populus
864 2212 991 2244 autem
1008 2206 1056 2243 ab
1072 2205 1145 2243 illis
1165 2206 1371 2256 abrogatus
1390 2219 1456 2256 per
1475 2218 1541 2243 eos
1554 2206 1714 2256 quitum

271 2266 416 2305 civitati
434 2273 578 2305 nostrae
593 2267 846 2305 consulebant
860 2268 995 2305 iterum
1012 2267 1093 2305 dux
1110 2266 1334 2305 Graecorum
1349 2267 1472 2304 factus
1485 2274 1556 2313 est,
1565 2267 1650 2318 jure
1663 2289 1728 2309 —,

273 2329 708 2381 opinor—quippequi
735 2337 774 2366 et
786 2329 882 2367 tales
906 2330 1024 2368 duces
1052 2338 1155 2368 esset
1173 2336 1310 2368 nactus
1336 2331 1470 2381 quales
1492 2331 1606 2369 modo
1621 2331 1713 2378 dixi,

273 2396 314 2428 et
325 2397 516 2429 senatores
531 2391 689 2429 haberet
701 2390 906 2428 Archinum
921 2396 959 2428 et
974 2391 1186 2442 Cephalum
1202 2391 1478 2443 Colyttensem.
1509 2392 1602 2430 Sola
1615 2393 1714 2430 enim

273 2451 358 2501 haec
387 2459 426 2490 et
449 2453 613 2491 civitatis
632 2459 670 2490 et
689 2451 812 2502 gentis
841 2451 944 2489 salus
969 2458 1041 2497 est,
1062 2453 1184 2490 bonos
1203 2460 1296 2503 puta
1321 2453 1439 2492 duces
1462 2453 1717 2503 cordatosque

274 2522 470 2553 senatores
482 2516 634 2554 habere.
690 2515 963 2560 Quamobrem,
989 2515 1258 2559 Athenienses,
1277 2515 1362 2554 haec
1383 2528 1450 2553 vos
1469 2516 1658 2553 intuentes
1678 2522 1717 2552 et

274 2577 560 2616 considerantes
581 2578 695 2615 decet
722 2589 798 2614 non
819 2575 1033 2613 mehercule
1061 2575 1202 2613 diutius
1223 2576 1493 2614 Demosthenis
1522 2575 1650 2613 sordes
1678 2583 1717 2614 et

275 2637 537 2676 infelicitatem
562 2639 723 2689 perpeti,
745 2650 868 2688 neque
885 2637 924 2674 in
953 2649 999 2674 eo
1030 2650 1134 2688 spem
1156 2637 1296 2675 habere
1323 2637 1468 2684 salutis,
1488 2646 1553 2676 aut
1581 2645 1716 2690 putare

274 2711 344 2735 vos
359 2699 518 2749 penuria
531 2700 718 2737 bonorum
731 2699 894 2736 virorum
913 2704 953 2736 et
971 2698 1211 2736 cordatorum
1230 2705 1445 2737 senatorum
1466 2699 1717 2748 laboraturos,

276 2759 345 2797 sed
366 2768 519 2811 sumpta
545 2761 731 2812 majorum
749 2767 960 2798 vestrorum
993 2759 1189 2796 iracundia
1215 2772 1274 2805 eo,
1291 2760 1356 2810 qui
1389 2760 1584 2799 evidenter
1611 2774 1715 2800 com-

276 2828 405 2871 pertus
428 2828 488 2859 cst
518 2822 719 2872 peculatus
746 2828 784 2858 et
808 2820 1044 2871 proditionis,
1063 2820 1128 2870 qui
1155 2820 1328 2871 pecuniis
1359 2820 1398 2857 in
1429 2821 1561 2858 urbem
1592 2821 1716 2860 allatis

276 2896 353 2921 non
369 2883 547 2931 abstinet,
567 2884 633 2935 qui
652 2884 690 2922 in
706 2882 949 2934 gravissimas
970 2881 1206 2920 calamitates
1226 2883 1358 2922 urbem
1382 2882 1558 2933 conjecit,
1577 2883 1716 2930 occiso,
