1870 3277
270 167 319 203 88
851 169 1136 209 lSOCRATlS

269 268 451 307 nistretur
471 281 542 308 nec
562 269 749 309 habemus
770 284 841 311 nec
856 274 1045 324 consequi
1063 272 1278 310 studemus.
1310 270 1426 320 Atqui
1448 268 1591 307 scimus
1611 281 1744 306 omnes

269 329 494 369 felicitatem
515 331 756 383 potissimum
777 342 815 371 et
836 347 970 383 parare
996 342 1036 373 et
1055 335 1217 373 retinere
1239 345 1317 371 non
1338 345 1405 370 eos
1425 332 1489 382 qui
1520 331 1687 368 maxima
1707 338 1746 368 et

266 391 526 441 pulcherrima
544 393 614 431 sibi
635 395 775 433 moenia
791 395 1144 443 circumdederunt,
1158 388 1225 434 aut
1244 394 1308 446 qui
1326 393 1531 431 maximam
1544 392 1742 431 hominum

268 454 420 492 turbam
448 455 487 493 in
509 455 639 494 locum
667 457 833 496 eundem
869 459 1153 504 conduxerunt,
1182 458 1251 496 sed
1278 470 1346 496 eos
1367 455 1432 506 qui
1466 467 1576 493 suam
1609 456 1741 493 urbem

265 516 409 566 optime
429 529 475 555 ac
502 517 785 557 modestissime
807 521 1038 571 gubernant.
1099 521 1184 558 Nec
1212 519 1313 558 euim
1336 518 1411 556 alia
1430 517 1594 555 civitatis
1615 517 1743 554 anima

268 584 328 615 est
346 591 462 628 quam
485 580 605 618 forma
625 580 863 632 reipublicae,
877 596 964 633 quae
985 583 1061 621 vim
1082 582 1244 621 eandem
1266 582 1384 618 habet
1398 592 1513 629 quam
1532 578 1568 615 in
1581 591 1742 628 corpore

266 640 487 689 prudentia.
537 641 734 691 Siquidem
755 642 840 681 haec
856 651 916 682 est
937 657 1023 694 quae
1044 643 1091 681 de
1106 644 1218 682 rebus
1238 642 1415 680 omnibus
1438 640 1637 684 deliberet,
1652 652 1740 689 quae

267 706 303 737 et
323 713 381 737 res
402 700 596 739 secundas
618 708 771 741 tueatur
791 711 831 741 et
854 704 1097 742 calamitates
1123 705 1254 742 evitet.
1314 702 1374 739 Ad
1395 701 1495 738 hauc
1516 707 1554 738 et
1575 699 1681 750 leges
1702 710 1740 738 et

266 768 436 800 oratores
457 769 496 800 et
526 763 702 802 homiues
731 765 900 815 privatos
929 774 1054 803 semet
1086 764 1394 806 accommodare,
1426 770 1464 800 et
1493 775 1538 799 ea
1564 774 1739 812 quosque

266 823 422 861 fortuna
448 825 504 862 uti
529 839 688 865 necesse
707 835 779 874 est,
807 828 961 879 qualem
994 828 1199 866 habuerint
1224 827 1432 865 civitatem.
1491 826 1590 867 Quae
1620 838 1738 874 quum

265 885 476 935 depravata
496 886 545 924 sit
568 887 661 924 nihil
683 901 753 926 nos
781 895 923 935 movet,
944 902 1069 940 neque
1092 889 1140 927 de
1170 902 1215 926 ea
1242 886 1472 938 corrigenda
1495 885 1712 936 cogitamus
1731 898 1739 922 :

266 948 336 985 sed
354 948 392 985 in
407 949 573 987 officinis
593 950 749 1000 quidem
768 951 951 989 sedentes
972 958 1115 989 statum
1137 951 1241 988 hunc
1258 962 1501 993 accusamus,
1516 948 1738 986 dictitantes

265 1011 302 1048 in
324 1011 563 1050 democratia
587 1026 783 1063 nunquam
810 1014 930 1052 fuisse
948 1013 1227 1064 rempublicam
1248 1026 1358 1062 aeque
1372 1012 1648 1062 perturbatam,
1669 1010 1739 1048 scd

264 1073 295 1109 si
317 1085 375 1109 res
395 1073 478 1123 ipsa
496 1074 694 1123 nostrique
722 1075 838 1112 animi
866 1082 1104 1126 spectentur,
1132 1075 1257 1124 magis
1285 1086 1331 1110 ea
1350 1073 1600 1115 delectamur,
1620 1085 1737 1121 quarn

263 1134 330 1172 illa
349 1148 435 1185 quae
457 1136 566 1172 nobis
589 1149 610 1173 a
631 1137 842 1186 majoribus
872 1136 945 1173 suit
971 1136 1119 1174 relicta.
1177 1137 1240 1173 De
1261 1148 1338 1185 qua
1362 1147 1435 1185 ego
1458 1135 1574 1172 verba
1601 1133 1737 1172 faciam

264 1201 547 1246 proptereaque
569 1209 629 1235 me
649 1196 724 1235 huc
746 1209 992 1235 accessurum
1016 1197 1253 1235 denuntiavi.

320 1257 356 1293 6.
388 1256 488 1293 Nam
512 1256 611 1295 lianc
633 1271 748 1296 unam
769 1258 953 1296 rationem
975 1258 1127 1295 invenio
1148 1271 1227 1308 qua
1247 1265 1285 1295 et
1305 1255 1541 1295 imminentia
1566 1255 1740 1306 pericula

264 1316 507 1355 declinentur
526 1326 564 1355 et
585 1319 686 1356 mala
708 1318 885 1369 urgentia
907 1325 1192 1363 removeantur,
1214 1319 1245 1356 si
1274 1331 1358 1357 earn
1380 1318 1654 1355 democratiam
1677 1330 1736 1355 rc-

263 1391 404 1417 vocare
424 1378 672 1426 voluerimus,
693 1393 810 1431 quam
833 1387 872 1419 et
892 1380 1013 1419 Solon
1041 1393 1119 1430 quo
1142 1393 1254 1418 nemo
1275 1380 1346 1417 fuit
1366 1379 1496 1430 populi
1529 1379 1738 1417 studiosior

263 1439 415 1491 legibus
436 1441 516 1478 suis
546 1441 758 1488 constituit,
780 1449 820 1480 et
848 1442 1072 1480 Clisthenes
1094 1442 1265 1492 tyrannis
1292 1442 1426 1492 ejectis
1448 1440 1672 1491 populoque
1698 1440 1736 1478 iu

262 1502 397 1539 urbem
418 1501 580 1539 reducto
610 1503 647 1539 in
679 1502 871 1553 integrum
896 1504 1077 1541 restituit.
1137 1504 1226 1547 Qua
1254 1517 1325 1542 nec
1352 1502 1636 1554 populariorem
1664 1515 1737 1540 nec

261 1562 482 1614 reipublicae
505 1564 693 1602 utiliorem
716 1565 963 1616 reperiemus.
1027 1565 1149 1616 Cujus
1170 1565 1266 1603 illud
1286 1572 1555 1616 argumentum
1577 1571 1637 1602 est
1655 1578 1736 1603 ma-

263 1623 428 1662 ximum:
459 1625 565 1675 quod
585 1626 650 1676 qui
672 1639 719 1664 ea
738 1626 797 1663 usi
818 1633 923 1671 sunt,
942 1627 1059 1664 rebus
1080 1625 1211 1664 multis
1232 1627 1415 1678 praeclare
1435 1626 1555 1676 gestis
1574 1633 1613 1664 et
1631 1627 1735 1677 apud

263 1698 399 1724 omnes
421 1686 626 1724 maximam
656 1687 785 1738 adepti
806 1687 984 1738 gloriam,
1007 1688 1205 1739 imperium
1227 1701 1249 1725 a
1267 1687 1416 1725 Graecis
1443 1687 1543 1725 ultro
1563 1687 1735 1725 delatum

263 1754 520 1799 acceperunt;
549 1748 613 1799 qui
633 1756 761 1786 autem
775 1749 876 1787 lianc
891 1750 1214 1799 concupiverunt,
1229 1749 1405 1787 omnibus
1419 1749 1531 1787 invisi
1547 1757 1584 1786 et
1599 1751 1737 1788 acerba

262 1809 386 1847 multa
405 1810 588 1860 perpessi,
608 1809 801 1848 excidium
814 1817 852 1848 et
871 1811 1173 1849 internecionem
1194 1811 1256 1849 vix
1274 1811 1478 1849 evitarunt.
1534 1811 1632 1854 Quis
1648 1825 1736 1849 vero

263 1883 348 1909 eam
368 1871 543 1921 politiam
564 1871 697 1909 laudet
715 1878 782 1910 aut
802 1872 1073 1923 amplectatur,
1094 1885 1181 1923 quae
1199 1880 1238 1910 et
1257 1873 1423 1910 antehac
1445 1879 1500 1910 tot
1522 1873 1630 1910 malis
1644 1886 1733 1911 cau-

263 1945 346 1970 sam
366 1932 544 1984 praebuit,
562 1939 601 1970 et
619 1946 721 1971 nunc
741 1933 948 1984 quotannis
968 1947 1139 1985 praeceps
1159 1934 1322 1972 subinde
1352 1935 1472 1972 fertur
1493 1935 1527 1971 in
1550 1935 1737 1973 deterius?

263 1994 407 2032 Annon
427 1988 678 2033 metuendum
706 2002 778 2042 est,
800 2008 847 2033 ne
870 1995 928 2033 his
950 1995 1216 2034 calamitatum
1245 1997 1490 2035 incrementis
1513 1997 1669 2034 taudem
1696 1997 1734 2033 in

264 2054 482 2093 acerbiores
504 2056 638 2095 clades
656 2069 771 2107 quam
788 2057 892 2104 olim,
912 2057 1158 2095 incidamus?

321 2119 360 2154 7.
391 2118 451 2154 Ne
472 2131 562 2155 vero
580 2119 801 2156 summatim
823 2126 971 2156 tantum
992 2118 1077 2156 haec
1099 2119 1311 2165 audieritis,
1333 2119 1403 2158 sed
1433 2119 1596 2170 singulis
1622 2119 1736 2171 plane

264 2179 430 2229 cognitis
458 2186 497 2217 et
516 2179 658 2218 rectius
683 2180 743 2218 his
768 2180 817 2218 de
846 2181 961 2218 rebus
982 2180 1166 2231 judicetis
1187 2189 1225 2218 et
1255 2181 1406 2231 potiora
1430 2181 1599 2231 eligatis,
1619 2183 1736 2233 vestri

263 2240 420 2291 quidem
441 2240 557 2278 officii
578 2248 638 2278 est
651 2254 712 2279 me
728 2242 921 2279 dicentem
942 2248 1089 2280 attente
1105 2242 1252 2288 audire,
1272 2256 1345 2293 ego
1361 2255 1450 2280 vero
1470 2255 1585 2292 quam
1603 2251 1736 2293 potero

263 2301 485 2340 brevissime
504 2303 676 2340 conabor
695 2302 743 2340 de
763 2302 900 2341 harum
922 2310 1084 2354 utraque
1105 2303 1210 2354 apud
1232 2316 1299 2341 vos
1320 2303 1520 2341 disserere.

320 2365 357 2401 8.
389 2363 505 2410 Nam,
531 2364 595 2414 qui
622 2364 816 2403 civitatem
846 2366 912 2404 illo
941 2372 1112 2416 ternpore
1145 2366 1424 2416 gubernabant,
1458 2366 1734 2417 rempublicam

263 2426 514 2465 instituerunt
527 2439 602 2465 non
618 2440 705 2478 quae
715 2427 869 2465 nomine
883 2427 1037 2478 quidem
1049 2427 1330 2466 humanissimo
1344 2435 1381 2465 et
1395 2427 1593 2466 lenissimo
1610 2428 1739 2478 appel-

262 2489 419 2536 laretur,
448 2489 574 2540 reipsa
593 2502 683 2527 vero
707 2489 992 2540 experientibus
1024 2489 1101 2527 alia
1130 2489 1337 2536 videretur,
1355 2502 1427 2527 nec
1447 2502 1534 2539 quae
1555 2489 1611 2527 sic
1630 2490 1734 2528 cives

263 2549 430 2589 erudivit
449 2557 493 2588 ut
510 2551 548 2589 in
568 2551 782 2602 petulantia
796 2551 1088 2596 democratiam,
1106 2550 1142 2587 in
1158 2551 1289 2601 legum
1306 2550 1484 2601 neglectu
1504 2550 1736 2596 libertatem,

263 2611 304 2649 in
330 2611 569 2650 confidentia
593 2611 871 2663 aequalitatem,
892 2618 932 2649 et
960 2611 999 2648 in
1025 2610 1180 2649 licentia
1199 2611 1390 2661 quidlibet
1420 2609 1588 2648 faciendi
1616 2611 1736 2649 felici-

263 2679 383 2711 tatem
403 2687 492 2712 esse
511 2675 677 2726 positam
697 2673 974 2718 existimarent,
996 2673 1079 2718 sed,
1101 2685 1219 2722 quum
1244 2672 1338 2710 tales
1367 2672 1542 2710 odissent
1564 2678 1603 2710 et
1626 2674 1737 2724 puni-

262 2741 361 2780 rent,
382 2734 486 2773 cives
506 2735 707 2774 universos
718 2735 895 2773 meliores
908 2742 946 2773 et
959 2734 1214 2772 modestiores
1231 2734 1460 2772 effecerunt.
1518 2734 1733 2773 Plurimum

263 2801 394 2834 autem
414 2796 464 2833 ad
483 2802 630 2834 statum
659 2797 810 2835 felicem
839 2796 1005 2835 civitatis
1027 2796 1124 2834 illud
1145 2795 1200 2834 eis
1229 2796 1467 2843 conferebat,
1487 2796 1593 2847 quod
1613 2810 1732 2847 quum

264 2857 343 2896 duo
357 2857 593 2908 aequalitatis
608 2865 793 2909 putentur
806 2871 892 2897 esse
906 2871 1062 2910 genera,
1079 2871 1242 2908 quorum
1260 2858 1421 2896 alterum
1436 2858 1539 2896 idem
1556 2860 1734 2897 omnibus

264 2918 427 2958 alterum
448 2918 612 2971 singulis
632 2932 702 2972 pro
721 2920 911 2972 dignitate
931 2919 1077 2968 tribuit,
1092 2931 1169 2958 non
1185 2919 1411 2971 ignorarunt
1432 2927 1518 2959 utra
1536 2927 1642 2960 esset
1662 2921 1732 2959 uti-
