<?xml version="1.0" encoding="UTF-8"?>
<!DOCTYPE html PUBLIC "-//W3C//DTD XHTML 1.0 Transitional//EN"
    "http://www.w3.org/TR/xhtml1/DTD/xhtml1-transitional.dtd">
<html xmlns="http://www.w3.org/1999/xhtml" xml:lang="en" lang="en">
 <head>
  <title>
</title>
<meta http-equiv="Content-Type" content="text/html;charset=utf-8" />
  <meta name='ocr-system' content='tesseract 3.04.00' />
  <meta name='ocr-capabilities' content='ocr_page ocr_carea ocr_par ocr_line ocrx_word'/>
</head>
<body>
  <div class='ocr_page' id='page_1' title='image "./oratoresatticie14dobs_0312.png"; bbox 0 0 1870 3277; ppageno 0'>
   <div class='ocr_carea' id='block_1_1' title="bbox 295 185 1159 224">
    <p class='ocr_par' dir='ltr' id='par_1_1' title="bbox 295 185 1159 224">
     <span class='ocr_line' id='line_1_1' title="bbox 295 185 1159 224; baseline -0.001 0"><span class='ocrx_word' id='word_1_1' title='bbox 295 186 370 224; x_wconf 88' lang='lat'>300</span> <span class='ocrx_word' id='word_1_2' title='bbox 878 185 1159 223; x_wconf 87' lang='lat' dir='ltr'>lSOCRATlS</span> 
     </span>
    </p>
   </div>
   <div class='ocr_carea' id='block_1_2' title="bbox 277 284 1729 1753">
    <p class='ocr_par' dir='ltr' id='par_1_2' title="bbox 280 284 1729 1444">
     <span class='ocr_line' id='line_1_2' title="bbox 292 284 1729 329; baseline 0.003 -7"><span class='ocrx_word' id='word_1_3' title='bbox 292 284 479 322; x_wconf 89' lang='lat' dir='ltr'>desiderio</span> <span class='ocrx_word' id='word_1_4' title='bbox 506 293 585 323; x_wconf 91' lang='lat' dir='ltr'>tum</span> <span class='ocrx_word' id='word_1_5' title='bbox 606 285 765 324; x_wconf 83' lang='lat' dir='ltr'>Graecos</span> <span class='ocrx_word' id='word_1_6' title='bbox 792 287 827 323; x_wconf 93' lang='lat' dir='ltr'>in</span> <span class='ocrx_word' id='word_1_7' title='bbox 854 286 1066 326; x_wconf 87' lang='lat' dir='ltr'>libertatem</span> <span class='ocrx_word' id='word_1_8' title='bbox 1094 287 1310 326; x_wconf 84' lang='lat' dir='ltr'>vindicandi</span> <span class='ocrx_word' id='word_1_9' title='bbox 1338 295 1418 326; x_wconf 88' lang='lat' dir='ltr'>tum</span> <span class='ocrx_word' id='word_1_10' title='bbox 1445 289 1534 326; x_wconf 91' lang='lat' dir='ltr'>belli</span> <span class='ocrx_word' id='word_1_11' title='bbox 1561 288 1729 329; x_wconf 81' lang='lat' dir='ltr'>barbaris</span> 
     </span>
     <span class='ocr_line' id='line_1_3' title="bbox 291 348 1727 400; baseline 0.002 -16"><span class='ocrx_word' id='word_1_12' title='bbox 291 348 492 386; x_wconf 83' lang='lat' dir='ltr'>inferendi.</span> <span class='ocrx_word' id='word_1_13' title='bbox 548 348 622 392; x_wconf 91' lang='lat' dir='ltr'>Qui</span> <span class='ocrx_word' id='word_1_14' title='bbox 644 358 769 387; x_wconf 87' lang='lat' dir='ltr'>tamen</span> <span class='ocrx_word' id='word_1_15' title='bbox 790 355 829 387; x_wconf 89' lang='lat' dir='ltr'>et</span> <span class='ocrx_word' id='word_1_16' title='bbox 854 349 934 400; x_wconf 85' lang='lat' dir='ltr'>ipse</span> <span class='ocrx_word' id='word_1_17' title='bbox 954 352 991 387; x_wconf 91' lang='lat' dir='ltr'>in</span> <span class='ocrx_word' id='word_1_18' title='bbox 1011 364 1047 388; x_wconf 92' lang='lat' dir='ltr'>re</span> <span class='ocrx_word' id='word_1_19' title='bbox 1067 363 1142 388; x_wconf 86' lang='lat' dir='ltr'>una</span> <span class='ocrx_word' id='word_1_20' title='bbox 1161 351 1335 388; x_wconf 82' lang='lat' dir='ltr'>aberrare</span> <span class='ocrx_word' id='word_1_21' title='bbox 1355 350 1457 388; x_wconf 83' lang='lat' dir='ltr'>visus</span> <span class='ocrx_word' id='word_1_22' title='bbox 1477 358 1545 388; x_wconf 89' lang='lat' dir='ltr'>est.</span> <span class='ocrx_word' id='word_1_23' title='bbox 1593 350 1727 400; x_wconf 90' lang='lat' dir='ltr'>Neque</span> 
     </span>
     <span class='ocr_line' id='line_1_4' title="bbox 290 409 1726 462; baseline 0.001 -16"><span class='ocrx_word' id='word_1_24' title='bbox 290 409 433 448; x_wconf 80' lang='lat' dir='ltr'>mireris</span> <span class='ocrx_word' id='word_1_25' title='bbox 449 410 571 456; x_wconf 86' lang='lat' dir='ltr'>velim,</span> <span class='ocrx_word' id='word_1_26' title='bbox 593 411 623 449; x_wconf 89' lang='lat' dir='ltr'>si</span> <span class='ocrx_word' id='word_1_27' title='bbox 643 418 766 449; x_wconf 89' lang='lat' dir='ltr'>tecum</span> <span class='ocrx_word' id='word_1_28' title='bbox 787 424 859 462; x_wconf 88' lang='lat' dir='ltr'>ego</span> <span class='ocrx_word' id='word_1_29' title='bbox 875 411 1068 449; x_wconf 87' lang='lat' dir='ltr'>disserens</span> <span class='ocrx_word' id='word_1_30' title='bbox 1087 425 1215 450; x_wconf 90' lang='lat' dir='ltr'>eorum</span> <span class='ocrx_word' id='word_1_31' title='bbox 1236 413 1465 450; x_wconf 85' lang='lat' dir='ltr'>mentionem</span> <span class='ocrx_word' id='word_1_32' title='bbox 1484 412 1618 450; x_wconf 88' lang='lat' dir='ltr'>faciam</span> <span class='ocrx_word' id='word_1_33' title='bbox 1639 425 1726 462; x_wconf 81' lang='lat' dir='ltr'>quoe</span> 
     </span>
     <span class='ocr_line' id='line_1_5' title="bbox 291 470 1726 524; baseline 0.003 -18"><span class='ocrx_word' id='word_1_34' title='bbox 291 470 416 508; x_wconf 89' lang='lat' dir='ltr'>minus</span> <span class='ocrx_word' id='word_1_35' title='bbox 435 471 498 509; x_wconf 91' lang='lat' dir='ltr'>ille</span> <span class='ocrx_word' id='word_1_36' title='bbox 526 480 627 510; x_wconf 90' lang='lat' dir='ltr'>recte</span> <span class='ocrx_word' id='word_1_37' title='bbox 648 473 784 510; x_wconf 84' lang='lat' dir='ltr'>sensit:</span> <span class='ocrx_word' id='word_1_38' title='bbox 815 485 904 510; x_wconf 87' lang='lat' dir='ltr'>nam</span> <span class='ocrx_word' id='word_1_39' title='bbox 923 480 960 510; x_wconf 90' lang='lat' dir='ltr'>et</span> <span class='ocrx_word' id='word_1_40' title='bbox 980 473 1094 511; x_wconf 89' lang='lat' dir='ltr'>libere</span> <span class='ocrx_word' id='word_1_41' title='bbox 1113 474 1216 523; x_wconf 90' lang='lat' dir='ltr'>loqui</span> <span class='ocrx_word' id='word_1_42' title='bbox 1238 486 1388 524; x_wconf 87' lang='lat' dir='ltr'>semper</span> <span class='ocrx_word' id='word_1_43' title='bbox 1407 473 1524 517; x_wconf 92' lang='lat' dir='ltr'>soleo,</span> <span class='ocrx_word' id='word_1_44' title='bbox 1543 480 1582 510; x_wconf 92' lang='lat' dir='ltr'>et</span> <span class='ocrx_word' id='word_1_45' title='bbox 1599 473 1726 510; x_wconf 91' lang='lat' dir='ltr'>malim</span> 
     </span>
     <span class='ocr_line' id='line_1_6' title="bbox 289 532 1725 585; baseline 0.001 -15"><span class='ocrx_word' id='word_1_46' title='bbox 289 532 338 569; x_wconf 94' lang='lat' dir='ltr'>ob</span> <span class='ocrx_word' id='word_1_47' title='bbox 363 532 508 583; x_wconf 88' lang='lat' dir='ltr'>justam</span> <span class='ocrx_word' id='word_1_48' title='bbox 535 534 866 583; x_wconf 84' lang='lat' dir='ltr'>reprehensionem</span> <span class='ocrx_word' id='word_1_49' title='bbox 895 534 1023 571; x_wconf 91' lang='lat' dir='ltr'>odium</span> <span class='ocrx_word' id='word_1_50' title='bbox 1052 535 1240 573; x_wconf 85' lang='lat' dir='ltr'>incurrere</span> <span class='ocrx_word' id='word_1_51' title='bbox 1268 548 1381 585; x_wconf 89' lang='lat' dir='ltr'>quam</span> <span class='ocrx_word' id='word_1_52' title='bbox 1410 548 1474 584; x_wconf 92' lang='lat' dir='ltr'>per</span> <span class='ocrx_word' id='word_1_53' title='bbox 1502 534 1725 571; x_wconf 88' lang='lat' dir='ltr'>immeritam</span> 
     </span>
     <span class='ocr_line' id='line_1_7' title="bbox 287 593 1725 645; baseline 0.001 -15"><span class='ocrx_word' id='word_1_54' title='bbox 287 593 440 631; x_wconf 85' lang='lat' dir='ltr'>laudem</span> <span class='ocrx_word' id='word_1_55' title='bbox 461 595 675 645; x_wconf 83' lang='lat' dir='ltr'>gratificari.</span> <span class='ocrx_word' id='word_1_56' title='bbox 733 595 830 633; x_wconf 84' lang='lat' dir='ltr'>Haec</span> <span class='ocrx_word' id='word_1_57' title='bbox 857 595 971 645; x_wconf 86' lang='lat' dir='ltr'>igitur</span> <span class='ocrx_word' id='word_1_58' title='bbox 990 601 1049 633; x_wconf 87' lang='lat' dir='ltr'>est</span> <span class='ocrx_word' id='word_1_59' title='bbox 1068 609 1153 633; x_wconf 90' lang='lat' dir='ltr'>mea</span> <span class='ocrx_word' id='word_1_60' title='bbox 1173 597 1286 639; x_wconf 88' lang='lat' dir='ltr'>ratio;</span> <span class='ocrx_word' id='word_1_61' title='bbox 1319 604 1495 634; x_wconf 86' lang='lat' dir='ltr'>caeterum</span> <span class='ocrx_word' id='word_1_62' title='bbox 1517 595 1579 633; x_wconf 90' lang='lat' dir='ltr'>ille</span> <span class='ocrx_word' id='word_1_63' title='bbox 1599 595 1662 645; x_wconf 90' lang='lat' dir='ltr'>qui</span> <span class='ocrx_word' id='word_1_64' title='bbox 1689 595 1725 632; x_wconf 93' lang='lat' dir='ltr'>in</span> 
     </span>
     <span class='ocr_line' id='line_1_8' title="bbox 288 653 1728 707; baseline 0.003 -17"><span class='ocrx_word' id='word_1_65' title='bbox 288 653 441 704; x_wconf 90' lang='lat' dir='ltr'>reliquis</span> <span class='ocrx_word' id='word_1_66' title='bbox 470 655 646 693; x_wconf 88' lang='lat' dir='ltr'>omnibus</span> <span class='ocrx_word' id='word_1_67' title='bbox 674 656 880 706; x_wconf 90' lang='lat' dir='ltr'>superabat</span> <span class='ocrx_word' id='word_1_68' title='bbox 907 655 1016 702; x_wconf 90' lang='lat' dir='ltr'>alios,</span> <span class='ocrx_word' id='word_1_69' title='bbox 1043 656 1220 707; x_wconf 89' lang='lat' dir='ltr'>idemque</span> <span class='ocrx_word' id='word_1_70' title='bbox 1248 664 1329 695; x_wconf 88' lang='lat' dir='ltr'>erat</span> <span class='ocrx_word' id='word_1_71' title='bbox 1355 658 1518 694; x_wconf 89' lang='lat' dir='ltr'>maxime</span> <span class='ocrx_word' id='word_1_72' title='bbox 1538 657 1666 707; x_wconf 85' lang='lat' dir='ltr'>justus</span> <span class='ocrx_word' id='word_1_73' title='bbox 1690 664 1728 694; x_wconf 90' lang='lat' dir='ltr'>et</span> 
     </span>
     <span class='ocr_line' id='line_1_9' title="bbox 288 717 1727 768; baseline 0.001 -16"><span class='ocrx_word' id='word_1_74' title='bbox 288 722 506 766; x_wconf 82' lang='lat' dir='ltr'>temperans</span> <span class='ocrx_word' id='word_1_75' title='bbox 526 729 570 754; x_wconf 86' lang='lat' dir='ltr'>ac</span> <span class='ocrx_word' id='word_1_76' title='bbox 593 730 715 754; x_wconf 91' lang='lat' dir='ltr'>rerum</span> <span class='ocrx_word' id='word_1_77' title='bbox 745 717 997 768; x_wconf 90' lang='lat' dir='ltr'>gerendarum</span> <span class='ocrx_word' id='word_1_78' title='bbox 1027 719 1184 768; x_wconf 88' lang='lat' dir='ltr'>peritus,</span> <span class='ocrx_word' id='word_1_79' title='bbox 1205 719 1337 756; x_wconf 89' lang='lat' dir='ltr'>habuit</span> <span class='ocrx_word' id='word_1_80' title='bbox 1361 718 1458 755; x_wconf 90' lang='lat' dir='ltr'>duas</span> <span class='ocrx_word' id='word_1_81' title='bbox 1485 717 1727 768; x_wconf 90' lang='lat' dir='ltr'>cupiditates,</span> 
     </span>
     <span class='ocr_line' id='line_1_10' title="bbox 287 777 1725 829; baseline 0.002 -16"><span class='ocrx_word' id='word_1_82' title='bbox 287 777 507 827; x_wconf 80' lang='lat' dir='ltr'>praeclaram</span> <span class='ocrx_word' id='word_1_83' title='bbox 540 785 755 829; x_wconf 88' lang='lat' dir='ltr'>utramque,</span> <span class='ocrx_word' id='word_1_84' title='bbox 793 779 861 818; x_wconf 92' lang='lat' dir='ltr'>sed</span> <span class='ocrx_word' id='word_1_85' title='bbox 895 792 969 816; x_wconf 91' lang='lat' dir='ltr'>non</span> <span class='ocrx_word' id='word_1_86' title='bbox 1004 780 1101 818; x_wconf 89' lang='lat' dir='ltr'>inter</span> <span class='ocrx_word' id='word_1_87' title='bbox 1133 793 1173 818; x_wconf 90' lang='lat' dir='ltr'>se</span> <span class='ocrx_word' id='word_1_88' title='bbox 1211 781 1498 818; x_wconf 85' lang='lat' dir='ltr'>consentientes</span> <span class='ocrx_word' id='word_1_89' title='bbox 1536 792 1606 816; x_wconf 90' lang='lat' dir='ltr'>nec</span> <span class='ocrx_word' id='word_1_90' title='bbox 1644 779 1725 829; x_wconf 90' lang='lat' dir='ltr'>ejus</span> 
     </span>
     <span class='ocr_line' id='line_1_11' title="bbox 286 840 1724 892; baseline 0.001 -16"><span class='ocrx_word' id='word_1_91' title='bbox 286 840 436 889; x_wconf 87' lang='lat' dir='ltr'>generis</span> <span class='ocrx_word' id='word_1_92' title='bbox 456 851 541 891; x_wconf 86' lang='lat' dir='ltr'>quae</span> <span class='ocrx_word' id='word_1_93' title='bbox 562 840 672 878; x_wconf 89' lang='lat' dir='ltr'>simul</span> <span class='ocrx_word' id='word_1_94' title='bbox 692 841 846 879; x_wconf 84' lang='lat' dir='ltr'>confieri</span> <span class='ocrx_word' id='word_1_95' title='bbox 869 841 1034 892; x_wconf 83' lang='lat' dir='ltr'>possint:</span> <span class='ocrx_word' id='word_1_96' title='bbox 1064 841 1219 879; x_wconf 86' lang='lat' dir='ltr'>volebat</span> <span class='ocrx_word' id='word_1_97' title='bbox 1237 841 1336 879; x_wconf 87' lang='lat' dir='ltr'>enirn</span> <span class='ocrx_word' id='word_1_98' title='bbox 1359 848 1398 878; x_wconf 90' lang='lat' dir='ltr'>et</span> <span class='ocrx_word' id='word_1_99' title='bbox 1424 841 1503 890; x_wconf 85' lang='lat' dir='ltr'>regi</span> <span class='ocrx_word' id='word_1_100' title='bbox 1524 840 1724 878; x_wconf 85' lang='lat' dir='ltr'>Persarum</span> 
     </span>
     <span class='ocr_line' id='line_1_12' title="bbox 285 899 1726 952; baseline 0.001 -15"><span class='ocrx_word' id='word_1_101' title='bbox 285 899 427 939; x_wconf 92' lang='lat' dir='ltr'>bellum</span> <span class='ocrx_word' id='word_1_102' title='bbox 447 901 598 947; x_wconf 89' lang='lat' dir='ltr'>inferre,</span> <span class='ocrx_word' id='word_1_103' title='bbox 615 909 652 940; x_wconf 88' lang='lat' dir='ltr'>et</span> <span class='ocrx_word' id='word_1_104' title='bbox 671 902 812 940; x_wconf 89' lang='lat' dir='ltr'>amicos</span> <span class='ocrx_word' id='word_1_105' title='bbox 832 902 880 940; x_wconf 85' lang='lat' dir='ltr'>ab</span> <span class='ocrx_word' id='word_1_106' title='bbox 899 902 1030 940; x_wconf 86' lang='lat' dir='ltr'>exsilio</span> <span class='ocrx_word' id='word_1_107' title='bbox 1051 903 1086 939; x_wconf 89' lang='lat' dir='ltr'>in</span> <span class='ocrx_word' id='word_1_108' title='bbox 1107 902 1266 952; x_wconf 86' lang='lat' dir='ltr'>patriam</span> <span class='ocrx_word' id='word_1_109' title='bbox 1283 915 1473 952; x_wconf 87' lang='lat' dir='ltr'>quemque</span> <span class='ocrx_word' id='word_1_110' title='bbox 1493 915 1598 940; x_wconf 87' lang='lat' dir='ltr'>suam</span> <span class='ocrx_word' id='word_1_111' title='bbox 1621 902 1726 939; x_wconf 90' lang='lat' dir='ltr'>resti-</span> 
     </span>
     <span class='ocr_line' id='line_1_13' title="bbox 286 963 1725 1013; baseline 0.001 -15"><span class='ocrx_word' id='word_1_112' title='bbox 286 967 392 999; x_wconf 87' lang='lat' dir='ltr'>tuere</span> <span class='ocrx_word' id='word_1_113' title='bbox 424 975 469 999; x_wconf 86' lang='lat' dir='ltr'>ac</span> <span class='ocrx_word' id='word_1_114' title='bbox 501 975 659 999; x_wconf 83' lang='lat' dir='ltr'>summae</span> <span class='ocrx_word' id='word_1_115' title='bbox 694 976 818 1001; x_wconf 90' lang='lat' dir='ltr'>rerum</span> <span class='ocrx_word' id='word_1_116' title='bbox 851 964 1058 1013; x_wconf 75' lang='lat' dir='ltr'>praeficere.</span> <span class='ocrx_word' id='word_1_117' title='bbox 1130 963 1265 1001; x_wconf 89' lang='lat' dir='ltr'>Fiebat</span> <span class='ocrx_word' id='word_1_118' title='bbox 1295 963 1438 1013; x_wconf 88' lang='lat' dir='ltr'>itaque,</span> <span class='ocrx_word' id='word_1_119' title='bbox 1471 963 1562 1000; x_wconf 92' lang='lat' dir='ltr'>dum</span> <span class='ocrx_word' id='word_1_120' title='bbox 1595 963 1725 1000; x_wconf 90' lang='lat' dir='ltr'>amicis</span> 
     </span>
     <span class='ocr_line' id='line_1_14' title="bbox 284 1022 1727 1075; baseline 0.001 -15"><span class='ocrx_word' id='word_1_121' title='bbox 284 1023 454 1061; x_wconf 87' lang='lat' dir='ltr'>studeret</span> <span class='ocrx_word' id='word_1_122' title='bbox 477 1022 695 1075; x_wconf 81' lang='lat' dir='ltr'>impensius,</span> <span class='ocrx_word' id='word_1_123' title='bbox 721 1030 765 1062; x_wconf 92' lang='lat' dir='ltr'>ut</span> <span class='ocrx_word' id='word_1_124' title='bbox 788 1032 826 1062; x_wconf 91' lang='lat' dir='ltr'>et</span> <span class='ocrx_word' id='word_1_125' title='bbox 853 1024 981 1062; x_wconf 81' lang='lat' dir='ltr'>Graeci</span> <span class='ocrx_word' id='word_1_126' title='bbox 1004 1026 1042 1062; x_wconf 90' lang='lat' dir='ltr'>in</span> <span class='ocrx_word' id='word_1_127' title='bbox 1070 1024 1178 1062; x_wconf 87' lang='lat' dir='ltr'>malis</span> <span class='ocrx_word' id='word_1_128' title='bbox 1202 1037 1246 1062; x_wconf 87' lang='lat' dir='ltr'>ac</span> <span class='ocrx_word' id='word_1_129' title='bbox 1274 1023 1384 1062; x_wconf 88' lang='lat' dir='ltr'>bellis</span> <span class='ocrx_word' id='word_1_130' title='bbox 1411 1030 1662 1068; x_wconf 88' lang='lat' dir='ltr'>versarentur,</span> <span class='ocrx_word' id='word_1_131' title='bbox 1689 1031 1727 1061; x_wconf 91' lang='lat' dir='ltr'>et</span> 
     </span>
     <span class='ocr_line' id='line_1_15' title="bbox 284 1085 1725 1136; baseline 0 -14"><span class='ocrx_word' id='word_1_132' title='bbox 284 1085 399 1135; x_wconf 90' lang='lat' dir='ltr'>[ipse]</span> <span class='ocrx_word' id='word_1_133' title='bbox 419 1092 574 1136; x_wconf 86' lang='lat' dir='ltr'>propter</span> <span class='ocrx_word' id='word_1_134' title='bbox 604 1086 807 1123; x_wconf 88' lang='lat' dir='ltr'>tumultum</span> <span class='ocrx_word' id='word_1_135' title='bbox 827 1086 889 1124; x_wconf 90' lang='lat' dir='ltr'>hic</span> <span class='ocrx_word' id='word_1_136' title='bbox 918 1086 1129 1124; x_wconf 86' lang='lat' dir='ltr'>excitatum</span> <span class='ocrx_word' id='word_1_137' title='bbox 1157 1085 1355 1136; x_wconf 87' lang='lat' dir='ltr'>pugnandi</span> <span class='ocrx_word' id='word_1_138' title='bbox 1383 1092 1516 1123; x_wconf 86' lang='lat' dir='ltr'>contra</span> <span class='ocrx_word' id='word_1_139' title='bbox 1543 1085 1725 1123; x_wconf 83' lang='lat' dir='ltr'>barbaros</span> 
     </span>
     <span class='ocr_line' id='line_1_16' title="bbox 283 1146 1724 1197; baseline -0.001 -12"><span class='ocrx_word' id='word_1_140' title='bbox 283 1149 402 1185; x_wconf 87' lang='lat' dir='ltr'>otium</span> <span class='ocrx_word' id='word_1_141' title='bbox 428 1156 467 1185; x_wconf 90' lang='lat' dir='ltr'>et</span> <span class='ocrx_word' id='word_1_142' title='bbox 490 1147 712 1187; x_wconf 81' lang='lat' dir='ltr'>facultatem</span> <span class='ocrx_word' id='word_1_143' title='bbox 733 1161 809 1185; x_wconf 90' lang='lat' dir='ltr'>non</span> <span class='ocrx_word' id='word_1_144' title='bbox 829 1148 998 1186; x_wconf 86' lang='lat' dir='ltr'>haberet.</span> <span class='ocrx_word' id='word_1_145' title='bbox 1057 1149 1186 1190; x_wconf 83' lang='lat' dir='ltr'>Quare</span> <span class='ocrx_word' id='word_1_146' title='bbox 1205 1161 1252 1185; x_wconf 88' lang='lat' dir='ltr'>ex</span> <span class='ocrx_word' id='word_1_147' title='bbox 1275 1146 1334 1185; x_wconf 89' lang='lat' dir='ltr'>his</span> <span class='ocrx_word' id='word_1_148' title='bbox 1353 1160 1440 1197; x_wconf 89' lang='lat' dir='ltr'>quae</span> <span class='ocrx_word' id='word_1_149' title='bbox 1465 1146 1528 1184; x_wconf 92' lang='lat' dir='ltr'>illo</span> <span class='ocrx_word' id='word_1_150' title='bbox 1555 1154 1724 1196; x_wconf 89' lang='lat' dir='ltr'>tempore</span> 
     </span>
     <span class='ocr_line' id='line_1_17' title="bbox 283 1207 1724 1261; baseline -0.002 -14"><span class='ocrx_word' id='word_1_151' title='bbox 283 1216 410 1248; x_wconf 86' lang='lat' dir='ltr'>errata</span> <span class='ocrx_word' id='word_1_152' title='bbox 431 1218 521 1247; x_wconf 90' lang='lat' dir='ltr'>sunt</span> <span class='ocrx_word' id='word_1_153' title='bbox 538 1209 650 1248; x_wconf 82' lang='lat' dir='ltr'>facile</span> <span class='ocrx_word' id='word_1_154' title='bbox 672 1209 895 1261; x_wconf 85' lang='lat' dir='ltr'>intelligitur</span> <span class='ocrx_word' id='word_1_155' title='bbox 915 1223 994 1255; x_wconf 87' lang='lat' dir='ltr'>eos,</span> <span class='ocrx_word' id='word_1_156' title='bbox 1010 1210 1075 1260; x_wconf 88' lang='lat' dir='ltr'>qui</span> <span class='ocrx_word' id='word_1_157' title='bbox 1097 1215 1199 1247; x_wconf 89' lang='lat' dir='ltr'>recte</span> <span class='ocrx_word' id='word_1_158' title='bbox 1220 1209 1334 1247; x_wconf 87' lang='lat' dir='ltr'>rebus</span> <span class='ocrx_word' id='word_1_159' title='bbox 1355 1207 1574 1246; x_wconf 89' lang='lat' dir='ltr'>consultum</span> <span class='ocrx_word' id='word_1_160' title='bbox 1595 1207 1724 1253; x_wconf 87' lang='lat' dir='ltr'>velint,</span> 
     </span>
     <span class='ocr_line' id='line_1_18' title="bbox 283 1269 1725 1322; baseline -0.001 -13"><span class='ocrx_word' id='word_1_161' title='bbox 283 1284 358 1309; x_wconf 89' lang='lat' dir='ltr'>non</span> <span class='ocrx_word' id='word_1_162' title='bbox 379 1272 484 1322; x_wconf 91' lang='lat' dir='ltr'>prius</span> <span class='ocrx_word' id='word_1_163' title='bbox 506 1272 584 1322; x_wconf 84' lang='lat' dir='ltr'>regi</span> <span class='ocrx_word' id='word_1_164' title='bbox 606 1271 761 1310; x_wconf 91' lang='lat' dir='ltr'>Persico</span> <span class='ocrx_word' id='word_1_165' title='bbox 780 1272 923 1309; x_wconf 90' lang='lat' dir='ltr'>bellum</span> <span class='ocrx_word' id='word_1_166' title='bbox 950 1272 1087 1309; x_wconf 86' lang='lat' dir='ltr'>inferre</span> <span class='ocrx_word' id='word_1_167' title='bbox 1107 1270 1260 1317; x_wconf 88' lang='lat' dir='ltr'>debere,</span> <span class='ocrx_word' id='word_1_168' title='bbox 1287 1283 1400 1321; x_wconf 91' lang='lat' dir='ltr'>quam</span> <span class='ocrx_word' id='word_1_169' title='bbox 1423 1269 1582 1308; x_wconf 82' lang='lat' dir='ltr'>Graecos</span> <span class='ocrx_word' id='word_1_170' title='bbox 1601 1270 1725 1320; x_wconf 90' lang='lat' dir='ltr'>quivis</span> 
     </span>
     <span class='ocr_line' id='line_1_19' title="bbox 280 1332 1723 1384; baseline -0.002 -13"><span class='ocrx_word' id='word_1_171' title='bbox 280 1334 531 1371; x_wconf 83' lang='lat' dir='ltr'>reconciliarit</span> <span class='ocrx_word' id='word_1_172' title='bbox 561 1340 806 1384; x_wconf 90' lang='lat' dir='ltr'>nostrumque</span> <span class='ocrx_word' id='word_1_173' title='bbox 840 1333 1006 1371; x_wconf 88' lang='lat' dir='ltr'>furorem</span> <span class='ocrx_word' id='word_1_174' title='bbox 1044 1340 1083 1370; x_wconf 89' lang='lat' dir='ltr'>et</span> <span class='ocrx_word' id='word_1_175' title='bbox 1115 1333 1399 1370; x_wconf 85' lang='lat' dir='ltr'>contentionem</span> <span class='ocrx_word' id='word_1_176' title='bbox 1432 1332 1723 1382; x_wconf 85' lang='lat' dir='ltr'>compescuerit.</span> 
     </span>
     <span class='ocr_line' id='line_1_20' title="bbox 282 1393 1391 1444; baseline -0.003 -11"><span class='ocrx_word' id='word_1_177' title='bbox 282 1396 371 1438; x_wconf 87' lang='lat' dir='ltr'>Qua</span> <span class='ocrx_word' id='word_1_178' title='bbox 387 1395 434 1432; x_wconf 88' lang='lat' dir='ltr'>de</span> <span class='ocrx_word' id='word_1_179' title='bbox 450 1409 488 1433; x_wconf 88' lang='lat' dir='ltr'>re</span> <span class='ocrx_word' id='word_1_180' title='bbox 506 1402 549 1432; x_wconf 92' lang='lat' dir='ltr'>ut</span> <span class='ocrx_word' id='word_1_181' title='bbox 568 1396 662 1433; x_wconf 90' lang='lat' dir='ltr'>alias</span> <span class='ocrx_word' id='word_1_182' title='bbox 682 1396 799 1432; x_wconf 89' lang='lat' dir='ltr'>verba</span> <span class='ocrx_word' id='word_1_183' title='bbox 816 1394 902 1439; x_wconf 89' lang='lat' dir='ltr'>feci,</span> <span class='ocrx_word' id='word_1_184' title='bbox 923 1395 976 1431; x_wconf 88' lang='lat' dir='ltr'>ita</span> <span class='ocrx_word' id='word_1_185' title='bbox 995 1407 1117 1444; x_wconf 88' lang='lat' dir='ltr'>neque</span> <span class='ocrx_word' id='word_1_186' title='bbox 1136 1407 1238 1431; x_wconf 88' lang='lat' dir='ltr'>nunc</span> <span class='ocrx_word' id='word_1_187' title='bbox 1259 1393 1391 1431; x_wconf 86' lang='lat' dir='ltr'>silebo.</span> 
     </span>
    </p>

    <p class='ocr_par' dir='ltr' id='par_1_3' title="bbox 277 1455 1723 1753">
     <span class='ocr_line' id='line_1_21' title="bbox 333 1455 1721 1507; baseline -0.001 -13"><span class='ocrx_word' id='word_1_188' title='bbox 333 1459 369 1495; x_wconf 90' lang='lat'>6.</span> <span class='ocrx_word' id='word_1_189' title='bbox 402 1458 454 1495; x_wconf 88' lang='lat' dir='ltr'>At</span> <span class='ocrx_word' id='word_1_190' title='bbox 473 1458 571 1494; x_wconf 92' lang='lat' dir='ltr'>enim</span> <span class='ocrx_word' id='word_1_191' title='bbox 591 1457 744 1507; x_wconf 89' lang='lat' dir='ltr'>quidam</span> <span class='ocrx_word' id='word_1_192' title='bbox 769 1470 814 1494; x_wconf 88' lang='lat' dir='ltr'>ex</span> <span class='ocrx_word' id='word_1_193' title='bbox 840 1457 884 1494; x_wconf 89' lang='lat' dir='ltr'>iis</span> <span class='ocrx_word' id='word_1_194' title='bbox 908 1458 972 1507; x_wconf 92' lang='lat' dir='ltr'>qui</span> <span class='ocrx_word' id='word_1_195' title='bbox 999 1457 1092 1494; x_wconf 84' lang='lat' dir='ltr'>alios</span> <span class='ocrx_word' id='word_1_196' title='bbox 1117 1456 1254 1494; x_wconf 91' lang='lat' dir='ltr'>docere</span> <span class='ocrx_word' id='word_1_197' title='bbox 1282 1469 1322 1494; x_wconf 91' lang='lat' dir='ltr'>se</span> <span class='ocrx_word' id='word_1_198' title='bbox 1348 1469 1462 1507; x_wconf 86' lang='lat' dir='ltr'>posse</span> <span class='ocrx_word' id='word_1_199' title='bbox 1482 1455 1721 1505; x_wconf 85' lang='lat' dir='ltr'>pollicentur,</span> 
     </span>
     <span class='ocr_line' id='line_1_22' title="bbox 278 1517 1723 1569; baseline -0.001 -13"><span class='ocrx_word' id='word_1_200' title='bbox 278 1532 396 1569; x_wconf 89' lang='lat' dir='ltr'>quum</span> <span class='ocrx_word' id='word_1_201' title='bbox 425 1519 500 1556; x_wconf 83' lang='lat' dir='ltr'>sint</span> <span class='ocrx_word' id='word_1_202' title='bbox 523 1519 593 1569; x_wconf 91' lang='lat' dir='ltr'>ipsi</span> <span class='ocrx_word' id='word_1_203' title='bbox 622 1519 804 1557; x_wconf 84' lang='lat' dir='ltr'>doctrinae</span> <span class='ocrx_word' id='word_1_204' title='bbox 830 1519 954 1556; x_wconf 87' lang='lat' dir='ltr'>omnis</span> <span class='ocrx_word' id='word_1_205' title='bbox 981 1525 1167 1568; x_wconf 87' lang='lat' dir='ltr'>expertes,</span> <span class='ocrx_word' id='word_1_206' title='bbox 1194 1518 1333 1568; x_wconf 88' lang='lat' dir='ltr'>quique</span> <span class='ocrx_word' id='word_1_207' title='bbox 1361 1530 1445 1555; x_wconf 89' lang='lat' dir='ltr'>mea</span> <span class='ocrx_word' id='word_1_208' title='bbox 1470 1517 1613 1567; x_wconf 87' lang='lat' dir='ltr'>scripta</span> <span class='ocrx_word' id='word_1_209' title='bbox 1639 1530 1723 1554; x_wconf 88' lang='lat' dir='ltr'>car-</span> 
     </span>
     <span class='ocr_line' id='line_1_23' title="bbox 277 1578 1721 1631; baseline -0.002 -13"><span class='ocrx_word' id='word_1_210' title='bbox 277 1593 367 1631; x_wconf 88' lang='lat' dir='ltr'>pere</span> <span class='ocrx_word' id='word_1_211' title='bbox 387 1580 542 1625; x_wconf 89' lang='lat' dir='ltr'>audent‚</span> <span class='ocrx_word' id='word_1_212' title='bbox 561 1594 647 1631; x_wconf 85' lang='lat' dir='ltr'>quae</span> <span class='ocrx_word' id='word_1_213' title='bbox 675 1587 802 1617; x_wconf 88' lang='lat' dir='ltr'>tamen</span> <span class='ocrx_word' id='word_1_214' title='bbox 830 1580 965 1617; x_wconf 84' lang='lat' dir='ltr'>imitari</span> <span class='ocrx_word' id='word_1_215' title='bbox 991 1579 1172 1629; x_wconf 88' lang='lat' dir='ltr'>gestiunt,</span> <span class='ocrx_word' id='word_1_216' title='bbox 1200 1579 1273 1616; x_wconf 90' lang='lat' dir='ltr'>hoc</span> <span class='ocrx_word' id='word_1_217' title='bbox 1300 1578 1478 1616; x_wconf 78' lang='lat' dir='ltr'>amentiae</span> <span class='ocrx_word' id='word_1_218' title='bbox 1504 1579 1632 1616; x_wconf 87' lang='lat' dir='ltr'>forsan</span> <span class='ocrx_word' id='word_1_219' title='bbox 1654 1578 1721 1616; x_wconf 90' lang='lat' dir='ltr'>ad-</span> 
     </span>
     <span class='ocr_line' id='line_1_24' title="bbox 278 1639 1720 1692; baseline 0 -14"><span class='ocrx_word' id='word_1_220' title='bbox 278 1642 457 1686; x_wconf 84' lang='lat' dir='ltr'>scribant,</span> <span class='ocrx_word' id='word_1_221' title='bbox 494 1641 599 1691; x_wconf 90' lang='lat' dir='ltr'>quod</span> <span class='ocrx_word' id='word_1_222' title='bbox 634 1641 797 1678; x_wconf 83' lang='lat' dir='ltr'>Graeciae</span> <span class='ocrx_word' id='word_1_223' title='bbox 835 1640 1073 1678; x_wconf 81' lang='lat' dir='ltr'>calamitates</span> <span class='ocrx_word' id='word_1_224' title='bbox 1112 1653 1184 1692; x_wconf 86' lang='lat' dir='ltr'>ego</span> <span class='ocrx_word' id='word_1_225' title='bbox 1216 1653 1349 1678; x_wconf 90' lang='lat' dir='ltr'>curare</span> <span class='ocrx_word' id='word_1_226' title='bbox 1381 1639 1574 1691; x_wconf 86' lang='lat' dir='ltr'>profitear,</span> <span class='ocrx_word' id='word_1_227' title='bbox 1611 1641 1720 1691; x_wconf 89' lang='lat' dir='ltr'>quasi</span> 
     </span>
     <span class='ocr_line' id='line_1_25' title="bbox 277 1701 1721 1753; baseline -0.001 -12"><span class='ocrx_word' id='word_1_228' title='bbox 277 1715 344 1753; x_wconf 85' lang='lat' dir='ltr'>per</span> <span class='ocrx_word' id='word_1_229' title='bbox 380 1715 503 1740; x_wconf 86' lang='lat' dir='ltr'>meam</span> <span class='ocrx_word' id='word_1_230' title='bbox 540 1703 749 1741; x_wconf 85' lang='lat' dir='ltr'>orationem</span> <span class='ocrx_word' id='word_1_231' title='bbox 786 1703 922 1740; x_wconf 87' lang='lat' dir='ltr'>melius</span> <span class='ocrx_word' id='word_1_232' title='bbox 960 1716 1046 1740; x_wconf 86' lang='lat' dir='ltr'>cum</span> <span class='ocrx_word' id='word_1_233' title='bbox 1085 1702 1148 1739; x_wconf 90' lang='lat' dir='ltr'>illa</span> <span class='ocrx_word' id='word_1_234' title='bbox 1186 1703 1247 1752; x_wconf 84' lang='lat' dir='ltr'>agi</span> <span class='ocrx_word' id='word_1_235' title='bbox 1279 1701 1461 1751; x_wconf 87' lang='lat' dir='ltr'>deinceps</span> <span class='ocrx_word' id='word_1_236' title='bbox 1498 1701 1620 1751; x_wconf 87' lang='lat' dir='ltr'>possit</span> <span class='ocrx_word' id='word_1_237' title='bbox 1656 1709 1721 1739; x_wconf 88' lang='lat' dir='ltr'>aut</span> 
     </span>
    </p>
   </div>
   <div class='ocr_carea' id='block_1_3' title="bbox 278 1762 1720 1872">
    <p class='ocr_par' dir='ltr' id='par_1_4' title="bbox 278 1762 1720 1872">
     <span class='ocr_line' id='line_1_26' title="bbox 278 1762 459 1801; baseline 0 -1"><span class='ocrx_word' id='word_1_238' title='bbox 278 1762 459 1801; x_wconf 89' lang='lat' dir='ltr'>deterius.</span> 
     </span>
     <span class='ocr_line' id='line_1_27' title="bbox 331 1821 1720 1872; baseline -0.001 -10"><span class='ocrx_word' id='word_1_239' title='bbox 331 1827 369 1862; x_wconf 92' lang='lat'>7.</span> <span class='ocrx_word' id='word_1_240' title='bbox 398 1825 571 1868; x_wconf 88' lang='lat' dir='ltr'>Quorum</span> <span class='ocrx_word' id='word_1_241' title='bbox 590 1823 726 1860; x_wconf 90' lang='lat' dir='ltr'>merito</span> <span class='ocrx_word' id='word_1_242' title='bbox 748 1835 839 1859; x_wconf 89' lang='lat' dir='ltr'>sane</span> <span class='ocrx_word' id='word_1_243' title='bbox 858 1823 1038 1872; x_wconf 84' lang='lat' dir='ltr'>pusillum</span> <span class='ocrx_word' id='word_1_244' title='bbox 1058 1822 1170 1858; x_wconf 89' lang='lat' dir='ltr'>nimis</span> <span class='ocrx_word' id='word_1_245' title='bbox 1185 1835 1229 1858; x_wconf 87' lang='lat' dir='ltr'>ac</span> <span class='ocrx_word' id='word_1_246' title='bbox 1250 1834 1383 1871; x_wconf 91' lang='lat' dir='ltr'>parum</span> <span class='ocrx_word' id='word_1_247' title='bbox 1397 1821 1538 1859; x_wconf 90' lang='lat' dir='ltr'>virilem</span> <span class='ocrx_word' id='word_1_248' title='bbox 1555 1823 1720 1860; x_wconf 86' lang='lat' dir='ltr'>animum</span> 
     </span>
    </p>
   </div>
   <div class='ocr_carea' id='block_1_4' title="bbox 266 1882 1729 2979">
    <p class='ocr_par' dir='ltr' id='par_1_5' title="bbox 266 1882 1729 2979">
     <span class='ocr_line' id='line_1_28' title="bbox 275 1882 1718 1936; baseline -0.002 -11"><span class='ocrx_word' id='word_1_249' title='bbox 275 1899 407 1925; x_wconf 89' lang='lat' dir='ltr'>omnes</span> <span class='ocrx_word' id='word_1_250' title='bbox 440 1884 736 1936; x_wconf 85' lang='lat' dir='ltr'>reprehendant,</span> <span class='ocrx_word' id='word_1_251' title='bbox 771 1882 876 1933; x_wconf 91' lang='lat' dir='ltr'>quod</span> <span class='ocrx_word' id='word_1_252' title='bbox 910 1896 949 1920; x_wconf 91' lang='lat' dir='ltr'>se</span> <span class='ocrx_word' id='word_1_253' title='bbox 983 1882 1232 1932; x_wconf 82' lang='lat' dir='ltr'>philosophos</span> <span class='ocrx_word' id='word_1_254' title='bbox 1264 1883 1458 1933; x_wconf 87' lang='lat' dir='ltr'>jactantes</span> <span class='ocrx_word' id='word_1_255' title='bbox 1495 1891 1533 1922; x_wconf 90' lang='lat' dir='ltr'>et</span> <span class='ocrx_word' id='word_1_256' title='bbox 1567 1884 1636 1934; x_wconf 91' lang='lat' dir='ltr'>ipsi</span> <span class='ocrx_word' id='word_1_257' title='bbox 1670 1886 1718 1922; x_wconf 91' lang='lat' dir='ltr'>ob</span> 
     </span>
     <span class='ocr_line' id='line_1_29' title="bbox 273 1944 1721 2000; baseline -0.001 -14"><span class='ocrx_word' id='word_1_258' title='bbox 273 1960 391 2000; x_wconf 90' lang='lat' dir='ltr'>parva</span> <span class='ocrx_word' id='word_1_259' title='bbox 409 1947 633 1998; x_wconf 86' lang='lat' dir='ltr'>glorientur,</span> <span class='ocrx_word' id='word_1_260' title='bbox 660 1952 698 1983; x_wconf 85' lang='lat' dir='ltr'>et</span> <span class='ocrx_word' id='word_1_261' title='bbox 721 1945 815 1990; x_wconf 80' lang='lat' dir='ltr'>aliis,</span> <span class='ocrx_word' id='word_1_262' title='bbox 843 1944 908 1995; x_wconf 93' lang='lat' dir='ltr'>qui</span> <span class='ocrx_word' id='word_1_263' title='bbox 930 1944 978 1981; x_wconf 91' lang='lat' dir='ltr'>de</span> <span class='ocrx_word' id='word_1_264' title='bbox 1007 1945 1213 1995; x_wconf 87' lang='lat' dir='ltr'>majoribus</span> <span class='ocrx_word' id='word_1_265' title='bbox 1233 1944 1389 1982; x_wconf 75' lang='lat' dir='ltr'>consilia</span> <span class='ocrx_word' id='word_1_266' title='bbox 1409 1958 1612 1995; x_wconf 83' lang='lat' dir='ltr'>suggerere</span> <span class='ocrx_word' id='word_1_267' title='bbox 1632 1959 1721 1996; x_wconf 85' lang='lat' dir='ltr'>pos-</span> 
     </span>
     <span class='ocr_line' id='line_1_30' title="bbox 274 2005 1716 2056; baseline -0.002 -8"><span class='ocrx_word' id='word_1_268' title='bbox 274 2009 365 2054; x_wconf 87' lang='lat' dir='ltr'>sint,</span> <span class='ocrx_word' id='word_1_269' title='bbox 388 2022 464 2047; x_wconf 92' lang='lat' dir='ltr'>non</span> <span class='ocrx_word' id='word_1_270' title='bbox 484 2008 662 2046; x_wconf 90' lang='lat' dir='ltr'>desinant</span> <span class='ocrx_word' id='word_1_271' title='bbox 687 2006 867 2044; x_wconf 89' lang='lat' dir='ltr'>invidere.</span> <span class='ocrx_word' id='word_1_272' title='bbox 924 2005 1051 2056; x_wconf 89' lang='lat' dir='ltr'>Atque</span> <span class='ocrx_word' id='word_1_273' title='bbox 1077 2005 1130 2042; x_wconf 92' lang='lat' dir='ltr'>illi</span> <span class='ocrx_word' id='word_1_274' title='bbox 1151 2005 1306 2056; x_wconf 91' lang='lat' dir='ltr'>quidem</span> <span class='ocrx_word' id='word_1_275' title='bbox 1335 2006 1524 2056; x_wconf 86' lang='lat' dir='ltr'>ignaviam</span> <span class='ocrx_word' id='word_1_276' title='bbox 1544 2014 1582 2044; x_wconf 91' lang='lat' dir='ltr'>et</span> <span class='ocrx_word' id='word_1_277' title='bbox 1599 2007 1716 2045; x_wconf 90' lang='lat' dir='ltr'>imbe-</span> 
     </span>
     <span class='ocr_line' id='line_1_31' title="bbox 274 2067 1717 2120; baseline 0 -12"><span class='ocrx_word' id='word_1_278' title='bbox 274 2070 470 2109; x_wconf 90' lang='lat' dir='ltr'>cillitatem</span> <span class='ocrx_word' id='word_1_279' title='bbox 491 2081 599 2107; x_wconf 86' lang='lat' dir='ltr'>suam</span> <span class='ocrx_word' id='word_1_280' title='bbox 625 2069 805 2118; x_wconf 82' lang='lat' dir='ltr'>obtegere</span> <span class='ocrx_word' id='word_1_281' title='bbox 832 2067 1033 2118; x_wconf 90' lang='lat' dir='ltr'>cupientes</span> <span class='ocrx_word' id='word_1_282' title='bbox 1057 2067 1152 2105; x_wconf 88' lang='lat' dir='ltr'>talia</span> <span class='ocrx_word' id='word_1_283' title='bbox 1176 2068 1338 2105; x_wconf 86' lang='lat' dir='ltr'>fortasse</span> <span class='ocrx_word' id='word_1_284' title='bbox 1363 2069 1440 2105; x_wconf 83' lang='lat' dir='ltr'>sint</span> <span class='ocrx_word' id='word_1_285' title='bbox 1459 2068 1615 2106; x_wconf 89' lang='lat' dir='ltr'>dicturi:</span> <span class='ocrx_word' id='word_1_286' title='bbox 1646 2083 1717 2120; x_wconf 82' lang='lat' dir='ltr'>ego</span> 
     </span>
     <span class='ocr_line' id='line_1_32' title="bbox 272 2129 1716 2182; baseline 0.001 -13"><span class='ocrx_word' id='word_1_287' title='bbox 272 2144 376 2177; x_wconf 86' lang='lat' dir='ltr'>vero,</span> <span class='ocrx_word' id='word_1_288' title='bbox 409 2143 629 2182; x_wconf 87' lang='lat' dir='ltr'>quanquam</span> <span class='ocrx_word' id='word_1_289' title='bbox 662 2129 938 2180; x_wconf 89' lang='lat' dir='ltr'>octogesimum</span> <span class='ocrx_word' id='word_1_290' title='bbox 971 2130 1053 2180; x_wconf 88' lang='lat' dir='ltr'>jam</span> <span class='ocrx_word' id='word_1_291' title='bbox 1086 2143 1230 2167; x_wconf 91' lang='lat' dir='ltr'>annum</span> <span class='ocrx_word' id='word_1_292' title='bbox 1264 2137 1393 2176; x_wconf 86' lang='lat' dir='ltr'>natus,</span> <span class='ocrx_word' id='word_1_293' title='bbox 1429 2130 1482 2168; x_wconf 88' lang='lat' dir='ltr'>ita</span> <span class='ocrx_word' id='word_1_294' title='bbox 1514 2130 1716 2181; x_wconf 84' lang='lat' dir='ltr'>magnifice</span> 
     </span>
     <span class='ocr_line' id='line_1_33' title="bbox 272 2191 1714 2241; baseline 0 -10"><span class='ocrx_word' id='word_1_295' title='bbox 272 2199 397 2231; x_wconf 87' lang='lat' dir='ltr'>tamen</span> <span class='ocrx_word' id='word_1_296' title='bbox 418 2193 466 2229; x_wconf 90' lang='lat' dir='ltr'>de</span> <span class='ocrx_word' id='word_1_297' title='bbox 485 2204 544 2228; x_wconf 91' lang='lat' dir='ltr'>me</span> <span class='ocrx_word' id='word_1_298' title='bbox 565 2191 690 2229; x_wconf 89' lang='lat' dir='ltr'>adhuc</span> <span class='ocrx_word' id='word_1_299' title='bbox 710 2191 848 2236; x_wconf 89' lang='lat' dir='ltr'>sentio,</span> <span class='ocrx_word' id='word_1_300' title='bbox 870 2198 912 2228; x_wconf 91' lang='lat' dir='ltr'>ut</span> <span class='ocrx_word' id='word_1_301' title='bbox 930 2198 1060 2241; x_wconf 90' lang='lat' dir='ltr'>putem</span> <span class='ocrx_word' id='word_1_302' title='bbox 1081 2191 1155 2228; x_wconf 89' lang='lat' dir='ltr'>mei</span> <span class='ocrx_word' id='word_1_303' title='bbox 1174 2192 1383 2241; x_wconf 85' lang='lat' dir='ltr'>praesertim</span> <span class='ocrx_word' id='word_1_304' title='bbox 1403 2192 1520 2229; x_wconf 83' lang='lat' dir='ltr'>fuisse</span> <span class='ocrx_word' id='word_1_305' title='bbox 1549 2193 1714 2231; x_wconf 81' lang='lat' dir='ltr'>muneris</span> 
     </span>
     <span class='ocr_line' id='line_1_34' title="bbox 271 2252 1713 2303; baseline 0.001 -12"><span class='ocrx_word' id='word_1_306' title='bbox 271 2253 320 2291; x_wconf 87' lang='lat' dir='ltr'>de</span> <span class='ocrx_word' id='word_1_307' title='bbox 339 2253 398 2291; x_wconf 87' lang='lat' dir='ltr'>his</span> <span class='ocrx_word' id='word_1_308' title='bbox 419 2253 563 2300; x_wconf 84' lang='lat' dir='ltr'>dicere,</span> <span class='ocrx_word' id='word_1_309' title='bbox 588 2265 713 2302; x_wconf 91' lang='lat' dir='ltr'>neque</span> <span class='ocrx_word' id='word_1_310' title='bbox 738 2261 867 2290; x_wconf 90' lang='lat' dir='ltr'>tecum</span> <span class='ocrx_word' id='word_1_311' title='bbox 896 2252 1045 2302; x_wconf 86' lang='lat' dir='ltr'>agendo</span> <span class='ocrx_word' id='word_1_312' title='bbox 1070 2252 1256 2303; x_wconf 82' lang='lat' dir='ltr'>praeclara</span> <span class='ocrx_word' id='word_1_313' title='bbox 1280 2254 1521 2303; x_wconf 86' lang='lat' dir='ltr'>suggessisse</span> <span class='ocrx_word' id='word_1_314' title='bbox 1541 2255 1713 2299; x_wconf 88' lang='lat' dir='ltr'>consilia,</span> 
     </span>
     <span class='ocr_line' id='line_1_35' title="bbox 271 2306 1729 2366; baseline 0 -13"><span class='ocrx_word' id='word_1_315' title='bbox 271 2327 316 2353; x_wconf 88' lang='lat' dir='ltr'>ac</span> <span class='ocrx_word' id='word_1_316' title='bbox 335 2328 403 2366; x_wconf 91' lang='lat' dir='ltr'>per</span> <span class='ocrx_word' id='word_1_317' title='bbox 428 2314 512 2351; x_wconf 83' lang='lat' dir='ltr'>haec</span> <span class='ocrx_word' id='word_1_318' title='bbox 539 2313 667 2351; x_wconf 86' lang='lat' dir='ltr'>forsan</span> <span class='ocrx_word' id='word_1_319' title='bbox 694 2312 821 2362; x_wconf 89' lang='lat' dir='ltr'>aliqua</span> <span class='ocrx_word' id='word_1_320' title='bbox 846 2313 984 2350; x_wconf 87' lang='lat' dir='ltr'>rectius</span> <span class='ocrx_word' id='word_1_321' title='bbox 1014 2313 1184 2364; x_wconf 87' lang='lat' dir='ltr'>gerenda</span> <span class='ocrx_word' id='word_1_322' title='bbox 1209 2326 1308 2351; x_wconf 89' lang='lat' dir='ltr'>esse.</span> <span class='ocrx_word' id='word_1_323' title='bbox 1366 2314 1466 2357; x_wconf 83' lang='lat' dir='ltr'>Quin</span> <span class='ocrx_word' id='word_1_324' title='bbox 1495 2322 1534 2352; x_wconf 90' lang='lat' dir='ltr'>et</span> <span class='ocrx_word' id='word_1_325' title='bbox 1553 2306 1729 2354; x_wconf 28' lang='lat' dir='ltr'>Graecos*</span> 
     </span>
     <span class='ocr_line' id='line_1_36' title="bbox 270 2371 1713 2426; baseline -0.001 -11"><span class='ocrx_word' id='word_1_326' title='bbox 270 2376 461 2421; x_wconf 88' lang='lat' dir='ltr'>existimo,</span> <span class='ocrx_word' id='word_1_327' title='bbox 490 2371 649 2412; x_wconf 56' lang='lat' dir='ltr'>sfinter</span> <span class='ocrx_word' id='word_1_328' title='bbox 677 2387 808 2412; x_wconf 89' lang='lat' dir='ltr'>omnes</span> <span class='ocrx_word' id='word_1_329' title='bbox 838 2375 930 2425; x_wconf 88' lang='lat' dir='ltr'>ipsis</span> <span class='ocrx_word' id='word_1_330' title='bbox 958 2375 1152 2425; x_wconf 86' lang='lat' dir='ltr'>deligendi</span> <span class='ocrx_word' id='word_1_331' title='bbox 1181 2382 1326 2421; x_wconf 90' lang='lat' dir='ltr'>essent,</span> <span class='ocrx_word' id='word_1_332' title='bbox 1357 2382 1437 2413; x_wconf 89' lang='lat' dir='ltr'>tum</span> <span class='ocrx_word' id='word_1_333' title='bbox 1463 2376 1529 2426; x_wconf 91' lang='lat' dir='ltr'>qui</span> <span class='ocrx_word' id='word_1_334' title='bbox 1556 2375 1713 2415; x_wconf 85' lang='lat' dir='ltr'>Graecos</span> 
     </span>
     <span class='ocr_line' id='line_1_37' title="bbox 270 2435 1712 2489; baseline -0.001 -13"><span class='ocrx_word' id='word_1_335' title='bbox 270 2440 410 2489; x_wconf 90' lang='lat' dir='ltr'>optime</span> <span class='ocrx_word' id='word_1_336' title='bbox 429 2443 563 2487; x_wconf 83' lang='lat' dir='ltr'>posset</span> <span class='ocrx_word' id='word_1_337' title='bbox 588 2435 758 2474; x_wconf 89' lang='lat' dir='ltr'>oratione</span> <span class='ocrx_word' id='word_1_338' title='bbox 785 2449 855 2473; x_wconf 91' lang='lat' dir='ltr'>sua</span> <span class='ocrx_word' id='word_1_339' title='bbox 878 2436 1036 2473; x_wconf 90' lang='lat' dir='ltr'>incitare</span> <span class='ocrx_word' id='word_1_340' title='bbox 1063 2437 1112 2474; x_wconf 87' lang='lat' dir='ltr'>ad</span> <span class='ocrx_word' id='word_1_341' title='bbox 1139 2437 1374 2475; x_wconf 86' lang='lat' dir='ltr'>invadendos</span> <span class='ocrx_word' id='word_1_342' title='bbox 1398 2437 1498 2475; x_wconf 93' lang='lat' dir='ltr'>bello</span> <span class='ocrx_word' id='word_1_343' title='bbox 1519 2438 1712 2481; x_wconf 87' lang='lat' dir='ltr'>barbaros,</span> 
     </span>
     <span class='ocr_line' id='line_1_38' title="bbox 268 2498 1711 2550; baseline -0.002 -12"><span class='ocrx_word' id='word_1_344' title='bbox 268 2509 350 2538; x_wconf 87' lang='lat' dir='ltr'>tum</span> <span class='ocrx_word' id='word_1_345' title='bbox 368 2499 434 2550; x_wconf 90' lang='lat' dir='ltr'>qui</span> <span class='ocrx_word' id='word_1_346' title='bbox 454 2498 650 2536; x_wconf 87' lang='lat' dir='ltr'>celerrime</span> <span class='ocrx_word' id='word_1_347' title='bbox 670 2504 802 2548; x_wconf 89' lang='lat' dir='ltr'>posset</span> <span class='ocrx_word' id='word_1_348' title='bbox 819 2498 1007 2535; x_wconf 88' lang='lat' dir='ltr'>conficere</span> <span class='ocrx_word' id='word_1_349' title='bbox 1026 2511 1111 2548; x_wconf 80' lang='lat' dir='ltr'>quae</span> <span class='ocrx_word' id='word_1_350' title='bbox 1132 2499 1274 2536; x_wconf 88' lang='lat' dir='ltr'>utiliter</span> <span class='ocrx_word' id='word_1_351' title='bbox 1293 2499 1463 2549; x_wconf 87' lang='lat' dir='ltr'>gerenda</span> <span class='ocrx_word' id='word_1_352' title='bbox 1480 2499 1711 2543; x_wconf 88' lang='lat' dir='ltr'>viderentur,</span> 
     </span>
     <span class='ocr_line' id='line_1_39' title="bbox 269 2559 1710 2610; baseline -0.001 -11"><span class='ocrx_word' id='word_1_353' title='bbox 269 2561 397 2599; x_wconf 86' lang='lat' dir='ltr'>nullos</span> <span class='ocrx_word' id='word_1_354' title='bbox 433 2561 588 2599; x_wconf 89' lang='lat' dir='ltr'>omnino</span> <span class='ocrx_word' id='word_1_355' title='bbox 619 2559 713 2598; x_wconf 90' lang='lat' dir='ltr'>alios</span> <span class='ocrx_word' id='word_1_356' title='bbox 743 2559 853 2597; x_wconf 88' lang='lat' dir='ltr'>nobis</span> <span class='ocrx_word' id='word_1_357' title='bbox 879 2559 1160 2610; x_wconf 82' lang='lat' dir='ltr'>praeposituros.</span> <span class='ocrx_word' id='word_1_358' title='bbox 1218 2561 1370 2598; x_wconf 90' lang='lat' dir='ltr'>Atenim</span> <span class='ocrx_word' id='word_1_359' title='bbox 1408 2560 1601 2610; x_wconf 91' lang='lat' dir='ltr'>quomodo</span> <span class='ocrx_word' id='word_1_360' title='bbox 1634 2573 1710 2598; x_wconf 89' lang='lat' dir='ltr'>non</span> 
     </span>
     <span class='ocr_line' id='line_1_40' title="bbox 269 2619 1709 2673; baseline -0.001 -14"><span class='ocrx_word' id='word_1_361' title='bbox 269 2634 469 2673; x_wconf 87' lang='lat' dir='ltr'>ageremus</span> <span class='ocrx_word' id='word_1_362' title='bbox 495 2621 668 2672; x_wconf 85' lang='lat' dir='ltr'>turpiter,</span> <span class='ocrx_word' id='word_1_363' title='bbox 697 2621 727 2658; x_wconf 90' lang='lat' dir='ltr'>si</span> <span class='ocrx_word' id='word_1_364' title='bbox 754 2628 830 2658; x_wconf 84' lang='lat' dir='ltr'>tam</span> <span class='ocrx_word' id='word_1_365' title='bbox 855 2619 1106 2657; x_wconf 86' lang='lat' dir='ltr'>honorificum</span> <span class='ocrx_word' id='word_1_366' title='bbox 1125 2621 1294 2657; x_wconf 91' lang='lat' dir='ltr'>omnium</span> <span class='ocrx_word' id='word_1_367' title='bbox 1314 2621 1363 2657; x_wconf 89' lang='lat' dir='ltr'>de</span> <span class='ocrx_word' id='word_1_368' title='bbox 1389 2620 1498 2657; x_wconf 89' lang='lat' dir='ltr'>nobis</span> <span class='ocrx_word' id='word_1_369' title='bbox 1521 2619 1709 2669; x_wconf 87' lang='lat' dir='ltr'>judicium</span> 
     </span>
     <span class='ocr_line' id='line_1_41' title="bbox 268 2680 1707 2733; baseline -0.001 -13"><span class='ocrx_word' id='word_1_370' title='bbox 268 2681 574 2733; x_wconf 75' lang='lat' dir='ltr'>negligeremus?</span> <span class='ocrx_word' id='word_1_371' title='bbox 620 2683 677 2719; x_wconf 92' lang='lat' dir='ltr'>Ac</span> <span class='ocrx_word' id='word_1_372' title='bbox 708 2695 834 2719; x_wconf 89' lang='lat' dir='ltr'>meum</span> <span class='ocrx_word' id='word_1_373' title='bbox 865 2680 1020 2731; x_wconf 90' lang='lat' dir='ltr'>quidem</span> <span class='ocrx_word' id='word_1_374' title='bbox 1054 2693 1191 2718; x_wconf 91' lang='lat' dir='ltr'>munus</span> <span class='ocrx_word' id='word_1_375' title='bbox 1227 2682 1380 2719; x_wconf 91' lang='lat' dir='ltr'>minoris</span> <span class='ocrx_word' id='word_1_376' title='bbox 1414 2681 1596 2718; x_wconf 90' lang='lat' dir='ltr'>momenti</span> <span class='ocrx_word' id='word_1_377' title='bbox 1629 2689 1707 2719; x_wconf 86' lang='lat' dir='ltr'>est:</span> 
     </span>
     <span class='ocr_line' id='line_1_42' title="bbox 266 2741 1708 2795; baseline -0.001 -14"><span class='ocrx_word' id='word_1_378' title='bbox 266 2756 382 2795; x_wconf 90' lang='lat' dir='ltr'>quum</span> <span class='ocrx_word' id='word_1_379' title='bbox 402 2756 477 2780; x_wconf 88' lang='lat' dir='ltr'>non</span> <span class='ocrx_word' id='word_1_380' title='bbox 504 2744 558 2781; x_wconf 88' lang='lat' dir='ltr'>ita</span> <span class='ocrx_word' id='word_1_381' title='bbox 582 2743 704 2781; x_wconf 87' lang='lat' dir='ltr'>soleat</span> <span class='ocrx_word' id='word_1_382' title='bbox 730 2755 816 2780; x_wconf 88' lang='lat' dir='ltr'>esse</span> <span class='ocrx_word' id='word_1_383' title='bbox 843 2741 1004 2780; x_wconf 85' lang='lat' dir='ltr'>arduum</span> <span class='ocrx_word' id='word_1_384' title='bbox 1029 2754 1136 2779; x_wconf 90' lang='lat' dir='ltr'>suam</span> <span class='ocrx_word' id='word_1_385' title='bbox 1157 2741 1205 2779; x_wconf 93' lang='lat' dir='ltr'>de</span> <span class='ocrx_word' id='word_1_386' title='bbox 1231 2754 1271 2779; x_wconf 91' lang='lat' dir='ltr'>re</span> <span class='ocrx_word' id='word_1_387' title='bbox 1291 2741 1460 2792; x_wconf 88' lang='lat' dir='ltr'>qualibet</span> <span class='ocrx_word' id='word_1_388' title='bbox 1481 2743 1708 2779; x_wconf 89' lang='lat' dir='ltr'>sententiam</span> 
     </span>
     <span class='ocr_line' id='line_1_43' title="bbox 267 2803 1708 2856; baseline -0.001 -14"><span class='ocrx_word' id='word_1_389' title='bbox 267 2805 447 2856; x_wconf 86' lang='lat' dir='ltr'>proferre.</span> <span class='ocrx_word' id='word_1_390' title='bbox 517 2803 574 2842; x_wconf 91' lang='lat' dir='ltr'>Te</span> <span class='ocrx_word' id='word_1_391' title='bbox 606 2817 695 2842; x_wconf 90' lang='lat' dir='ltr'>vero</span> <span class='ocrx_word' id='word_1_392' title='bbox 727 2804 842 2842; x_wconf 90' lang='lat' dir='ltr'>decet</span> <span class='ocrx_word' id='word_1_393' title='bbox 879 2803 972 2840; x_wconf 90' lang='lat' dir='ltr'>meis</span> <span class='ocrx_word' id='word_1_394' title='bbox 1006 2803 1129 2840; x_wconf 84' lang='lat' dir='ltr'>verbis</span> <span class='ocrx_word' id='word_1_395' title='bbox 1166 2803 1425 2841; x_wconf 88' lang='lat' dir='ltr'>attendentem</span> <span class='ocrx_word' id='word_1_396' title='bbox 1458 2803 1708 2854; x_wconf 89' lang='lat' dir='ltr'>perpendere,</span> 
     </span>
     <span class='ocr_line' id='line_1_44' title="bbox 266 2864 1707 2916; baseline -0.001 -13"><span class='ocrx_word' id='word_1_397' title='bbox 266 2874 392 2903; x_wconf 88' lang='lat' dir='ltr'>utrum</span> <span class='ocrx_word' id='word_1_398' title='bbox 413 2865 574 2903; x_wconf 81' lang='lat' dir='ltr'>Graeciae</span> <span class='ocrx_word' id='word_1_399' title='bbox 593 2878 652 2903; x_wconf 91' lang='lat' dir='ltr'>res</span> <span class='ocrx_word' id='word_1_400' title='bbox 680 2865 746 2903; x_wconf 91' lang='lat' dir='ltr'>tibi</span> <span class='ocrx_word' id='word_1_401' title='bbox 775 2864 1018 2916; x_wconf 85' lang='lat' dir='ltr'>negligendae</span> <span class='ocrx_word' id='word_1_402' title='bbox 1045 2864 1132 2910; x_wconf 88' lang='lat' dir='ltr'>sint,</span> <span class='ocrx_word' id='word_1_403' title='bbox 1158 2865 1201 2902; x_wconf 87' lang='lat' dir='ltr'>iis</span> <span class='ocrx_word' id='word_1_404' title='bbox 1228 2865 1498 2902; x_wconf 86' lang='lat' dir='ltr'>commendato</span> <span class='ocrx_word' id='word_1_405' title='bbox 1517 2865 1707 2902; x_wconf 88' lang='lat' dir='ltr'>natalibus</span> 
     </span>
     <span class='ocr_line' id='line_1_45' title="bbox 267 2926 1708 2979; baseline -0.002 -13"><span class='ocrx_word' id='word_1_406' title='bbox 267 2941 354 2979; x_wconf 82' lang='lat' dir='ltr'>quae</span> <span class='ocrx_word' id='word_1_407' title='bbox 374 2927 488 2965; x_wconf 88' lang='lat' dir='ltr'>modo</span> <span class='ocrx_word' id='word_1_408' title='bbox 507 2927 694 2973; x_wconf 84' lang='lat' dir='ltr'>dicebam,</span> <span class='ocrx_word' id='word_1_409' title='bbox 723 2927 811 2965; x_wconf 87' lang='lat' dir='ltr'>duci</span> <span class='ocrx_word' id='word_1_410' title='bbox 835 2926 1212 2965; x_wconf 80' lang='lat' dir='ltr'>Lacedaemoniorum</span> <span class='ocrx_word' id='word_1_411' title='bbox 1234 2927 1446 2972; x_wconf 86' lang='lat' dir='ltr'>exsistenti,</span> <span class='ocrx_word' id='word_1_412' title='bbox 1466 2927 1708 2977; x_wconf 88' lang='lat' dir='ltr'>ipsorumque</span> 
     </span>
    </p>
   </div>
  </div>
 </body>
</html>
