1870 3277
247 200 297 234 68
841 196 1132 235 lSOCRATIS

299 302 365 339 60.
397 301 538 350 Cogita
558 311 672 351 porro
693 300 730 337 in
750 306 898 351 quanta
915 299 1170 338 admiratione
1191 298 1268 336 sint
1287 297 1390 348 apud
1407 309 1556 344 omnes,
1571 306 1717 348 quanto

242 362 389 400 honore
410 362 640 406 afficiantur,
657 361 721 412 qui
744 369 949 411 utrumque
972 370 1148 412 possunt,
1169 369 1206 399 ct
1227 360 1330 398 domi
1352 359 1627 410 rempublicam
1651 373 1716 410 ge-

246 437 329 461 rere
353 432 391 461 et
414 424 504 461 foris
527 423 630 461 bello
650 423 759 460 tueri.
819 422 934 465 Quod
966 423 997 460 si
1018 436 1083 460 eos
1103 422 1167 473 qui
1189 424 1225 460 in
1249 434 1325 458 una
1345 422 1436 458 urbe
1456 421 1528 459 hoc
1549 428 1639 458 sunt
1658 422 1715 458 in-

243 486 358 534 genio
387 485 538 536 praediti
569 484 733 522 maxime
759 484 946 521 celebrari
968 485 1090 529 vides,
1110 483 1327 535 cujusmodi
1357 483 1436 520 fore
1463 483 1598 521 laudes
1619 496 1711 521 cen-

242 546 407 585 sendum
436 555 498 585 est
525 560 612 598 quae
641 546 688 584 de
722 554 758 583 te
788 546 1115 596 praedicabuntur,
1137 548 1167 583 si
1188 553 1227 584 et
1245 545 1441 583 beneficiis
1463 546 1559 582 inter
1580 558 1713 582 omnes

246 609 410 647 Graecos
431 615 468 647 te
490 608 658 659 gessisse
679 607 971 658 rempublicam,
991 615 1029 645 et
1059 615 1096 645 te
1123 609 1349 658 imperatore
1379 607 1564 644 barbaros
1594 619 1715 657 expu-

248 678 390 719 gnatos
417 683 503 709 esse
520 668 711 707 viderint?
760 669 947 719 Equidem
966 670 1057 707 nihil
1088 669 1275 707 accedere
1301 682 1414 719 posse
1435 669 1568 713 credo,
1590 681 1716 719 neque

247 731 329 769 ullo
345 739 518 782 tempore
533 734 676 778 majora
690 743 804 781 posse
823 731 870 768 ab
887 731 966 768 ullo
983 731 1086 781 geri:
1117 744 1244 781 neque
1258 731 1411 768 enimin
1427 730 1582 768 Graecia
1597 730 1716 767 ullum

246 799 397 831 tantum
415 793 562 830 facinus
583 792 731 831 editum
752 798 1024 843 est‚quantum
1047 793 1162 830 fuerit
1182 806 1252 831 nos
1272 805 1408 830 omnes
1430 805 1451 830 e
1472 792 1588 829 tantis
1605 791 1715 829 bellis

242 854 469 905 perduxisse
488 854 536 892 ad
550 854 816 900 concordiam,
830 867 956 905 neque
970 854 1176 892 verisimile
1198 861 1258 892 est
1279 867 1450 905 unquam
1465 853 1501 890 in
1517 861 1714 904 posterum

244 917 342 955 inter
362 918 548 955 barbaros
569 923 717 955 tantam
739 917 952 968 potentiam
973 917 1230 955 constitutum
1257 916 1313 961 iri,
1334 917 1365 953 si
1393 928 1475 953 eam
1504 929 1592 965 quae
1614 928 1715 953 nunc

244 987 303 1016 est
333 978 542 1030 dissiparis.
602 978 731 1021 Quare
752 990 865 1016 nemo
895 986 1153 1029 posterorum,
1176 978 1326 1016 etiamsi
1351 977 1555 1015 excellenti
1579 983 1717 1027 praeter

242 1047 407 1078 caeteros
429 1046 567 1078 natura
585 1041 645 1084 sit,
668 1040 873 1089 quicquam
897 1039 972 1077 tale
993 1040 1120 1078 Facere
1136 1040 1287 1091 poterit.
1342 1039 1441 1076 Nam
1463 1045 1634 1076 veterum
1658 1051 1716 1076 res

244 1109 376 1152 gestas
409 1115 590 1152 superare
620 1114 826 1152 possumus
856 1101 915 1138 his
945 1101 1037 1151 ipsis
1063 1114 1151 1151 quae
1179 1103 1260 1150 jam
1281 1113 1303 1138 a
1321 1107 1358 1137 te
1381 1107 1491 1150 gesta
1511 1107 1615 1143 sunt,
1636 1113 1714 1137 non

245 1165 409 1209 lubrice,
432 1164 500 1202 sed
518 1177 624 1201 vere:
657 1177 745 1201 nam
764 1177 884 1214 quum
906 1169 965 1201 tot
985 1170 1120 1212 gentes
1137 1163 1339 1213 subegeris
1360 1169 1455 1212 quot
1471 1163 1584 1199 urbes
1602 1175 1715 1199 nemo

245 1225 472 1264 Graecorum
495 1225 613 1276 cepit,
634 1238 764 1263 nonne
786 1226 816 1262 si
838 1232 875 1262 te
896 1238 983 1263 cum
1006 1224 1167 1275 singulis
1195 1237 1327 1262 eorum
1356 1225 1582 1268 conferrem,
1605 1223 1716 1262 facile

243 1287 551 1325 demonstrarem
574 1293 611 1324 te
632 1287 777 1338 majora
795 1300 910 1337 quam
932 1287 1016 1324 illos
1037 1285 1290 1337 designasse?
1319 1286 1462 1323 Verum
1480 1285 1553 1323 hac
1575 1287 1715 1324 oratio-

243 1349 303 1387 nis
323 1351 446 1387 forma
475 1349 626 1387 duabus
653 1350 701 1388 de
721 1350 851 1387 causis
873 1349 1066 1387 abstinere
1086 1350 1218 1392 statui,
1240 1356 1321 1386 tum
1343 1349 1434 1398 quia
1454 1348 1625 1398 plerique
1647 1362 1714 1399 pa-

243 1425 326 1449 rum
357 1411 584 1462 tempestive
615 1424 661 1449 ea
693 1418 865 1457 utuntur,
887 1419 966 1448 tum
998 1411 1088 1461 quia
1114 1424 1181 1462 per
1212 1424 1272 1448 me
1302 1410 1392 1448 nolo
1421 1410 1480 1448 his
1512 1411 1578 1460 qui
1609 1423 1713 1447 nunc

242 1473 391 1518 vivunt,
412 1485 478 1510 eos
500 1473 565 1522 qui
584 1472 741 1510 semidei
765 1479 1017 1523 usurpantur,
1038 1472 1202 1510 minores
1220 1471 1445 1510 existimari.

295 1536 359 1572 61.
393 1534 534 1585 Cogita
547 1534 678 1578 etiam,
696 1543 739 1572 ut
755 1541 792 1572 et
804 1542 935 1573 vetera
952 1534 1208 1585 proferamus,
1224 1534 1377 1570 Tantali
1395 1545 1487 1584 opes
1502 1538 1540 1570 et
1558 1531 1715 1584 Pelopis

240 1596 439 1647 imperium
463 1604 502 1634 et
521 1596 734 1647 Eurysthei
763 1596 978 1647 potentiam
1000 1609 1023 1634 a
1041 1596 1192 1633 nemine
1217 1594 1365 1632 laudari
1386 1594 1445 1632 vel
1475 1602 1626 1633 oratore
1654 1595 1713 1634 vel

241 1666 378 1711 poeta:
401 1659 470 1697 sed
487 1665 576 1710 post
589 1658 1051 1697 Herculisexcellentiam
1065 1657 1280 1708 Theseique
1290 1657 1468 1695 virtutem
1480 1662 1558 1694 tum
1573 1657 1714 1707 eosqui

239 1721 290 1758 ad
301 1721 458 1772 Trojam
473 1720 687 1758 militarunt
702 1726 781 1758 tum
794 1720 858 1771 qui
873 1720 1016 1757 similes
1033 1719 1105 1757 illis
1117 1720 1348 1757 exstiterunt
1363 1720 1410 1757 ab
1421 1719 1599 1757 omnibus
1613 1720 1713 1758 cele-

238 1782 354 1820 brari.
397 1782 480 1820 Etsi
499 1782 671 1832 insignes
686 1781 838 1819 illorum
861 1789 898 1819 et
920 1781 1262 1833 praestantissimos
1277 1794 1453 1832 quosque
1467 1781 1609 1819 scimus
1624 1795 1712 1833 par-

240 1843 297 1881 vis
312 1843 506 1895 oppidulis
519 1850 557 1881 et
573 1844 707 1881 insulis
721 1844 943 1894 imperasse.
1003 1843 1129 1894 Prope
1146 1850 1274 1880 tamen
1291 1843 1460 1880 divinam
1476 1850 1514 1880 et
1526 1842 1713 1882 latissime

237 1913 436 1956 patentem
457 1906 515 1943 sui
537 1905 703 1943 nominis
724 1905 884 1955 gloriam
906 1904 1165 1955 reliquerunt:
1197 1917 1330 1942 omnes
1357 1905 1458 1942 enim
1480 1912 1612 1942 amant
1633 1919 1711 1943 non

240 1980 307 2005 eos
328 1967 394 2018 qui
415 1967 488 2005 sibi
509 1967 677 2005 maxima
698 1967 855 2018 imperia
874 1973 1120 2017 pepererunt,
1138 1966 1206 2004 sed
1228 1966 1292 2017 qui
1310 1966 1475 2018 plurima
1491 1967 1527 2004 in
1550 1967 1711 2006 Graecos

238 2028 430 2067 beneficia
450 2029 712 2067 contulerunt.

293 2091 359 2128 62.
392 2090 529 2141 Neque
550 2103 643 2141 erga
663 2090 734 2128 hos
754 2096 905 2128 tantum
927 2102 973 2128 eo
994 2089 1123 2128 animo
1144 2097 1249 2136 sunt,
1273 2090 1342 2128 sed
1362 2104 1473 2141 aeque
1499 2091 1536 2128 in
1562 2103 1711 2129 omnes.

240 2151 342 2187 Nam
363 2157 401 2188 et
420 2158 592 2188 nostram
614 2151 891 2201 rempublicam
913 2164 1027 2188 nemo
1045 2164 1091 2188 eo
1112 2152 1265 2189 nomine
1281 2152 1510 2198 laudaverit,
1530 2152 1590 2190 vel
1605 2153 1709 2203 quod

237 2212 354 2250 maris
375 2211 576 2263 imperium
599 2213 736 2258 tenuit,
754 2212 812 2250 vel
835 2212 942 2262 quod
962 2218 1109 2250 tantam
1130 2213 1336 2263 pecuniam
1357 2220 1532 2251 exactam
1553 2227 1576 2251 a
1596 2214 1726 2252 sociis⁴

238 2274 276 2311 in
297 2286 422 2312 arcem
442 2274 584 2319 retulit,
601 2286 646 2311 ac
667 2286 717 2311 ne
738 2274 787 2311 ob
807 2273 899 2311 illud
921 2274 1078 2325 quidem
1095 2275 1204 2325 quod
1225 2274 1262 2311 in
1279 2275 1362 2326 ejus
1383 2282 1577 2326 potestate
1598 2276 1671 2314 fuit
1688 2290 1709 2315 e

238 2335 370 2373 multis
392 2335 551 2373 urbibus
572 2335 667 2373 alias
689 2341 872 2382 evertere,
893 2335 988 2373 alias
1018 2336 1268 2386 amplificare,
1290 2336 1384 2374 alias
1407 2349 1476 2374 suo
1493 2338 1709 2387 gubernare

238 2395 590 2435 arbitratu—haec
620 2396 723 2434 enim
760 2396 793 2433 ei
821 2397 1016 2434 licuerunt
1044 2398 1260 2441 omnia—2
1298 2411 1433 2435 verum
1469 2399 1518 2436 ob
1546 2398 1633 2437 haec
1667 2401 1707 2437 in

238 2459 385 2496 crimen
405 2471 509 2510 saepe
531 2457 653 2496 venit:
686 2457 754 2495 sed
782 2464 862 2496 tum
885 2459 934 2495 ob
951 2458 1237 2497 Marathoniam
1258 2472 1431 2510 pugnam
1453 2466 1492 2497 et
1507 2461 1645 2499 navale
1659 2462 1709 2499 ad

239 2520 474 2557 Salaminem
495 2519 781 2570 praelium‚tum
811 2532 857 2557 eo
888 2520 1131 2571 potissimum
1162 2521 1268 2571 quod
1296 2535 1364 2572 pro
1395 2522 1520 2560 salute
1542 2522 1707 2562 Graeciae

236 2593 346 2619 suam
367 2583 499 2619 urbem
521 2581 642 2618 nostri
661 2580 762 2619 cives
783 2581 1034 2631 reliquerunt,
1049 2582 1215 2620 universi
1231 2595 1314 2620 eam
1327 2583 1537 2621 celebrant.
1570 2585 1707 2636 Neque

237 2642 350 2680 aliter
373 2643 488 2680 etiam
510 2643 560 2681 de
579 2642 893 2681 Lacedaemoniis
920 2644 1116 2681 sentiunt:
1148 2658 1238 2682 nam
1265 2653 1303 2682 et
1323 2645 1472 2683 illorum
1494 2646 1645 2685 cladem
1667 2649 1706 2686 in

237 2703 508 2755 Thermopylis
529 2712 731 2755 acceptam
752 2705 877 2755 magis
898 2705 1136 2743 admirantur
1163 2718 1277 2755 quam
1307 2706 1401 2744 alias
1431 2720 1564 2745 eorum
1583 2709 1706 2747 victo-

235 2764 327 2810 rias,
342 2777 387 2803 ac
406 2765 624 2816 trophaeum
648 2773 785 2804 contra
799 2765 885 2804 illos
903 2779 926 2804 a
944 2767 1115 2804 barbaris
1132 2773 1302 2805 erectum
1319 2775 1451 2806 amant
1464 2775 1504 2807 et
1515 2778 1705 2820 spectant,

239 2825 621 2864 Lacedaemoniorum
651 2834 778 2865 autem
810 2827 985 2878 trophaea
1012 2835 1147 2866 contra
1176 2828 1270 2866 alios
1295 2828 1487 2868 collocata
1515 2844 1592 2869 non
1620 2831 1705 2870 lau-

238 2886 336 2924 dant
356 2887 538 2938 invitique
559 2888 704 2926 vident.
763 2889 865 2927 Nam
893 2889 989 2927 illud
1007 2889 1164 2940 quidem
1187 2890 1330 2936 virtuti,
1351 2889 1435 2930 haee
1452 2891 1621 2931 avaritiae
1641 2894 1706 2931 tri-

239 2949 424 2986 buuntur.
