1870 3277
250 164 320 199 166
838 159 1122 199 isOCltA'rls

244 266 372 305 officio
391 266 514 304 suncti
535 272 680 313 essent,
700 277 766 302 eos
789 265 1029 303 mediocriter
1050 263 1296 301 collaudatos
1319 263 1430 302 aliam
1453 264 1568 302 talem
1598 274 1707 300 cura—

244 329 387 367 tionem
409 328 604 379 suscipere
633 329 850 379 oportebat,
870 329 935 378 qui
957 340 1044 366 vero
1065 326 1264 377 paululum
1286 325 1334 363 de
1355 326 1416 364 via
1435 326 1710 369 declinassent,

243 390 403 428 summis
424 390 572 441 probris
593 396 632 426 et
651 389 826 426 maximis
849 389 1047 440 suppliciis
1070 389 1169 426 affici
1189 401 1198 431 ;
1228 400 1348 438 quare
1375 401 1489 426 nemo
1508 387 1647 426 civium
1669 394 1712 424 ut

246 465 348 489 nunc
370 452 411 488 fit
433 451 680 501 magistratus
700 451 924 501 appetebat,
955 451 1023 488 sed
1047 450 1169 500 magis
1192 449 1384 499 gestiebat
1403 462 1468 487 eos
1495 457 1587 486 tunc
1617 448 1711 485 effu-

243 528 331 565 gere
351 528 468 565 quam
500 527 602 551 nunc
628 513 829 563 consequi,
849 526 1061 563 omnesque
1092 514 1281 564 putabant
1310 525 1508 562 nunquam
1530 511 1711 549 exsistere

242 589 355 627 posse
377 577 559 613 veriorem
581 574 853 611 democratiam
877 581 944 611 aut
966 574 1168 611 firmiorem
1188 581 1253 610 aut
1270 572 1504 610 multitudini
1524 572 1713 609 utiliorem

243 649 290 675 ea
309 650 397 688 quae
412 644 450 674 et
466 637 597 673 talium
612 635 854 672 functionum
873 636 1014 686 populo
1029 635 1308 672 immunitatem
1323 635 1446 680 daret,
1461 634 1713 684 legendorum

245 706 373 737 autem
407 697 701 747 magistratuum
741 698 1010 735 auctoritatem
1049 704 1087 735 et
1118 697 1302 748 puniendi
1341 698 1610 748 delinquentes
1648 695 1716 733 tri-

245 760 402 803 bueret;
445 772 534 809 quae
568 771 642 796 non
677 758 751 795 alia
784 766 955 808 potestas
991 765 1051 795 est
1080 772 1196 809 quam
1238 758 1545 796 felicissimorum
1584 765 1714 807 tyran-

246 835 396 860 norum.

298 886 361 922 59.
397 884 447 921 Et
467 884 550 920 haec
572 882 689 933 pluris
710 896 827 932 quam
848 895 922 933 ego
944 882 1032 919 dico
1047 895 1112 919 eos
1128 881 1388 927 fecisse‚illud
1409 882 1577 919 maximo
1597 894 1713 930 argu-

245 954 377 985 mento
397 953 457 984 est
476 945 582 995 quod
604 943 770 994 populus
789 944 882 981 alias
906 944 1128 993 reipublicae
1150 943 1292 980 formas
1312 957 1397 994 quae
1417 944 1626 993 displicent
1645 956 1714 993 op-

245 1022 420 1060 pugnare
441 1015 479 1045 et
505 1007 701 1044 destruere
724 1014 763 1043 et
789 1007 1040 1055 magistratus
1061 1006 1237 1043 occidere
1266 1006 1378 1051 solet,
1408 1006 1480 1042 hac
1509 1018 1600 1042 vero
1621 1018 1713 1043 usus

243 1080 304 1111 est
323 1085 398 1109 non
420 1070 663 1121 paucioribus
684 1081 801 1118 quam
823 1067 928 1104 mille
956 1067 1080 1110 annis,
1103 1067 1139 1103 in
1160 1080 1281 1117 eaque
1303 1067 1562 1117 perseveravit
1581 1067 1629 1104 ab
1649 1067 1715 1105 illo

245 1140 414 1184 tempore
433 1144 511 1182 quo
531 1130 682 1180 accepit
710 1142 832 1179 usque
853 1129 903 1166 ad
927 1129 1079 1166 Solonis
1099 1137 1254 1167 aetatem
1278 1129 1547 1180 Pisistratique
1576 1129 1715 1180 princi-

246 1202 378 1246 patum
396 1208 406 1237 ;
449 1192 513 1243 qui
544 1191 678 1243 populi
707 1193 943 1242 gubernator
978 1192 1118 1235 factus,
1150 1205 1268 1241 quum
1301 1192 1524 1244 reipublicae
1552 1191 1715 1229 multum

244 1258 442 1295 nocuisset
460 1254 701 1305 optimosque
730 1254 832 1291 cives
855 1261 1039 1303 tanquam
1068 1253 1324 1303 oligarchicos
1349 1254 1540 1305 ejecisset,
1559 1253 1716 1291 tandem

244 1318 419 1371 populari
442 1325 544 1355 statu
566 1317 752 1366 abrogato
772 1315 1010 1367 tyrannidem
1029 1316 1246 1365 occupavit.

309 1382 373 1419 60.
406 1379 597 1418 Fortassis
623 1386 751 1416 autem
782 1379 898 1428 aliqui
930 1391 990 1415 me
1023 1377 1192 1415 absurde
1223 1378 1347 1415 facere
1382 1377 1515 1415 dicent
1543 1399 1596 1405 —
1622 1376 1716 1414 nihil

243 1444 344 1482 enim
368 1449 472 1479 vetat
491 1442 590 1479 hanc
611 1440 820 1478 orationem
842 1438 1123 1490 reprehendere
1136 1463 1201 1484 —‚
1223 1439 1286 1487 qui
1301 1439 1385 1476 haec
1406 1438 1535 1476 dicere
1550 1438 1714 1477 audeam

243 1514 429 1556 tanquam
459 1504 506 1542 de
528 1504 643 1540 rebus
676 1503 845 1552 perfecte
872 1502 963 1539 mihi
992 1502 1173 1552 cognitis,
1201 1502 1342 1552 quibus
1369 1501 1462 1538 dum
1492 1509 1716 1551 gererentur

245 1580 324 1607 non
355 1565 606 1604 interfuerim.
667 1564 744 1602 Sed
778 1578 852 1615 ego
882 1577 942 1601 me
973 1564 1066 1601 nihil
1101 1565 1239 1602 horum
1271 1571 1416 1602 temere
1448 1564 1575 1602 facere
1609 1573 1715 1616 puto.

246 1630 350 1667 Nam
369 1629 399 1666 si
420 1641 494 1678 ego
515 1627 620 1666 solus
641 1627 883 1665 sermonibus
906 1625 953 1663 de
974 1633 1145 1664 veterum
1167 1627 1351 1665 institutis
1382 1633 1421 1665 et
1441 1626 1606 1678 scriptis,
1626 1639 1714 1677 quae

244 1692 293 1729 ab
313 1691 378 1728 illo
396 1697 569 1742 tempore
590 1690 640 1728 ad
662 1703 732 1727 nos
752 1695 1021 1740 pervenerunt,
1048 1689 1164 1726 fidem
1185 1689 1382 1735 haberem,
1402 1702 1478 1727 non
1500 1688 1637 1740 injuria
1656 1701 1714 1727 re·-

245 1752 526 1805 prehenderer:
557 1765 660 1789 nunc
680 1751 822 1790 multos
838 1763 984 1801 eosque
1006 1750 1214 1801 prudentes
1231 1751 1330 1789 viros
1347 1751 1472 1789 facere
1489 1751 1588 1788 idern
1606 1751 1714 1802 quod

243 1829 304 1854 me
325 1821 498 1867 apparet.
556 1813 763 1858 Praeterea,
785 1813 814 1850 si
831 1820 1060 1862 argumenta
1071 1819 1110 1850 et
1121 1813 1331 1850 orationem
1346 1825 1369 1849 a
1382 1825 1441 1850 me
1455 1813 1714 1864 postulentur,

243 1878 404 1929 probare
424 1888 562 1926 queam
587 1888 721 1913 omnes
748 1874 923 1912 homines
950 1875 1106 1913 auribus
1136 1875 1246 1926 plura
1273 1888 1390 1926 quam
1417 1875 1541 1913 oculis
1567 1889 1714 1927 cogno-

244 1955 364 1986 scere,
385 1948 425 1978 et
443 1940 608 1990 majores
625 1946 664 1977 et
682 1939 894 1990 pulcriores
915 1952 975 1976 res
996 1939 1092 1977 scire
1111 1953 1206 1989 quas
1224 1941 1271 1977 ab
1292 1940 1373 1977 aliis
1390 1940 1581 1978 audierint
1597 1954 1714 1992 quam

245 2003 386 2054 quibus
406 2002 478 2053 ipsi
497 2001 755 2039 interfuerint.
796 2000 994 2038 Caeterum
1014 2000 1237 2051 hujusmodi
1257 2002 1575 2052 reprehensiones
1588 2016 1715 2054 neque

243 2064 489 2115 negligendae
511 2071 784 2108 sunt—nam,
805 2062 835 2100 si
855 2063 1043 2101 anemine
1064 2063 1313 2109 diluerentur,
1333 2064 1497 2102 fortasse
1517 2065 1716 2104 veritatem

245 2127 435 2165 laederent
448 2148 501 2153 —
519 2138 644 2175 neque
660 2124 876 2163 refutandis
898 2125 970 2162 illis
991 2124 1134 2162 diutius
1155 2125 1452 2170 immorandum,
1474 2126 1543 2164 sed
1559 2127 1619 2165 ubi
1635 2134 1718 2165 tan-

245 2195 327 2228 tum
349 2187 434 2225 aliis
455 2186 741 2225 subindicatum
762 2186 876 2224 suerit
895 2199 941 2224 ex
959 2199 1035 2236 quo
1052 2186 1291 2224 adversarios
1312 2201 1438 2239 nugas
1451 2201 1564 2239 agere
1585 2197 1716 2227 osten-

246 2250 375 2295 datur,
388 2249 436 2286 ad
457 2248 696 2300 propositum
717 2247 961 2285 redeundum
976 2254 1015 2286 et
1027 2247 1306 2286 absolvendum
1322 2249 1361 2286 id
1375 2249 1480 2300 quod
1496 2248 1716 2289 institutum

246 2312 342 2355 fuit;
374 2311 480 2362 quod
500 2322 574 2360 ego
593 2322 747 2360 quoque
767 2309 921 2347 faciam.

302 2373 368 2410 61.
400 2371 697 2410 ordinationem
717 2370 833 2421 igitur
852 2369 1090 2422 reipublicae,
1110 2377 1150 2409 et
1168 2377 1321 2422 tempus
1342 2385 1411 2424 per
1430 2373 1536 2424 quod
1559 2387 1605 2413 ea
1625 2382 1716 2413 sunt

245 2435 321 2481 usi,
340 2440 532 2485 quantum
561 2433 655 2471 satis
683 2439 740 2470 est
760 2433 1036 2483 exposuimus:
1067 2440 1189 2471 restat
1214 2434 1332 2484 igitur
1358 2441 1400 2472 ut
1428 2448 1516 2486 quae
1543 2437 1715 2475 actiones

246 2498 392 2536 bonum
411 2496 577 2535 civitatis
596 2501 739 2533 statum
762 2502 906 2533 secutae
929 2495 1006 2532 sint
1021 2496 1273 2546 explicemus·
1306 2497 1366 2534 Ex
1386 2497 1444 2535 his
1462 2499 1563 2536 enim
1585 2500 1715 2539 adhuc

246 2559 389 2597 rectius
408 2558 646 2609 intelligetur
667 2564 820 2595 nostros
840 2560 1002 2605 majores
1022 2559 1300 2608 rempublicam
1316 2560 1511 2599 meliorem
1533 2561 1716 2601 habuisse

249 2629 328 2659 tum
350 2634 466 2671 quam
486 2620 581 2658 alios
601 2626 640 2658 et
658 2619 947 2664 modestiorem,
968 2626 1083 2671 atque
1104 2620 1147 2657 iis
1167 2628 1205 2658 et
1226 2621 1515 2671 magistratibus
1536 2631 1574 2662 et
1592 2625 1717 2662 consi-

247 2682 365 2720 liariis
385 2695 472 2720 esse
492 2695 581 2720 usos
596 2695 758 2733 quorum
780 2681 1001 2719 auctoritati
1023 2695 1158 2732 parere
1179 2683 1396 2733 prudentiae
1415 2692 1488 2722 est.

303 2745 370 2782 62.
401 2745 479 2782 Sed
507 2758 556 2782 ne
588 2744 674 2781 haec
703 2743 860 2794 quidem
891 2743 995 2794 prius
1023 2743 1190 2782 dicenda
1213 2744 1305 2782 mihi
1327 2753 1430 2790 sunt,
1455 2759 1572 2796 quam
1591 2759 1718 2798 pauca

249 2806 437 2858 praefatus
468 2806 591 2844 fuero.
651 2807 691 2843 Si
723 2806 839 2852 enim,
871 2805 1060 2856 neglectis
1092 2818 1225 2844 eorum
1256 2807 1619 2857 reprehensionibus
1648 2810 1716 2860 qui

248 2870 325 2909 hoc
344 2882 463 2908 unum
484 2869 716 2915 didicerunt,
740 2868 800 2907 vel
826 2868 874 2907 de
893 2868 975 2906 aliis
1000 2869 1115 2906 rebus
1136 2868 1254 2919 gestis
1274 2870 1334 2907 vel
1351 2869 1400 2908 de
1420 2870 1571 2909 militari
1601 2871 1718 2910 disci-

249 2932 366 2983 plina,
387 2931 529 2981 quibus
550 2930 609 2969 usi
638 2929 803 2981 majores
830 2937 870 2969 et
894 2931 1075 2969 barbaros
1096 2938 1327 2982 superarunt
1347 2938 1385 2971 et
1403 2945 1427 2971 a
1444 2932 1594 2972 Graecis
1614 2934 1714 2972 bene
