1870 3277
809 632 907 684 IV.

575 785 1145 835 ANTIPATRO.

198 1004 231 1039 1.
260 1002 518 1047 QUANQUAM
541 1002 643 1053 apud
669 1015 740 1040 nos
759 1002 1017 1053 periculosum
1038 1008 1098 1040 est
1116 1001 1247 1039 literas
1268 1001 1416 1039 mittere
1436 1002 1474 1040 in
1496 1002 1583 1041 Ma-

142 1064 359 1111 cedoniam,
379 1078 456 1103 non
485 1064 600 1102 modo
626 1077 727 1102 nunc
754 1077 870 1114 quum
900 1063 1044 1101 bellum
1075 1063 1274 1101 vobiscum
1305 1064 1488 1113 gerimus,
1515 1064 1582 1102 sed

142 1125 249 1175 pacis
269 1125 381 1162 etiam
402 1132 586 1175 tempore,
603 1137 674 1175 ego
694 1132 822 1162 tamen
843 1124 892 1162 ad
911 1131 950 1162 te
971 1124 1132 1162 scribere
1154 1124 1201 1162 de
1222 1124 1394 1162 Diodoto
1415 1124 1583 1168 institui;

142 1199 294 1236 aequum
316 1187 416 1224 enim
436 1199 520 1224 esse
546 1187 721 1224 existimo
747 1193 791 1223 ut
816 1185 1086 1236 magnifaciam
1114 1192 1196 1223 tum
1223 1198 1354 1224 omnes
1375 1186 1582 1224 familiares

142 1261 248 1285 meos
269 1248 334 1298 qui
361 1261 402 1285 se
428 1247 536 1285 nobis
565 1247 701 1298 dignos
731 1248 989 1298 praebuerunt,
1017 1254 1096 1284 tum
1118 1260 1207 1285 vero
1235 1246 1339 1284 hunc
1366 1254 1521 1298 propter
1546 1255 1585 1285 et

140 1310 447 1347 benevolentiam
475 1322 566 1359 erga
589 1322 656 1346 nos
681 1317 719 1346 et
744 1322 892 1346 morum
921 1308 1197 1359 integritatem.
1254 1309 1423 1347 Maxime
1453 1316 1581 1348 autem

141 1370 278 1408 vellem
304 1383 391 1408 eum
410 1383 478 1421 per
497 1382 567 1407 nos
588 1370 705 1407 fuisse
724 1369 1053 1407 commendatum:
1083 1377 1289 1420 postquam
1310 1383 1399 1407 vero
1425 1370 1583 1408 aliorum

140 1445 256 1482 opera
275 1432 308 1469 ei
328 1432 455 1469 aditus
477 1431 526 1468 ad
554 1437 591 1468 te
613 1431 829 1481 patefactus
857 1437 929 1475 est,
952 1430 1026 1468 hoc
1051 1430 1143 1468 mihi
1162 1430 1398 1480 relinquitur,
1419 1437 1459 1467 ut
1479 1431 1586 1468 testi-

142 1493 312 1530 monium
340 1493 389 1530 de
419 1506 466 1530 eo
492 1492 617 1530 dicam
644 1505 805 1542 eamque
829 1491 1002 1530 notitiam
1026 1505 1113 1542 quae
1140 1491 1236 1529 inter
1261 1500 1299 1529 te
1323 1499 1363 1529 et
1393 1491 1500 1529 illum
1527 1500 1588 1530 est

144 1555 379 1592 confirmem.
437 1554 538 1591 Nam
564 1567 651 1591 cum
682 1554 789 1591 multi
816 1561 855 1591 et
877 1554 968 1591 varii
993 1554 1075 1599 viri,
1099 1560 1216 1604 atque
1241 1567 1286 1591 ex
1312 1554 1388 1592 illis
1414 1554 1586 1605 plerique

145 1615 265 1666 gloria
277 1615 462 1661 celebres,
479 1628 563 1653 mea
577 1615 856 1653 consuetudine
873 1615 948 1652 sint
962 1615 1034 1660 usi,
1053 1615 1282 1666 reliquorum
1297 1616 1359 1653 alii
1370 1614 1589 1665 eloquentia

145 1677 206 1714 alii
228 1677 431 1727 prudentia
450 1684 490 1715 et
508 1678 621 1715 rebus
641 1677 818 1728 gerendis
838 1676 1070 1722 claruerunt,
1085 1690 1130 1715 ac
1146 1677 1207 1714 alii
1228 1677 1382 1728 quidem
1400 1677 1487 1714 vitae
1507 1690 1588 1715 mo·-

145 1738 267 1776 destia
288 1745 327 1776 et
344 1738 530 1776 suavitate
548 1750 696 1775 morum
716 1737 973 1775 commendati
993 1745 1096 1784 sunt,
1115 1751 1231 1788 quum
1253 1738 1299 1775 ad
1323 1737 1417 1776 alios
1438 1750 1530 1775 usus
1552 1745 1590 1776 et

145 1800 314 1837 actiones
334 1812 491 1850 prorsus
512 1798 633 1850 inepti
656 1806 803 1836 essent:
832 1798 922 1837 huic
944 1805 1070 1836 autem
1091 1812 1137 1837 ea
1154 1799 1316 1849 contigit
1336 1798 1477 1849 ingenii
1498 1798 1590 1837 dex-

146 1861 289 1905 teritas,
316 1868 358 1898 ut
383 1860 420 1898 in
448 1859 506 1898 his
527 1873 613 1910 quae
640 1859 805 1897 diximus
834 1860 1010 1898 omnibus
1037 1860 1086 1897 sit
1114 1859 1433 1898 absolutissimus.
1490 1861 1589 1902 Quae

145 1937 217 1975 ego
233 1925 360 1962 dicere
380 1936 455 1961 non
475 1924 670 1970 auderem,
687 1923 758 1961 nisi
777 1930 816 1962 et
835 1923 916 1975 ipse
937 1925 984 1962 ab
1000 1925 1103 1962 omni
1122 1931 1229 1976 parte
1243 1932 1483 1976 perspectum
1501 1938 1588 1963 eum

143 1986 324 2025 haberem
345 1993 381 2023 et
400 1987 553 2024 omnino
578 1993 750 2037 putarem
778 1992 815 2024 te
843 1985 944 2023 idem
968 1986 1228 2036 cogniturum,
1256 1987 1393 2037 partim
1413 2000 1460 2024 ex
1479 1987 1587 2025 fami-

144 2049 301 2087 liaribus
327 2062 412 2086 cum
441 2062 486 2086 eo
511 2049 796 2099 congressibus,
824 2049 961 2099 partim
988 2062 1036 2087 ex
1064 2062 1192 2087 eorum
1217 2051 1356 2100 quibus
1386 2058 1500 2088 notus
1529 2057 1590 2088 est

146 2110 399 2148 sermonibus.
455 2111 626 2152 Quorum
659 2122 770 2147 nemo
800 2109 884 2154 erit,
914 2109 984 2148 nisi
1013 2123 1129 2161 supra
1158 2110 1316 2149 modum
1346 2111 1396 2149 sit
1423 2111 1589 2155 invidus,

144 2171 233 2221 quin
252 2170 418 2208 fateatur
442 2183 529 2208 eum
555 2178 594 2208 et
623 2170 842 2222 eloquentia
866 2178 904 2208 et
926 2171 1095 2210 consiliis
1122 2171 1228 2209 nullo
1256 2184 1340 2210 esse
1358 2172 1588 2217 inferiorem,

144 2232 340 2282 virumque
353 2232 602 2283 justissimum
624 2239 662 2270 et
678 2232 999 2270 modestissimum
1016 2240 1054 2271 et
1068 2233 1115 2270 ab
1130 2233 1287 2271 avaritia
1306 2233 1589 2280 alienissimum,

145 2301 260 2343 atque
289 2294 327 2331 in
353 2294 630 2331 consuetudine
650 2293 873 2345 quotidiana
899 2300 938 2331 et
964 2294 1142 2332 convictu
1169 2295 1435 2333 suavissimum
1465 2295 1589 2333 homi-

145 2369 233 2393 nem
253 2362 292 2393 et
310 2355 619 2399 urbanissimum,
647 2355 693 2392 ad
723 2355 806 2392 haec
829 2369 1009 2406 magnam
1036 2356 1073 2393 in
1094 2369 1139 2393 eo
1159 2369 1244 2394 esse
1263 2356 1415 2394 dicendi
1434 2357 1586 2394 liberta-

143 2423 235 2462 tem,
261 2430 337 2455 non
366 2416 470 2454 illam
499 2416 732 2461 indecoram,
761 2416 830 2455 sed
856 2417 955 2455 hanc
981 2431 1066 2467 quae
1088 2419 1172 2467 jure
1202 2419 1407 2455 maximum
1435 2418 1587 2467 signum

145 2479 308 2517 habetur
338 2477 616 2516 benevolentiae
646 2491 738 2529 erga
766 2479 930 2517 amicos:
971 2492 1084 2529 quam
1119 2492 1165 2516 ex
1196 2479 1425 2530 principibus
1455 2479 1491 2517 hi
1523 2480 1587 2531 qui

145 2547 271 2581 tantos
291 2541 436 2579 animos
463 2540 618 2585 habent,
647 2547 810 2591 quantos
836 2541 981 2592 imperii
1008 2544 1184 2589 majestas
1211 2540 1379 2590 requirit,
1405 2549 1585 2591 tanquam

145 2603 276 2641 utilem
300 2607 548 2646 'venerantum
584 2602 648 2652 qui
676 2612 802 2640 autem
832 2603 1140 2640 imbecillioribus
1168 2608 1257 2639 sunt
1285 2601 1445 2651 ingeniis
1471 2616 1585 2653 quam

147 2664 330 2714 potentiae
355 2663 566 2715 amplitudo
595 2663 766 2714 postulat
796 2671 838 2702 ut
867 2663 1068 2702 molestam
1099 2669 1336 2708 aversantur,
1364 2664 1471 2714 quasi
1498 2677 1587 2702 vero

147 2738 216 2776 per
238 2737 319 2763 eam
340 2730 528 2775 cogantur
553 2724 697 2776 aliquid
725 2735 860 2763 contra
888 2725 944 2761 sui
971 2724 1083 2761 animi
1106 2724 1339 2769 voluntatem
1361 2724 1500 2770 facere,
1521 2728 1586 2777 qui

149 2799 224 2824 non
254 2786 485 2837 intelligunt,
514 2800 632 2838 quum
661 2787 710 2825 de
738 2787 898 2824 utilitate
931 2786 1175 2831 deliberatur,
1205 2799 1271 2824 eos
1299 2788 1363 2837 qui
1394 2788 1586 2827 adversari

150 2848 306 2891 audent,
339 2848 538 2898 maximam
577 2849 631 2887 eis
670 2849 760 2887 dare
794 2855 1023 2899 potestatem
1053 2860 1098 2885 ea
1134 2861 1221 2898 quae
1253 2849 1372 2888 velint
1409 2850 1587 2889 faciendi.

150 2910 461 2947 Consentaneum
481 2910 579 2947 enim
601 2917 660 2949 est
678 2923 758 2955 eos,
786 2910 849 2960 qui
876 2909 923 2947 ad
955 2910 1111 2960 gratiam
1139 2910 1241 2960 loqui
1269 2913 1396 2950 omnia
1418 2914 1586 2958 student,
