1870 3277
238 148 310 181 28³
823 146 1102 182 nsocltA'l‘ls

240 260 312 284 non
345 248 456 284 modo
488 259 617 296 regum
649 248 819 298 imperia,
848 262 933 298 quus
966 247 1084 285 multa
1117 262 1236 297 cuque
1271 251 1483 290 necessaria
1515 250 1680 300 pericula

242 320 370 345 secum
401 307 568 352 trallunt,
590 308 736 346 firmare
759 322 832 345 non
855 322 979 358 posse,
1001 311 1067 346 sed
1090 324 1136 346 nc
1159 310 1386 360 reruinpubl.
1409 311 1579 359 quidem,
1600 325 1684 361 qua:

240 368 434 418 aliquanto
457 368 614 406 tutiores
637 377 739 415 sunt,
758 370 989 413 libertate1n;
1022 385 1086 408 eos
1109 378 1249 415 autern,
1272 372 1334 421 qui
1357 380 1507 421 propter
1525 374 1680 411 audien-

242 430 334 467 tium
364 430 562 468 utilitatem
592 431 706 468 libere
727 445 813 481 quae
835 433 1006 469 sentiunt
1026 433 1172 476 dicunt,
1203 432 1319 469 multa
1347 445 1573 471 conservare
1600 448 1683 484 quw

241 491 380 541 alioqui
411 491 578 542 peritura
608 491 844 529 videbantur.
903 494 1050 534 Quibus
1081 493 1128 531 de
1159 494 1284 531 causis
1315 507 1464 543 aequum
1497 502 1554 532 est
1582 496 1682 545 apud

244 565 376 589 omnes
397 553 586 603 principes
607 553 786 603 majorem
809 567 892 591 csse
920 567 1050 592 eorum
1072 556 1136 606 qui
1160 568 1247 592 vera
1267 555 1394 592 dicere
1416 568 1488 592 non
1510 555 1685 593 dubitant

245 612 522 657 auctoritatem,
538 626 652 663 quam
668 614 801 651 horum
819 614 882 663 qui
905 615 952 652 ad
973 616 1131 665 gratiam
1154 617 1294 661 omnia,
1312 616 1402 653 nihil
1421 625 1544 654 autem
1566 618 1686 667 gratia

245 674 400 725 dignum
422 675 649 724 loquuntur:
680 675 758 712 fieri
779 683 906 713 tamen
930 676 1027 714 solet
1050 684 1091 714 ut
1117 677 1168 714 illi
1190 678 1291 728 apud
1320 678 1522 715 nonnullos
1544 678 1685 715 minore

243 740 278 775 in
300 738 421 789 pretio
448 739 523 776 sint
550 752 665 788 quam
687 746 957 777 assentatores.
1019 741 1060 778 ld
1082 741 1185 791 quod
1207 741 1318 778 etiam
1344 742 1556 779 Diodotum
1586 742 1685 792 apud

244 799 429 850 quosdam
449 800 551 838 Asiae
571 813 746 850 proceres
767 800 918 843 afflixit;
946 815 1106 852 quorum
1128 802 1339 840 commodis
1362 816 1479 852 quum
1502 803 1628 840 inultis
1651 803 1684 839 in

243 862 354 899 rebus
382 861 652 905 consuluisset,
684 874 758 898 non
791 861 926 899 dandis
960 863 1073 900 modo
1109 863 1289 906 consiliis,
1323 864 1391 901 sed
1425 865 1537 900 rebus
1573 865 1685 901 etiam

245 923 424 973 gerendis
445 923 708 972 adeundisque
735 922 924 972 periculis,
945 923 1033 972 quia
1063 931 1188 961 tamen
1218 924 1376 960 liberius
1403 937 1469 961 eos
1499 923 1607 961 officii
1629 925 1686 962 sui

243 986 438 1028 monebat,
455 991 532 1021 tum
551 984 715 1021 honores
735 996 830 1034 quos
851 984 886 1020 in
907 984 1026 1034 patria
1045 985 1167 1022 tenuit
1186 984 1323 1029 amisit,
1337 991 1415 1021 tum
1439 985 1689 1034 amplissimo-

245 1058 324 1082 rum
345 1058 410 1095 spe
431 1045 671 1096 praemiorum
693 1044 848 1089 decidit,
870 1052 982 1095 atque
1003 1046 1055 1082 ita
1076 1046 1160 1096 plus
1183 1045 1384 1082 valuerunt
1413 1045 1687 1083 levissimorum

243 1106 438 1144 hominum
459 1105 698 1143 adulationes
718 1106 859 1143 meritis
881 1113 918 1144 et
939 1106 1132 1144 beneficiis
1153 1106 1248 1143 tanti
1262 1106 1341 1143 viri.
1401 1106 1470 1144 His
1487 1107 1533 1144 de
1549 1107 1689 1150 causis,

244 1167 394 1205 tametsi
415 1166 462 1204 ad
483 1179 550 1204 vos
571 1180 610 1204 se
637 1167 808 1204 conferre
832 1179 982 1217 semper
1001 1167 1037 1204 in
1059 1167 1186 1205 animo
1208 1167 1386 1211 habebat,
1409 1177 1534 1205 tamen
1561 1167 1690 1205 nescio

244 1241 320 1279 quo
352 1228 484 1265 timore
515 1234 574 1265 est
606 1227 835 1272 retardatus,
864 1241 939 1265 non
973 1228 1075 1279 quod
1108 1241 1240 1266 omnes
1276 1228 1309 1264 in
1343 1228 1465 1265 altiori
1495 1228 1691 1278 dignitatis

246 1288 364 1340 gradu
392 1288 603 1326 collocatos
638 1288 781 1326 similes
810 1302 894 1326 esse
924 1290 1020 1326 inter
1044 1302 1083 1326 se
1115 1296 1276 1339 putaret,
1304 1289 1373 1326 sed
1400 1289 1490 1339 quia
1518 1289 1690 1326 difficiles

244 1351 402 1388 aliorum
429 1363 553 1387 mores
581 1357 758 1399 expertus
791 1350 915 1387 minus
947 1350 1055 1387 avide
1088 1363 1194 1400 spem
1220 1363 1308 1400 quae
1336 1364 1357 1387 a
1378 1351 1483 1388 vobis
1509 1350 1690 1388 ostende—

244 1412 355 1449 batur
385 1410 563 1461 amplecti
592 1410 774 1454 audebat,
803 1410 950 1456 similia,
981 1418 1024 1448 ut
1058 1418 1162 1460 puto,
1191 1423 1325 1461 passus
1354 1424 1397 1448 ac
1431 1411 1688 1461 navigantium

245 1473 427 1524 plerique,
449 1471 511 1521 qui
534 1471 596 1508 ubi
617 1471 733 1508 semel
754 1471 789 1508 in
813 1478 1057 1522 tempestates
1083 1472 1309 1517 inciderunt,
1333 1485 1524 1522 nunquam
1547 1473 1692 1509 securis

245 1533 379 1572 animis
400 1545 501 1570 mare
521 1532 799 1582 ingrediuntur,
821 1532 893 1569 etsi
920 1533 1045 1570 sciunt
1071 1546 1173 1583 saepe
1201 1545 1419 1583 prosperam
1448 1534 1560 1570 etiam
1586 1534 1691 1570 navi-

245 1594 439 1644 gationem
461 1593 580 1631 solere
605 1593 839 1642 contingere.
899 1594 975 1630 Sed
1003 1594 1181 1643 quoniam
1209 1593 1274 1630 tibi
1303 1594 1595 1631 commendatus
1622 1602 1693 1636 est,

245 1656 282 1693 id
302 1657 398 1693 bene
418 1667 503 1692 esse
524 1655 683 1698 factum,
703 1654 815 1703 eique
837 1654 1075 1704 profuturum
1103 1662 1206 1705 puto.
1265 1654 1380 1698 Quod
1403 1661 1443 1692 ut
1464 1655 1690 1697 existimem,

243 1723 308 1754 tua
338 1716 375 1753 in
406 1714 534 1766 primis
566 1714 657 1752 facit
687 1714 915 1759 humanitas,
936 1728 1023 1764 quae
1056 1716 1103 1752 ab
1133 1715 1275 1752 exteris
1308 1715 1522 1752 hominibus
1556 1716 1692 1766 praedi-

242 1785 372 1821 catum
403 1777 542 1814 deinde
563 1789 629 1813 vos
649 1776 841 1827 praeterire
862 1789 936 1813 non
966 1777 1126 1814 arbitror
1152 1776 1242 1813 nihil
1270 1790 1352 1814 esse
1372 1776 1430 1814 vel
1459 1777 1611 1814 suavius
1633 1777 1689 1813 vel

243 1839 370 1877 utilius
389 1850 502 1889 quam
531 1837 665 1874 fideles
693 1837 803 1874 simul
829 1843 866 1874 et
892 1837 1003 1874 utiles
1032 1838 1172 1874 amicos
1201 1851 1331 1887 parare
1358 1838 1565 1881 beneficiis,
1586 1838 1691 1874 etde

243 1900 383 1938 talibus
413 1900 501 1937 viris
531 1899 628 1936 bene
664 1898 810 1943 mereri,
841 1906 993 1947 propter
1027 1912 1124 1948 quos
1156 1899 1264 1936 multi
1293 1899 1405 1936 etiam
1438 1898 1500 1936 alii
1530 1900 1690 1948 gratiam

243 1962 350 2000 vobis
374 1960 539 1999 habituri
566 1969 667 1997 sunt.
725 1959 870 1997 Omnes
899 1960 999 1996 enim
1028 1961 1117 1997 boni
1137 1970 1176 1998 et
1201 1960 1303 1998 docti
1322 1974 1402 2006 eos,
1423 1960 1487 2010 qui
1507 1968 1691 2010 praestan-

242 2023 343 2060 tibus
374 2022 548 2060 doctrina
574 2029 612 2059 et
633 2021 769 2058 virtute
789 2021 878 2058 viris
906 2021 1089 2059 honorem
1113 2021 1270 2067 habent,
1291 2034 1367 2059 non
1391 2022 1512 2058 minus
1534 2021 1693 2059 laudant

242 2093 280 2123 et
299 2092 540 2129 venerantur,
562 2096 676 2134 quam
697 2082 728 2120 si
748 2083 784 2119 in
806 2083 908 2133 ipsos
929 2082 1070 2120 collata
1091 2083 1249 2120 fuissent
1268 2084 1407 2120 omnia.

294 2149 330 2184 2.
363 2146 439 2183 Sed
461 2146 584 2196 ipsum
606 2144 815 2182 Diodotum
836 2152 970 2195 suapte
992 2144 1230 2195 potissimum
1253 2144 1439 2181 industria
1465 2144 1688 2182 effecturum

243 2221 328 2246 esse
353 2206 512 2244 arbitror
540 2212 582 2242 ut
607 2204 665 2242 sui
691 2217 822 2241 curam
851 2217 975 2256 geras.
1036 2206 1183 2243 Auctor
1211 2213 1337 2242 autem
1365 2205 1476 2242 etiarn
1505 2205 1586 2255 ejus
1615 2206 1691 2242 filio

243 2270 312 2315 fui,
334 2275 377 2306 ut
395 2281 437 2306 se
459 2267 505 2305 ad
529 2280 594 2304 vos
622 2266 813 2304 conferret
837 2279 954 2317 seque
974 2268 1080 2305 vobis
1099 2267 1135 2304 in
1157 2268 1400 2319 disciplinam
1421 2268 1529 2317 quasi
1552 2267 1690 2305 tradito
1708 2264 1711 2267 ’

244 2331 427 2384 proficere
451 2336 564 2379 atque
591 2340 716 2378 operae
743 2327 908 2378 pretium
932 2328 1062 2365 facere
1089 2335 1304 2367 conaretur.
1361 2328 1477 2372 Quod
1501 2341 1619 2378 quum
1645 2342 1691 2366 ex

245 2407 304 2431 me
325 2392 508 2437 audisset,
531 2403 571 2427 se
592 2388 744 2439 quidem
767 2394 904 2426 vestrae
928 2390 1101 2427 amicitiae
1123 2390 1370 2441 percupidum
1393 2403 1479 2428 esse
1499 2390 1606 2435 dixit,
1622 2390 1691 2428 sed

242 2456 378 2494 eodem
395 2466 477 2491 esse
488 2464 583 2503 >erga
598 2450 700 2488 illam
714 2450 839 2486 animo
857 2462 932 2500 quo
947 2463 1036 2500 erga
1053 2451 1259 2489 certamina
1274 2450 1485 2489 coronaria.
1540 2450 1691 2500 Cupere

243 2518 342 2556 enirn
371 2518 408 2554 in
435 2516 509 2554 illis
537 2513 731 2552 victoriam
764 2513 959 2563 consequi,
979 2514 1047 2551 sed
1076 2514 1125 2551 ad
1154 2527 1198 2551 ea
1225 2522 1426 2565 propterea
1453 2513 1689 2552 descendere

240 2592 317 2617 non
346 2578 500 2622 audere,
528 2575 632 2628 quod
667 2574 737 2612 sibi
764 2574 862 2611 vires
895 2575 1045 2613 coronis
1072 2575 1208 2625 dignas
1234 2577 1368 2614 deesse
1398 2576 1689 2619 animadvertat,

239 2639 453 2690 eodemque
483 2637 597 2675 modo
624 2649 664 2674 se
693 2635 1004 2686 optare-quidem
1034 2636 1198 2674 honores
1226 2649 1248 2674 a
1268 2637 1374 2674 vobis
1402 2638 1598 2687 consequi,
1621 2637 1690 2674 sed

238 2713 321 2738 eam
336 2700 406 2737 sibi
423 2699 646 2737 facultatem
661 2702 843 2746 negatam
862 2710 946 2734 esse
967 2697 1161 2735 arbitrari:
1192 2710 1281 2735 nam
1301 2704 1340 2734 et
1358 2697 1542 2748 imperitia
1562 2711 1631 2735 sua
1651 2704 1690 2735 et

239 2760 440 2812 splendore
463 2767 592 2798 vestro
619 2771 659 2796 se
687 2756 882 2802 deterreri,
911 2758 985 2796 huc
1017 2758 1203 2796 accedere
1236 2759 1505 2810 corpusculum
1537 2773 1686 2810 quoque

239 2823 363 2860 minus
394 2822 567 2872 elegans,
588 2827 627 2858 et
655 2818 771 2856 naevis
800 2819 1028 2868 quibusdam
1059 2819 1288 2870 inspersum,
1308 2820 1410 2870 quod
1444 2821 1622 2859 exstimet
1651 2822 1688 2858 in

238 2884 365 2923 multis
386 2883 457 2921 sibi
475 2883 587 2920 rebus
609 2879 882 2930 impedimento
902 2880 993 2918 fore.
