1870 3277
229 176 300 212 180
819 178 1101 216 lSOCRATlS

228 277 423 314 laudata
458 291 516 324 re,
556 291 644 317 non
681 281 950 326 abhorrere,
979 288 1024 319 et
1058 280 1136 330 qui
1186 279 1306 317 tales
1345 280 1444 317 sint
1473 279 1693 317 omnibus

225 339 378 388 inagis
413 341 697 390 magnanimi
731 343 877 380 videri
909 356 1042 393 quam
1079 342 1156 393 qui
1190 341 1516 392 aequalitatem
1549 342 1694 379 intro-

228 400 424 445 ducant,
460 409 503 439 et
547 403 757 442 homines
795 404 1056 443 bellicosos
1098 405 1238 454 longe
1288 410 1516 454 praestare
1563 405 1694 454 pacis

225 461 490 507 studiosis;
526 465 605 514 qui
643 479 793 516 neque
827 479 997 516 parare
1028 466 1214 517 possint
1240 478 1343 515 quoe
1372 478 1460 503 non
1490 465 1698 503 habeant

227 537 312 562 nec
342 538 393 563 ea
424 539 526 576 quae
559 527 773 565 habeant
803 527 995 566 fortiter
1021 528 1159 573 tueri,
1187 527 1301 564 illos
1335 534 1488 565 autem
1520 535 1695 565 utrum-

227 599 318 636 que
348 600 501 637 posse,
524 594 616 624 tum
639 601 811 639 capere
831 602 932 639 quae
953 589 1246 633 desiderent,
1269 596 1359 626 tum
1386 601 1575 626 servare
1596 602 1696 639 quae

231 648 378 685 semel
429 650 741 700 occuparint:
790 664 893 701 quae
923 650 1244 701 perfectorum
1285 651 1487 688 virorum
1529 650 1696 688 officia

229 723 338 748 esse
382 710 652 748 videantur.
723 711 895 750 Verum
931 712 986 749 de
1027 712 1342 763 praecellendi
1391 712 1553 750 studio
1597 712 1696 763 pul-

229 772 385 810 eriora
411 772 554 810 etiarn
590 773 748 812 dicere
783 787 832 813 se
867 788 1006 825 posse
1034 783 1236 813 censent
1267 788 1402 825 quam
1435 789 1535 826 quae
1570 788 1696 813 nunc

228 833 360 872 dicta
394 841 526 872 sunt:
578 849 678 873 nam
714 837 791 887 qui
823 844 1179 875 contractarum
1211 850 1359 876 rerum
1395 837 1541 875 fidem
1574 838 1696 875 fran-

227 903 343 945 gant
373 902 419 933 et
448 896 569 934 alios
596 897 980 936 circumveniant
1011 906 1056 936 et
1076 898 1217 936 falsis
1248 899 1536 937 ratiunculis
1568 899 1698 936 delu-

227 956 355 1003 dant,
383 970 462 995 eos
487 959 815 1010 nequejustos
838 974 986 1011 neque
1014 960 1356 1011 praecellentes
1388 974 1488 998 esse
1516 968 1698 1012 putant,

227 1019 307 1057 sed
337 1027 564 1058 etavaros
604 1027 651 1058 et
689 1021 1139 1072 improbos—quod
1168 1022 1290 1059 enim
1331 1022 1449 1060 male
1487 1023 1542 1060 de
1579 1024 1697 1074 ipsis

227 1081 546 1128 existimetur,
576 1090 621 1121 et
645 1083 890 1122 contemni
923 1097 1003 1121 eos
1031 1091 1076 1121 et
1102 1085 1322 1122 omnibus
1348 1085 1390 1121 in
1424 1086 1565 1123 rebus
1591 1098 1698 1123 esse

229 1143 470 1182 deteriore
508 1145 795 1183 conditione
822 1169 893 1191 —,
927 1146 1273 1196 Spartanorum
1313 1152 1468 1183 autem
1500 1148 1701 1197 praecel-

226 1204 355 1242 lendi
388 1206 598 1244 studium
636 1214 680 1244 et
715 1221 876 1258 regum
916 1215 962 1245 et
997 1214 1305 1259 tyrannorum
1340 1220 1439 1244 cum
1481 1209 1698 1258 optabile

227 1279 334 1305 esse
362 1275 505 1319 atque
536 1270 589 1306 ab
619 1269 838 1307 omnibus
873 1269 1048 1320 expeti,
1076 1276 1170 1307 tum
1197 1269 1426 1307 neminem
1448 1269 1698 1309 incessere

229 1329 457 1368 convitiis
489 1337 569 1368 aut
602 1332 850 1370 exsecrari
882 1345 960 1370 eos
996 1345 1197 1382 quorum
1232 1340 1380 1369 tantae
1416 1331 1513 1370 sint
1546 1333 1698 1371 facul-

229 1397 360 1429 tates
397 1399 541 1443 atque
573 1406 709 1444 opes;
742 1407 894 1444 neque
931 1394 1135 1432 inveniri
1165 1400 1256 1431 tam
1285 1394 1476 1445 abjecto
1504 1395 1699 1445 ingenio

228 1466 494 1504 quenquam
534 1455 644 1505 quin
685 1464 821 1506 optet
854 1455 998 1493 talem
1039 1468 1061 1492 a
1099 1455 1190 1493 diis
1229 1463 1516 1507 potestatem
1557 1456 1701 1495 tribui

228 1516 316 1554 sibi
351 1517 441 1568 ipsi
479 1518 520 1555 in
565 1519 741 1569 primis,
785 1526 866 1556 aut
903 1518 1073 1556 saltem
1115 1518 1206 1556 sibi
1249 1518 1699 1569 conjunctissimis:

231 1580 354 1619 unde
375 1582 682 1632 perspicuum
702 1588 774 1619 est
795 1594 1021 1619 summum
1050 1583 1220 1619 bonum
1251 1581 1405 1619 videri
1433 1582 1569 1619 nobis
1590 1581 1700 1619 aliis

229 1643 543 1681 antecellere.
575 1644 815 1682 Ambitum
838 1643 986 1694 igitur
1008 1651 1100 1682 tuae
1128 1643 1362 1682 orationis
1387 1644 1433 1681 in
1457 1643 1578 1682 hanc
1600 1657 1701 1682 sen-

231 1705 430 1742 tentiam
464 1706 750 1757 complexus
785 1705 893 1742 mihi
924 1718 1029 1743 esse
1060 1705 1259 1743 videris.

286 1767 351 1804 97.
382 1766 519 1810 Quod
547 1768 584 1805 si
611 1774 856 1818 putassem
886 1774 931 1804 te
952 1779 1197 1817 parsurum
1226 1780 1328 1805 esse
1354 1766 1425 1804 his
1446 1780 1546 1818 quae
1568 1767 1702 1807 dicta

230 1835 416 1866 suntet
446 1828 566 1867 hanc
592 1829 855 1867 orationem
884 1829 986 1867 sine
1014 1828 1391 1879 reprehensione
1420 1830 1701 1880 praetermis-

230 1902 400 1934 surum,
429 1903 483 1928 ne
504 1890 603 1942 ipse
630 1891 820 1941 quidem
848 1891 987 1942 plura
1014 1890 1217 1928 dicenda
1244 1890 1354 1928 mihi
1382 1891 1700 1931 censuissem:

232 1965 370 1997 nunc,
403 1953 513 2002 quia
548 1952 667 1991 nihil
702 1953 757 1991 de
789 1953 860 1990 his
895 1953 1208 2004 pronuntiavi
1248 1966 1440 2004 quorum
1472 1954 1625 2004 gratia
1657 1954 1700 1992 in

230 2015 484 2053 consilium
521 2016 790 2054 advocatus
826 2029 939 2062 sum,
971 2015 1014 2053 id
1048 2015 1135 2053 tibi
1177 2029 1300 2053 curae
1334 2028 1424 2053 non
1452 2015 1552 2054 fore
1583 2017 1702 2054 arbi·

230 2085 488 2116 tror-—nec
515 2079 651 2125 enirn,
672 2091 811 2130 quum
842 2092 926 2116 nos
954 2091 1264 2125 convocares,
1292 2091 1345 2116 ea
1371 2092 1443 2116 res
1470 2079 1593 2117 serio
1619 2079 1700 2117 abs

231 2146 274 2177 te
315 2140 388 2189 agi
423 2140 866 2187 videbatur—,sed
905 2140 1183 2186 instituisti,
1219 2140 1403 2191 opinor,
1439 2140 1700 2179 orationem

231 2202 417 2240 caeteris
437 2203 569 2240 nulla
590 2217 636 2241 re
658 2203 871 2249 similem,
891 2216 991 2254 quae
1012 2203 1202 2254 quidem
1231 2203 1444 2253 segniter
1471 2215 1522 2240 ac
1549 2204 1702 2258 otiose

233 2263 508 2314 legentibus
537 2264 740 2315 simplex
765 2264 1010 2303 videretur
1038 2277 1089 2302 ac
1117 2264 1375 2302 intellectu
1399 2263 1576 2310 facilis,
1597 2265 1703 2303 dili-

235 2333 402 2376 genter
441 2332 595 2364 autem
635 2326 938 2364 intuentibus
979 2333 1023 2364 et
1061 2325 1105 2363 id
1144 2326 1269 2376 quod
1309 2325 1430 2364 alios
1476 2326 1704 2366 latuisset

235 2388 509 2440 perspicere
530 2388 820 2426 conantibus
842 2387 1067 2426 difficilis
1095 2394 1351 2439 appareret
1376 2394 1419 2426 et
1449 2401 1536 2425 non
1565 2401 1704 2440 expo-

235 2451 328 2490 sita
367 2450 581 2500 cujusvis
619 2449 976 2500 intelligentiae,
1006 2449 1270 2502 multisque
1307 2449 1528 2488 historiis
1559 2458 1605 2488 et
1638 2465 1705 2489 re-

235 2513 430 2552 condita
463 2513 738 2552 eruditione
770 2511 963 2557 referta,
996 2512 1138 2563 plena
1171 2513 1312 2551 etiam
1348 2513 1600 2563 omnigena
1630 2527 1702 2552 va-

235 2576 404 2614 rietate
430 2582 476 2614 et
503 2577 568 2626 (ut
597 2575 661 2614 ita
689 2575 858 2623 dicam)
887 2574 1377 2626 mendaciloquentia‚
1403 2588 1492 2613 non
1522 2588 1575 2613 ea
1603 2589 1703 2626 quae

235 2638 363 2676 cives
404 2638 614 2688 improbe
652 2636 826 2674 laedere
863 2637 1129 2681 consuevit,
1169 2637 1251 2675 sed
1290 2650 1390 2688 quae
1428 2649 1531 2674 cum
1568 2638 1703 2677 urba-

235 2701 388 2738 nitate
423 2701 591 2750 juvare
629 2705 677 2737 et
712 2698 964 2736 oblectare
1000 2698 1155 2749 possit
1195 2698 1466 2736 auditores:
1506 2711 1702 2750 quorum

236 2762 355 2801 nihil
389 2775 455 2800 me
487 2761 660 2800 sivisse
694 2761 760 2799 ita
795 2773 841 2798 se
866 2760 1041 2798 habere
1066 2760 1197 2798 dices
1219 2766 1268 2798 ut
1294 2772 1348 2797 ea
1372 2766 1421 2797 tu
1449 2773 1496 2798 se
1529 2761 1702 2801 habere

235 2823 474 2867 volueris;
519 2837 621 2861 nam
662 2823 699 2861 si
735 2836 821 2874 ego
862 2835 959 2874 quae
997 2822 1068 2860 vis
1108 2823 1170 2860 sit
1199 2821 1434 2860 orationis
1468 2822 1703 2864 edocuero

235 2895 280 2927 et
312 2893 438 2925 tuum
478 2885 734 2924 consilium
771 2897 1057 2936 exposuero,
1088 2898 1156 2922 me
1196 2897 1284 2922 non
1321 2884 1703 2926 animadvertere

236 2951 368 2990 dices
402 2948 666 2986 orationem
702 2961 785 2999 per
823 2961 889 2985 me
917 2955 1050 2985 tanto
1090 2947 1239 2997 magis
1273 2946 1525 2997 ingloriam
1555 2949 1702 2995 reddi,
