1870 3277
591 187 665 226 DE
694 182 1147 225 PERMUTATIONE.
1525 179 1602 216 237

140 290 319 344 periculis
339 303 458 344 posse
488 303 652 337 servare,
682 290 898 328 libertatem
925 298 1168 330 conservare,
1189 285 1228 323 in
1254 284 1327 332 his,
1347 297 1424 324 non
1445 297 1536 323 vero
1564 284 1602 321 in

141 355 404 406 sycophantis‚
424 367 511 392 esse
530 352 756 404 repositum.

195 419 259 454 27.
291 417 375 455 Etsi
395 424 521 455 autem
543 415 666 453 multa
683 414 722 450 in
742 418 910 449 mentem
926 410 1016 448 mihi
1036 410 1206 456 veniunt,
1222 408 1352 447 nescio
1365 415 1494 446 tamen
1513 407 1607 459 quid

141 478 191 517 de
211 480 264 517 eis
287 486 456 517 statuere
477 478 636 516 debeam
654 489 664 512 ι
693 487 780 512 narn
801 473 953 524 singula
972 486 1060 523 quae
1079 472 1209 523 cogito
1237 484 1304 523 per
1323 484 1364 509 se
1385 470 1476 508 mihi
1503 471 1609 508 dictu

144 541 350 578 commoda
368 546 407 578 et
420 552 535 590 aequa
548 538 741 582 videntur,
762 537 793 574 si
814 548 903 574 vero
925 548 1028 573 nunc
1041 535 1177 573 omnia·
1196 534 1452 585 proferantur,
1468 545 1610 584 magna

143 602 321 640 molestia
340 609 378 641 et
397 614 458 640 me
486 607 522 639 et
544 599 740 638 auditores
768 597 954 636 affectura
974 609 1075 635 esse.
1134 597 1265 647 Atque
1289 596 1388 633 adeo
1409 608 1542 633 vereor
1567 602 1611 632 ut

145 664 295 716 prolixa
308 664 423 702 etiam
437 662 676 713 superiorum
692 659 1010 698 commemoratio
1027 657 1225 696 fastidium
1241 657 1432 708 effugerit.
1464 657 1611 694 Omnes

145 727 246 764 enim
265 733 343 764 tam
363 724 570 763 insatiabili
599 723 755 761 dicendi
774 721 986 772 cupiditate
1015 727 1203 765 tenemur,
1224 728 1264 758 ut
1283 719 1612 771 opportunitatem

146 787 347 825 laudemus
366 799 440 824 nec
459 786 666 836 quicquam
687 782 946 835 praestabilius
966 794 1051 819 esse
1072 781 1267 825 dicamus3
1299 794 1418 831 quum
1439 793 1528 818 vero
1545 779 1613 816 ali-

147 847 239 898 quid
259 847 400 885 habere
421 847 595 884 videmur
615 844 719 896 quod
743 844 933 889 dicamus,
953 842 1137 894 neglecto
1163 843 1280 881 modo
1301 855 1450 893 semper
1468 840 1614 892 aliquid

147 908 336 959 prioribus
370 907 555 959 paulatim
590 905 810 958 adjiciendo
838 905 875 941 in
912 910 1124 942 extremam
1156 903 1488 954 importunitatem
1521 902 1618 940 inci-

148 970 301 1008 damus.
360 970 463 1007 Nam
482 976 520 1008 et
539 982 627 1020 ego,
650 967 717 1019 qui
735 967 821 1005 haec
842 965 929 1005 dico
949 978 995 1004 ac
1012 965 1149 1013 sentio,
1168 965 1368 1004 vobiscum
1390 964 1520 1004 adhuc
1540 962 1616 1002 dis-

151 1045 276 1070 serere
295 1032 398 1070 volo.

206 1094 271 1130 28.
303 1092 489 1143 Indignor
514 1092 615 1130 enim
640 1104 759 1142 quum
786 1090 1084 1143 sycophantiam
1110 1089 1332 1128 conditione
1357 1088 1513 1128 meliore
1533 1101 1619 1127 esse

151 1155 267 1193 video
287 1168 403 1205 quam
423 1154 722 1206 philosophiam,
744 1160 781 1192 et
801 1152 904 1191 illam
923 1152 1079 1203 quidem
1098 1165 1296 1199 accusare,
1309 1152 1409 1190 hanc
1421 1165 1511 1190 vero
1527 1165 1620 1189 cau-

154 1230 235 1255 sam
266 1216 405 1254 dicere.
463 1216 580 1260 Quod
612 1216 698 1267 quis
726 1222 900 1254 veterum
926 1214 998 1252 suit
1027 1214 1093 1264 qui
1112 1214 1283 1251 futurum
1318 1227 1404 1252 esse
1434 1213 1623 1259 crederet,

154 1278 258 1330 apud
278 1291 348 1316 vos
369 1278 581 1329 praesertim
602 1279 667 1328 qui
688 1277 941 1328 sapientiores
962 1276 1045 1314 aliis
1062 1275 1194 1313 haberi
1210 1276 1356 1313 vultis?
1412 1275 1530 1327 Apud
1546 1288 1625 1313 ma-

148 1340 254 1391 jores
274 1346 377 1377 certe
397 1339 554 1389 quidem
573 1340 648 1377 alia
669 1339 764 1377 ratio
783 1338 867 1376 fuit.
898 1338 1000 1374 Nam
1021 1349 1088 1374 eos
1109 1336 1173 1387 qui
1195 1336 1380 1387 sophistae
1396 1337 1626 1375 dicebantur

156 1401 286 1452 magni
303 1400 500 1438 faciebant
512 1412 726 1450 eorumque
741 1399 947 1437 familiares
959 1399 1094 1435 beatos
1108 1397 1352 1447 judicabant,
1367 1398 1627 1449 sycophantas

157 1471 284 1502 autem
305 1462 653 1514 perniciosissimos
668 1461 844 1499 homines
865 1459 1153 1499 existimabant.
1212 1458 1336 1510 Cujus
1349 1460 1403 1498 rei
1419 1459 1629 1498 maximum

157 1526 309 1577 signum
329 1524 425 1562 illud
450 1531 524 1570 est,
544 1522 649 1574 quod
676 1522 875 1568 Solonem,
898 1521 961 1573 qui
991 1521 1138 1572 primus
1158 1519 1298 1558 civium
1319 1521 1393 1559 hoc
1413 1534 1635 1573 cognomen

158 1587 315 1625 sortitus
329 1587 414 1632 fuit,
435 1587 731 1637 gubernatorem
747 1597 794 1623 ac
809 1584 1022 1636 principem
1042 1585 1210 1624 civitatis
1227 1597 1314 1622 esse
1333 1583 1536 1622 voluerunt
1551 1597 1560 1628 ;
1593 1584 1632 1621 in

159 1648 420 1700 sycophantas
440 1654 569 1686 autem
591 1647 786 1698 graviores
808 1659 921 1697 quam
942 1647 980 1685 in
1001 1647 1097 1686 alios
1113 1647 1310 1685 maleficos
1326 1646 1433 1696 leges
1448 1646 1633 1684 tulerunt.

164 1711 224 1749 De
245 1711 403 1748 summis
423 1710 523 1748 enim
542 1708 689 1761 injuriis
705 1709 742 1746 in
762 1721 838 1747 uno
852 1708 1019 1760 judicari
1033 1709 1212 1760 praetorio
1226 1708 1443 1753 voluerunt,
1459 1708 1530 1745 hos
1543 1720 1634 1746 vero

163 1779 199 1810 et
217 1771 264 1810 ad
287 1771 456 1809 sexviros
477 1770 601 1816 citari,
622 1779 661 1809 et
679 1770 818 1809 deferri
839 1770 945 1822 apud
963 1778 1154 1816 senatum,
1178 1778 1217 1809 et
1238 1769 1341 1820 apud
1357 1769 1545 1821 populum
1568 1783 1634 1807 ac-

164 1833 289 1872 cusari
316 1833 461 1880 sinunt,
482 1833 746 1871 existimantes
766 1832 876 1871 istius
897 1833 1048 1884 generis
1069 1833 1235 1871 artifices
1265 1843 1420 1869 omnem
1448 1831 1634 1882 improbi-

164 1902 282 1933 tatem
302 1895 507 1933 excedere.
566 1894 666 1932 Nam
690 1894 785 1932 alios
806 1894 845 1932 id
866 1894 1022 1933 studere
1044 1901 1193 1933 tantum
1217 1899 1259 1931 ut
1280 1906 1352 1930 sua
1370 1892 1560 1931 maleficia
1579 1900 1635 1931 te-

166 1963 274 2008 gant,
294 1956 388 1994 istos
416 1956 558 2006 ubique
588 1962 783 1994 ostentare
811 1969 920 1994 suam
952 1956 1221 1995 crudelitatem
1249 1962 1288 1993 et
1314 1954 1635 1993 inhumanitatem

166 2019 374 2069 odiumque
390 2018 438 2056 de
459 2018 648 2055 industria
666 2017 882 2068 quaeritare.

222 2081 287 2117 29.
318 2080 376 2118 Ac
395 2079 447 2117 illi
468 2079 623 2131 quidem
652 2080 707 2118 sic
727 2079 776 2117 de
796 2080 852 2117 eis
874 2086 1118 2119 statuerunt:
1148 2093 1217 2119 vos
1240 2093 1329 2119 vero
1359 2086 1509 2118 tantum
1529 2080 1641 2118 abest

168 2150 212 2181 ut
231 2141 398 2194 puniatis
425 2155 505 2188 eos,
526 2148 568 2180 ut
594 2141 652 2179 his
682 2148 721 2180 et
740 2142 1009 2180 accusationes
1041 2141 1203 2180 aliorum
1233 2141 1423 2180 mandetis
1444 2148 1484 2179 et
1503 2141 1639 2179 iisdem

169 2202 488 2254 legumlatoribus
519 2203 695 2241 utamini.
751 2203 870 2254 Atqui
897 2203 1064 2241 decebat
1096 2216 1163 2241 eos
1190 2216 1296 2241 nunc
1326 2202 1362 2240 in
1382 2202 1471 2241 odio
1498 2202 1641 2253 majore

171 2279 258 2304 esse
277 2279 393 2317 quam
412 2265 517 2303 olim.
576 2264 690 2303 Tunc
710 2265 811 2303 enim
836 2265 1075 2317 pervulgatis
1104 2265 1297 2303 duntaxat
1322 2264 1359 2301 in
1380 2264 1546 2315 negotiis
1572 2275 1641 2301 no-

172 2335 261 2365 strae
283 2326 385 2364 urbis
406 2332 445 2364 et
460 2325 623 2364 subinde
644 2326 681 2363 in
703 2327 835 2364 orbem
855 2326 1105 2364 redeuntibus
1120 2326 1315 2364 nocebant
1328 2324 1491 2367 civibus;
1523 2335 1640 2374 quum

173 2402 263 2427 vero
277 2395 391 2426 aucta
407 2388 501 2425 urbe
520 2394 559 2425 et
572 2388 838 2439 magistratum
855 2396 970 2427 nacta
984 2391 1146 2437 majores
1162 2387 1295 2433 nostri,
1309 2386 1536 2425 audaciores
1550 2385 1643 2423 facti

172 2463 289 2502 quarn
315 2449 498 2501 oportuit,
518 2449 606 2487 viris
626 2449 738 2487 bonis
758 2462 804 2488 ac
832 2450 1123 2501 praestantibus,
1149 2461 1314 2500 quorum
1343 2448 1484 2485 virtute
1509 2460 1644 2498 respu-

173 2512 275 2550 blica
293 2518 351 2549 est
371 2510 616 2562 amplificata,
635 2524 752 2561 quam
779 2512 981 2549 consecuti
1003 2518 1096 2549 sunt
1124 2510 1391 2549 auctoritatem
1413 2508 1645 2555 inviderunt,

175 2581 213 2612 et
237 2573 411 2612 homines
439 2573 632 2624 improbos
661 2573 900 2624 audaciaque
930 2573 1067 2624 plenos
1095 2572 1377 2623 expetiverunt,
1407 2569 1550 2621 opinati
1579 2583 1645 2608 eos

176 2634 280 2686 quod
302 2642 341 2672 et
367 2634 536 2672 audaces
567 2633 645 2672 sint
673 2642 712 2672 et
741 2635 869 2673 nullas
904 2634 1122 2672 inimicitias
1147 2631 1397 2670 reformident
1423 2630 1647 2682 popularem

179 2704 321 2734 statum
342 2709 455 2747 posse
476 2696 588 2742 tueri,
608 2703 647 2734 et
666 2710 784 2745 quum
801 2710 849 2734 ex
865 2697 996 2734 infimo
1011 2696 1098 2734 loco
1118 2694 1353 2739 emerserint,
1369 2706 1444 2731 non
1462 2697 1648 2745 superbos

181 2766 247 2798 aut
268 2771 452 2796 novarum
473 2772 597 2796 rerum
621 2759 700 2797 fore
719 2759 915 2797 studiosos
930 2780 978 2787 -
996 2770 1043 2795 ex
1064 2757 1138 2794 ista
1158 2756 1370 2794 mutatione
1390 2754 1533 2806 quaein
1551 2769 1647 2793 rem-

182 2819 376 2871 publicam
392 2821 561 2870 pericula
575 2820 727 2859 invecta
743 2834 819 2859 non
841 2826 943 2865 sunt,
959 2832 1045 2869 quae
1064 2818 1231 2856 maxima
1246 2818 1348 2856 mala
1368 2818 1432 2868 qui
1447 2818 1528 2855 istis
1542 2817 1648 2869 inge-

184 2882 255 2919 niis
274 2881 448 2918 homines
477 2889 587 2920 erant
606 2889 646 2920 et
667 2883 772 2921 dicto
793 2889 830 2920 ct
851 2882 952 2920 sacto
974 2894 1049 2919 non
1079 2878 1352 2931 perfecerunt?
1400 2879 1538 2918 Nonne
1560 2879 1639 2916 lau-

184 2943 388 2983 datissimis
406 2944 553 2983 civibus
574 2952 610 2983 et
630 2944 788 2996 reipubl.
813 2944 976 2983 maxime
999 2943 1206 2994 profuturis
1226 2942 1444 2993 oligarchirc
1466 2949 1503 2980 et
1524 2942 1642 2980 Laco-
