1870 3277
675 195 746 231 AD
780 165 1097 232 PHILIPPUM.
1571 199 1620 236 65

206 299 273 335 49.
305 297 442 348 Neque
461 310 552 336 vero
572 299 716 336 mireriS
739 311 808 336 cur
834 304 871 336 te
895 311 962 349 per
981 306 1100 337 totam
1124 300 1334 338 orationem
1356 309 1394 338 et
1421 302 1468 340 ad
1491 302 1622 340 deme-

152 359 294 396 rendos
323 359 486 396 Graecos
515 366 553 397 et
580 359 629 397 ad
659 359 999 397 mansuetudinem
1033 368 1072 398 et
1101 360 1379 399 humanitatem
1413 364 1618 402 adhorter:

150 433 239 457 nam
260 420 432 458 difficiles
451 434 574 458 mores
595 420 780 457 molestos
796 433 879 458 esse
896 420 1008 458 video
1026 427 1107 458 tum
1123 421 1167 458 iis
1184 434 1301 471 penes
1319 435 1416 473 quos
1435 431 1619 462 suntturn

149 480 206 517 his
226 481 290 531 qui
318 493 451 519 eorum
478 481 762 519 consuetudine
790 487 961 525 utuntur,
990 482 1327 519 mansuetudinem
1355 496 1444 521 vero
1476 498 1553 522 non
1579 486 1616 523 in

144 541 365 580 hominibus
384 543 506 580 solum
528 549 566 579 et
587 542 737 579 caeteris
758 542 1018 580 animantibus
1039 542 1216 580 omnibus
1234 543 1301 580 sed
1318 543 1355 580 in
1373 543 1445 581 diis
1462 559 1617 596 quoque

144 605 353 648 celebrari;
386 618 473 642 nam
496 604 561 655 qui
581 604 694 641 nobis
713 604 960 641 benefaciunt
978 604 1125 641 coelites
1146 604 1340 649 dicuntur,
1361 605 1426 654 qui
1449 619 1537 643 vero
1551 620 1617 643 ca-

143 665 378 703 lamitatibus
399 672 437 703 et
456 665 577 715 poenis
597 672 772 716 praesunt
792 665 982 703 atrociora
1002 665 1117 702 etiam
1138 665 1294 702 nomina
1313 665 1474 714 habent,
1496 680 1541 704 ac
1561 667 1616 704 illi

142 729 299 778 quidem
318 737 357 766 et
376 728 554 779 privatim
571 735 608 766 et
623 727 773 779 publice
791 728 945 778 templis
963 728 1114 777 arisque
1129 728 1384 774 honorantur,
1399 729 1469 766 hos
1485 738 1615 766 autem

141 804 266 840 neque
295 791 472 841 precibus
502 803 627 841 neque
655 789 853 828 sacrificiis
881 790 970 836 coli,
998 790 1067 828 sed
1094 791 1204 828 nobis
1235 804 1320 828 esse
1353 792 1615 837 detestabiles,

140 859 303 890 constat.
362 852 459 889 Haec
479 852 594 902 igitur
613 851 864 889 considerans
885 852 1128 889 assuefacere
1154 859 1189 889 te
1220 865 1264 889 ac
1293 852 1470 890 meditari
1491 853 1612 891 debes

139 919 183 950 ut
203 913 383 951 mortales
404 926 538 950 omnes
560 912 683 963 magis
706 913 820 949 etiam
840 925 957 962 quam
988 925 1092 950 nunc
1120 912 1236 950 talem
1264 913 1311 950 de
1332 920 1367 950 te
1389 914 1614 965 concipiant

85 965 93 970 ‘⁴
140 975 370 1024 opinionem.
429 974 505 1017 Qui
524 981 652 1012 autem
674 973 851 1011 eximiam
873 973 1032 1024 gloriam
1055 981 1257 1024 expetunt,
1277 987 1343 1012 eos
1364 975 1490 1013 animo
1506 988 1611 1013 com-

134 1035 250 1085 plecti
272 1036 384 1073 decet
410 1048 469 1072 res
491 1048 567 1072 non
590 1034 747 1085 quidem
777 1047 842 1072 eas
871 1047 958 1084 quae
987 1035 1065 1072 fieri
1087 1041 1293 1085 nequeant,
1324 1035 1393 1072 sed
1422 1048 1511 1085 quae
1532 1038 1610 1074 voti

135 1099 278 1137 similes
305 1099 395 1146 sint,
416 1099 526 1137 etita
554 1098 590 1136 in
620 1098 693 1136 illis
721 1097 893 1136 studiose
915 1097 1112 1136 elaborare
1135 1105 1175 1136 ut
1207 1110 1330 1135 rerum
1361 1097 1520 1136 tulerint
1543 1112 1609 1137 oc-

136 1160 327 1199 casiones.

191 1224 257 1260 50.
289 1222 424 1260 Multis
446 1228 573 1259 autem
596 1234 616 1258 e
645 1222 758 1258 rebus
786 1233 1003 1271 cognosces
1025 1221 1077 1258 ita
1099 1234 1184 1259 esse
1213 1221 1447 1267 faciendum,
1477 1223 1543 1260 sed
1566 1223 1604 1261 in

135 1283 265 1333 primis
283 1296 328 1321 ex
348 1283 494 1320 Iasonis
515 1282 677 1320 eventis.
709 1282 800 1327 Qui,
821 1295 940 1332 quum
959 1282 1051 1318 nihil
1069 1282 1146 1319 tale
1162 1282 1277 1332 quale
1291 1290 1332 1319 tu
1348 1283 1606 1333 praestitisset,

133 1346 339 1384 maximam
363 1346 523 1397 gloriam
555 1359 631 1383 non
656 1359 703 1383 ex
729 1345 773 1382 iis
796 1358 883 1396 quae
904 1346 1039 1395 gessit,
1062 1345 1131 1383 sed
1158 1359 1203 1382 ex
1235 1346 1279 1383 iis
1301 1360 1389 1397 quae
1410 1347 1520 1392 dixit,
1544 1357 1604 1385 est

133 1407 321 1459 adeptus:
351 1408 404 1446 ita
425 1408 528 1445 enim
548 1409 663 1445 verba
684 1407 865 1452 faciebat,
882 1414 924 1444 ut
944 1406 1008 1457 qui
1025 1407 1061 1444 in
1078 1407 1207 1444 Asiam
1225 1408 1454 1446 transiturus
1470 1416 1508 1446 et
1523 1411 1603 1459 regi

132 1469 331 1507 Persarum
351 1469 495 1507 bellum
516 1469 686 1507 facturus
709 1475 825 1507 esset.
883 1469 924 1506 Si
948 1468 1060 1518 igitur
1082 1468 1197 1506 Iason
1221 1470 1345 1507 verbis
1368 1476 1517 1508 tantum
1546 1471 1601 1510 ita

132 1543 190 1569 res
210 1545 299 1569 suas
320 1531 439 1576 auxit,
462 1544 576 1581 quam
598 1530 647 1567 de
665 1538 701 1568 te
719 1530 937 1581 opinionem
951 1530 1030 1568 fore
1046 1543 1197 1576 censes,
1219 1530 1249 1567 si
1264 1543 1303 1568 re
1319 1530 1401 1581 ipsa
1421 1531 1494 1569 ista
1514 1546 1599 1583 per-

130 1592 265 1630 feceris
286 1600 526 1643 conatusque
544 1592 662 1630 fueris
680 1591 844 1629 maxime
858 1591 1013 1641 quidem
1030 1592 1248 1629 universum
1271 1605 1430 1642 reguum
1449 1606 1600 1644 capere,

130 1654 186 1691 sin
209 1655 347 1700 minus,
367 1654 552 1705 plurimas
573 1653 662 1691 inde
682 1653 902 1704 provincias
923 1652 1088 1690 avellere
1110 1653 1323 1703 Asiamque
1344 1654 1598 1706 intercapere,

130 1722 173 1752 ut
194 1716 329 1753 dicunt
345 1715 476 1766 aliqui,
498 1728 519 1752 a
537 1715 672 1753 Cilicia
692 1727 815 1764 usque
837 1714 884 1752 ad
910 1713 1110 1764 Sinopen?
1168 1714 1362 1753 Praeterea
1382 1716 1599 1755 condendae

128 1777 242 1814 urbes
262 1784 375 1814 erunt
399 1776 436 1814 in
457 1777 543 1814 loco
565 1776 642 1822 illo,
664 1783 780 1826 atque
800 1776 836 1813 in
859 1789 924 1814 eas
945 1775 1162 1814 collocandi
1184 1777 1249 1827 qui
1280 1791 1382 1815 nunc
1403 1779 1452 1816 ob
1472 1792 1598 1817 rerum

126 1838 432 1876 necessariarum
449 1838 646 1889 penuriam
662 1839 843 1875 oberrant
854 1844 891 1875 et
905 1838 1018 1875 obvia
1033 1851 1201 1888 quaeque
1217 1838 1413 1876 infestant.
1446 1840 1598 1883 Quibus

126 1899 199 1937 nisi
217 1900 477 1937 obstiterimus
496 1913 542 1937 ne
561 1901 597 1937 in
619 1906 816 1951 posterum
836 1905 1122 1949 congregentur
1139 1899 1239 1937 victu
1254 1899 1329 1937 illis
1344 1900 1486 1938 affatim
1503 1913 1597 1954 sup-'

125 1962 312 2013 peditam,
334 1962 518 2013 paulatim
538 1968 645 1999 tanta
664 1974 796 1999 eorum
817 1961 947 1998 futura
962 1968 1020 1998 est
1037 1960 1256 2006 multitudo,
1272 1968 1315 1998 ut
1335 1961 1451 1999 nihilo
1469 1963 1595 2002 minus

128 2024 277 2061 Graecis
305 2037 418 2074 quam
451 2023 623 2060 barbaris
647 2023 722 2059 sint
744 2021 965 2059 metuendi:
997 2029 1037 2059 at
1065 2035 1135 2060 nos
1164 2022 1257 2059 nihil
1289 2022 1374 2060 illos
1394 2037 1591 2069 curamus,

126 2098 251 2135 neque
281 2084 620 2122 animadvertimuS
649 2097 719 2121 nos
740 2096 982 2121 communem
1005 2091 1147 2120 metum
1181 2093 1220 2120 et
1246 2084 1458 2134 periculum
1480 2087 1591 2124 uobis

126 2148 303 2185 omnibus
325 2147 439 2184 alere.
498 2146 567 2182 Est
584 2145 698 2195 igitur
718 2145 785 2182 viri
806 2145 1040 2194 magnamini
1062 2151 1101 2181 et
1122 2144 1349 2182 Graecorum
1366 2146 1528 2185 studiosi
1553 2158 1591 2187 et

122 2207 239 2259 longe
254 2221 333 2260 prae
351 2207 501 2245 caeteris
522 2208 557 2244 in
580 2213 773 2257 posterum
794 2205 1071 2257 prospicieutiS,
1087 2215 1130 2243 ut
1151 2207 1293 2262 abusus
1311 2207 1451 2245 talibus
1467 2208 1591 2247 homi-

122 2269 235 2307 nibus
255 2269 440 2306 adversus
466 2269 649 2305 barbaros
674 2274 824 2304 tantum
855 2275 964 2304 terrae
990 2267 1063 2304 illis
1091 2267 1237 2305 adimat
1264 2276 1450 2318 quantum
1473 2272 1590 2321 paulo

121 2339 212 2369 ante
231 2331 411 2375 diximus,
434 2336 472 2367 et
496 2329 753 2366 mercenarios
781 2328 917 2366 milites
947 2328 1058 2366 malis
1080 2329 1216 2366 liberet
1233 2335 1313 2366 tum
1334 2331 1378 2367 iis
1399 2344 1487 2381 quae
1516 2333 1586 2383 ipsi

121 2394 250 2431 ferunt
276 2401 355 2430 tum
387 2405 474 2442 quae
501 2391 583 2428 aliis
610 2391 791 2434 inferunt,
826 2397 864 2428 et
884 2391 1058 2428 civitates
1089 2404 1137 2429 ex
1170 2391 1222 2428 eis
1251 2393 1463 2430 constituat
1496 2408 1585 2443 quse

120 2454 312 2492 Graeciam
333 2453 507 2490 muniant
526 2459 565 2489 et
594 2452 705 2501 quasi
731 2451 872 2489 vallum
903 2464 969 2501 pro
997 2451 1108 2489 nobis
1136 2452 1315 2489 omnibus
1342 2454 1583 2500 objiciantur.

121 2515 220 2553 Nam
241 2528 286 2552 eo
302 2520 413 2565 pacto
435 2527 510 2550 non
531 2513 617 2550 illos
636 2512 759 2550 solum
782 2512 928 2557 felices,
957 2513 1027 2549 sed
1048 2525 1116 2550 nos
1137 2513 1249 2550 etiam
1268 2525 1402 2550 omnes
1425 2527 1583 2553 securos

118 2578 271 2616 reddes.
329 2576 382 2614 Ut
401 2584 527 2613 autem
557 2574 642 2612 haec
665 2574 729 2612 tibi
750 2587 825 2611 non
846 2574 1089 2624 contingant,
1123 2582 1161 2611 at
1188 2574 1283 2610 illud
1312 2574 1424 2612 facile
1444 2589 1581 2614 conse-

115 2640 255 2691 queris,
272 2646 314 2676 ut
331 2639 442 2675 urbes
460 2637 649 2674 Asiaticas
670 2636 705 2672 in
720 2636 936 2673 libertatem
952 2635 1134 2673 vindices.
1165 2635 1438 2686 Quodcunque
1451 2645 1578 2676 autem

115 2700 250 2737 horum
272 2698 477 2750 perfeceris
504 2706 570 2734 aut
600 2703 748 2734 tantum
769 2703 933 2734 conatus
960 2695 1093 2740 fueris,
1123 2695 1206 2732 aliis
1236 2696 1367 2746 utique
1394 2697 1513 2748 gloria
1543 2709 1581 2738 et

115 2761 293 2799 laudibus
313 2759 535 2805 antecelles‚
555 2759 670 2809 idque
690 2758 835 2809 optimo
849 2761 949 2806 Jure,
970 2764 1012 2795 ut
1030 2757 1092 2806 qui
1111 2763 1148 2794 et
1165 2757 1244 2807 ipse
1268 2758 1358 2796 talia
1372 2761 1577 2809 aggredia-

116 2825 166 2862 ris
183 2832 222 2860 et
239 2823 399 2860 Graecos
421 2822 467 2859 ad
489 2821 624 2859 eadem
641 2819 867 2858 cohorteris.

167 2885 232 2921 51.
263 2883 363 2921 Nam
384 2897 470 2934 quac
490 2883 678 2920 hactenus
698 2881 852 2931 quidem
872 2881 975 2918 faeta
995 2887 1099 2922 sunt,
1121 2881 1206 2932 quis
1224 2894 1298 2918 uon
1313 2882 1399 2932 jure
1421 2879 1590 2936 miretur¹

115 2958 262 2997 nosque
284 2943 500 2996 despiciat?
558 2944 687 2986 Quum
709 2941 811 2993 apud
837 2942 1034 2986 barbaros,
1063 2954 1161 2991 quos
1183 2941 1316 2979 molles
1346 2943 1575 2992 putabamus

828 3016 848 3039 ir
