<?xml version="1.0" encoding="UTF-8"?>
<!DOCTYPE html PUBLIC "-//W3C//DTD XHTML 1.0 Transitional//EN"
    "http://www.w3.org/TR/xhtml1/DTD/xhtml1-transitional.dtd">
<html xmlns="http://www.w3.org/1999/xhtml" xml:lang="en" lang="en">
 <head>
  <title>
</title>
<meta http-equiv="Content-Type" content="text/html;charset=utf-8" />
  <meta name='ocr-system' content='tesseract 3.04.00' />
  <meta name='ocr-capabilities' content='ocr_page ocr_carea ocr_par ocr_line ocrx_word'/>
</head>
<body>
  <div class='ocr_page' id='page_1' title='image "./oratoresatticie14dobs_0131.png"; bbox 0 0 1870 3277; ppageno 0'>
   <div class='ocr_carea' id='block_1_1' title="bbox 708 177 1596 217">
    <p class='ocr_par' dir='ltr' id='par_1_1' title="bbox 708 177 1596 217">
     <span class='ocr_line' id='line_1_1' title="bbox 708 177 1596 217; baseline -0.002 -1"><span class='ocrx_word' id='word_1_1' title='bbox 708 177 1014 217; x_wconf 86' lang='lat' dir='ltr'>EVAGORAS.</span> <span class='ocrx_word' id='word_1_2' title='bbox 1521 177 1596 214; x_wconf 86' lang='lat'>119</span> 
     </span>
    </p>
   </div>
   <div class='ocr_carea' id='block_1_2' title="bbox 119 279 1598 2980">
    <p class='ocr_par' dir='ltr' id='par_1_2' title="bbox 129 279 1597 444">
     <span class='ocr_line' id='line_1_2' title="bbox 129 279 1597 330; baseline -0.003 -8"><span class='ocrx_word' id='word_1_3' title='bbox 129 284 259 324; x_wconf 76' lang='lat' dir='ltr'>omnia</span> <span class='ocrx_word' id='word_1_4' title='bbox 285 289 425 321; x_wconf 85' lang='lat' dir='ltr'>caetera</span> <span class='ocrx_word' id='word_1_5' title='bbox 444 295 530 321; x_wconf 86' lang='lat' dir='ltr'>esse</span> <span class='ocrx_word' id='word_1_6' title='bbox 557 288 670 320; x_wconf 85' lang='lat' dir='ltr'>aucta</span> <span class='ocrx_word' id='word_1_7' title='bbox 689 281 857 319; x_wconf 85' lang='lat' dir='ltr'>sciamus</span> <span class='ocrx_word' id='word_1_8' title='bbox 884 292 962 317; x_wconf 89' lang='lat' dir='ltr'>non</span> <span class='ocrx_word' id='word_1_9' title='bbox 982 291 1049 330; x_wconf 90' lang='lat' dir='ltr'>per</span> <span class='ocrx_word' id='word_1_10' title='bbox 1079 291 1145 316; x_wconf 88' lang='lat' dir='ltr'>eos</span> <span class='ocrx_word' id='word_1_11' title='bbox 1166 279 1232 329; x_wconf 87' lang='lat' dir='ltr'>qui</span> <span class='ocrx_word' id='word_1_12' title='bbox 1259 280 1403 318; x_wconf 81' lang='lat' dir='ltr'>usitata</span> <span class='ocrx_word' id='word_1_13' title='bbox 1431 280 1597 318; x_wconf 87' lang='lat' dir='ltr'>retinue-</span> 
     </span>
     <span class='ocr_line' id='line_1_3' title="bbox 134 340 1595 396; baseline -0.002 -13"><span class='ocrx_word' id='word_1_14' title='bbox 134 352 235 391; x_wconf 87' lang='lat' dir='ltr'>runt,</span> <span class='ocrx_word' id='word_1_15' title='bbox 253 344 320 382; x_wconf 90' lang='lat' dir='ltr'>sed</span> <span class='ocrx_word' id='word_1_16' title='bbox 336 356 468 383; x_wconf 88' lang='lat' dir='ltr'>eorum</span> <span class='ocrx_word' id='word_1_17' title='bbox 485 357 601 396; x_wconf 87' lang='lat' dir='ltr'>opera</span> <span class='ocrx_word' id='word_1_18' title='bbox 619 342 684 394; x_wconf 92' lang='lat' dir='ltr'>qui</span> <span class='ocrx_word' id='word_1_19' title='bbox 704 347 956 380; x_wconf 87' lang='lat' dir='ltr'>correxerunt</span> <span class='ocrx_word' id='word_1_20' title='bbox 973 340 1138 391; x_wconf 87' lang='lat' dir='ltr'>locoque</span> <span class='ocrx_word' id='word_1_21' title='bbox 1158 352 1310 379; x_wconf 85' lang='lat' dir='ltr'>movere</span> <span class='ocrx_word' id='word_1_22' title='bbox 1330 354 1448 392; x_wconf 85' lang='lat' dir='ltr'>prava</span> <span class='ocrx_word' id='word_1_23' title='bbox 1466 341 1595 381; x_wconf 83' lang='lat' dir='ltr'>omnia</span> 
     </span>
     <span class='ocr_line' id='line_1_4' title="bbox 130 406 456 444; baseline 0 -1"><span class='ocrx_word' id='word_1_24' title='bbox 130 419 208 444; x_wconf 89' lang='lat' dir='ltr'>non</span> <span class='ocrx_word' id='word_1_25' title='bbox 223 406 456 443; x_wconf 84' lang='lat' dir='ltr'>dubitarunt.</span> 
     </span>
    </p>

    <p class='ocr_par' dir='ltr' id='par_1_3' title="bbox 125 463 1598 1922">
     <span class='ocr_line' id='line_1_5' title="bbox 184 463 1595 517; baseline 0 -13"><span class='ocrx_word' id='word_1_26' title='bbox 184 469 221 504; x_wconf 90' lang='lat'>3.</span> <span class='ocrx_word' id='word_1_27' title='bbox 253 467 443 517; x_wconf 85' lang='lat' dir='ltr'><strong>Equidem</strong></span> <span class='ocrx_word' id='word_1_28' title='bbox 465 467 558 511; x_wconf 92' lang='lat' dir='ltr'>scio,</span> <span class='ocrx_word' id='word_1_29' title='bbox 582 479 696 517; x_wconf 85' lang='lat' dir='ltr'>quam</span> <span class='ocrx_word' id='word_1_30' title='bbox 712 466 763 504; x_wconf 84' lang='lat' dir='ltr'>sit</span> <span class='ocrx_word' id='word_1_31' title='bbox 780 464 934 503; x_wconf 88' lang='lat' dir='ltr'>difficile</span> <span class='ocrx_word' id='word_1_32' title='bbox 949 464 985 502; x_wconf 86' lang='lat' dir='ltr'>id</span> <span class='ocrx_word' id='word_1_33' title='bbox 1006 463 1111 515; x_wconf 90' lang='lat' dir='ltr'>quod</span> <span class='ocrx_word' id='word_1_34' title='bbox 1130 463 1302 502; x_wconf 80' lang='lat' dir='ltr'>facturus</span> <span class='ocrx_word' id='word_1_35' title='bbox 1318 476 1391 515; x_wconf 83' lang='lat' dir='ltr'>ego</span> <span class='ocrx_word' id='word_1_36' title='bbox 1412 477 1509 511; x_wconf 88' lang='lat' dir='ltr'>sum,</span> <span class='ocrx_word' id='word_1_37' title='bbox 1526 465 1595 504; x_wconf 91' lang='lat' dir='ltr'>viri</span> 
     </span>
     <span class='ocr_line' id='line_1_6' title="bbox 128 526 1590 578; baseline 0.001 -13"><span class='ocrx_word' id='word_1_38' title='bbox 128 528 307 566; x_wconf 85' lang='lat' dir='ltr'>virtutem</span> <span class='ocrx_word' id='word_1_39' title='bbox 328 529 498 566; x_wconf 86' lang='lat' dir='ltr'>oratione</span> <span class='ocrx_word' id='word_1_40' title='bbox 514 528 724 565; x_wconf 89' lang='lat' dir='ltr'>celebrare.</span> <span class='ocrx_word' id='word_1_41' title='bbox 781 527 902 578; x_wconf 84' lang='lat' dir='ltr'>Cujus</span> <span class='ocrx_word' id='word_1_42' title='bbox 919 526 972 564; x_wconf 88' lang='lat' dir='ltr'>rei</span> <span class='ocrx_word' id='word_1_43' title='bbox 991 527 1147 577; x_wconf 84' lang='lat' dir='ltr'>signum</span> <span class='ocrx_word' id='word_1_44' title='bbox 1165 526 1263 564; x_wconf 88' lang='lat' dir='ltr'>illud</span> <span class='ocrx_word' id='word_1_45' title='bbox 1284 533 1344 564; x_wconf 89' lang='lat' dir='ltr'>est</span> <span class='ocrx_word' id='word_1_46' title='bbox 1359 527 1565 565; x_wconf 86' lang='lat' dir='ltr'>maximum</span> <span class='ocrx_word' id='word_1_47' title='bbox 1581 542 1590 566; x_wconf 72' lang='grc' dir='ltr'>ι</span> 
     </span>
     <span class='ocr_line' id='line_1_7' title="bbox 131 585 1592 640; baseline 0 -14"><span class='ocrx_word' id='word_1_48' title='bbox 131 589 236 640; x_wconf 90' lang='lat' dir='ltr'>quod</span> <span class='ocrx_word' id='word_1_49' title='bbox 256 590 429 626; x_wconf 88' lang='lat' dir='ltr'>homines</span> <span class='ocrx_word' id='word_1_50' title='bbox 450 589 587 626; x_wconf 88' lang='lat' dir='ltr'>eruditi</span> <span class='ocrx_word' id='word_1_51' title='bbox 605 588 653 626; x_wconf 88' lang='lat' dir='ltr'>de</span> <span class='ocrx_word' id='word_1_52' title='bbox 679 588 761 626; x_wconf 87' lang='lat' dir='ltr'>aliis</span> <span class='ocrx_word' id='word_1_53' title='bbox 777 588 906 625; x_wconf 88' lang='lat' dir='ltr'>multis</span> <span class='ocrx_word' id='word_1_54' title='bbox 927 585 1118 638; x_wconf 82' lang='lat' dir='ltr'>variisque</span> <span class='ocrx_word' id='word_1_55' title='bbox 1147 588 1258 626; x_wconf 90' lang='lat' dir='ltr'>rebus</span> <span class='ocrx_word' id='word_1_56' title='bbox 1285 587 1412 625; x_wconf 85' lang='lat' dir='ltr'>dicere</span> <span class='ocrx_word' id='word_1_57' title='bbox 1432 589 1592 634; x_wconf 86' lang='lat' dir='ltr'>audent,</span> 
     </span>
     <span class='ocr_line' id='line_1_8' title="bbox 128 649 1591 700; baseline 0.001 -14"><span class='ocrx_word' id='word_1_58' title='bbox 128 650 168 686; x_wconf 89' lang='lat' dir='ltr'>in</span> <span class='ocrx_word' id='word_1_59' title='bbox 199 650 274 687; x_wconf 89' lang='lat' dir='ltr'>hoc</span> <span class='ocrx_word' id='word_1_60' title='bbox 305 662 392 687; x_wconf 88' lang='lat' dir='ltr'>vero</span> <span class='ocrx_word' id='word_1_61' title='bbox 418 663 558 700; x_wconf 84' lang='lat' dir='ltr'>genere</span> <span class='ocrx_word' id='word_1_62' title='bbox 589 662 701 687; x_wconf 91' lang='lat' dir='ltr'>nemo</span> <span class='ocrx_word' id='word_1_63' title='bbox 729 649 882 686; x_wconf 89' lang='lat' dir='ltr'>illorum</span> <span class='ocrx_word' id='word_1_64' title='bbox 913 662 1084 700; x_wconf 89' lang='lat' dir='ltr'>unquam</span> <span class='ocrx_word' id='word_1_65' title='bbox 1114 649 1357 687; x_wconf 87' lang='lat' dir='ltr'>scribendum</span> <span class='ocrx_word' id='word_1_66' title='bbox 1385 650 1591 700; x_wconf 79' lang='lat' dir='ltr'>quicquam</span> 
     </span>
     <span class='ocr_line' id='line_1_9' title="bbox 128 710 1592 762; baseline -0.001 -13"><span class='ocrx_word' id='word_1_67' title='bbox 128 713 310 762; x_wconf 86' lang='lat' dir='ltr'>suscepit.</span> <span class='ocrx_word' id='word_1_68' title='bbox 367 711 412 748; x_wconf 94' lang='lat' dir='ltr'>Id</span> <span class='ocrx_word' id='word_1_69' title='bbox 447 712 552 761; x_wconf 90' lang='lat' dir='ltr'>quod</span> <span class='ocrx_word' id='word_1_70' title='bbox 587 711 642 749; x_wconf 85' lang='lat' dir='ltr'>eis</span> <span class='ocrx_word' id='word_1_71' title='bbox 675 710 791 762; x_wconf 84' lang='lat' dir='ltr'>plane</span> <span class='ocrx_word' id='word_1_72' title='bbox 828 711 1113 761; x_wconf 84' lang='lat' dir='ltr'>ignoscendum</span> <span class='ocrx_word' id='word_1_73' title='bbox 1150 724 1238 748; x_wconf 86' lang='lat' dir='ltr'>esse</span> <span class='ocrx_word' id='word_1_74' title='bbox 1276 724 1432 749; x_wconf 85' lang='lat' dir='ltr'>censeo.</span> <span class='ocrx_word' id='word_1_75' title='bbox 1492 712 1592 749; x_wconf 89' lang='lat' dir='ltr'>Nam</span> 
     </span>
     <span class='ocr_line' id='line_1_10' title="bbox 131 772 1593 824; baseline 0.001 -14"><span class='ocrx_word' id='word_1_76' title='bbox 131 774 253 824; x_wconf 88' lang='lat' dir='ltr'>poetis</span> <span class='ocrx_word' id='word_1_77' title='bbox 273 781 498 811; x_wconf 88' lang='lat' dir='ltr'>ornamenta</span> <span class='ocrx_word' id='word_1_78' title='bbox 518 773 642 810; x_wconf 89' lang='lat' dir='ltr'>multa</span> <span class='ocrx_word' id='word_1_79' title='bbox 668 786 857 810; x_wconf 88' lang='lat' dir='ltr'>concessa</span> <span class='ocrx_word' id='word_1_80' title='bbox 878 779 989 810; x_wconf 90' lang='lat' dir='ltr'>sunt:</span> <span class='ocrx_word' id='word_1_81' title='bbox 1021 772 1065 810; x_wconf 86' lang='lat' dir='ltr'>iis</span> <span class='ocrx_word' id='word_1_82' title='bbox 1086 773 1188 810; x_wconf 87' lang='lat' dir='ltr'>enim</span> <span class='ocrx_word' id='word_1_83' title='bbox 1208 773 1297 810; x_wconf 91' lang='lat' dir='ltr'>licet</span> <span class='ocrx_word' id='word_1_84' title='bbox 1319 773 1411 811; x_wconf 87' lang='lat' dir='ltr'>deos</span> <span class='ocrx_word' id='word_1_85' title='bbox 1434 773 1593 812; x_wconf 84' lang='lat' dir='ltr'>miscere</span> 
     </span>
     <span class='ocr_line' id='line_1_11' title="bbox 131 834 1594 884; baseline 0.001 -12"><span class='ocrx_word' id='word_1_86' title='bbox 131 834 329 873; x_wconf 89' lang='lat' dir='ltr'>hominum</span> <span class='ocrx_word' id='word_1_87' title='bbox 361 835 542 880; x_wconf 84' lang='lat' dir='ltr'>coetibus,</span> <span class='ocrx_word' id='word_1_88' title='bbox 573 847 618 872; x_wconf 86' lang='lat' dir='ltr'>ac</span> <span class='ocrx_word' id='word_1_89' title='bbox 648 834 895 872; x_wconf 78' lang='lat' dir='ltr'>introducere</span> <span class='ocrx_word' id='word_1_90' title='bbox 926 834 1198 884; x_wconf 85' lang='lat' dir='ltr'>colloquentes</span> <span class='ocrx_word' id='word_1_91' title='bbox 1232 841 1270 871; x_wconf 91' lang='lat' dir='ltr'>et</span> <span class='ocrx_word' id='word_1_92' title='bbox 1297 834 1524 884; x_wconf 87' lang='lat' dir='ltr'>adjuvantes</span> <span class='ocrx_word' id='word_1_93' title='bbox 1556 836 1594 873; x_wconf 90' lang='lat' dir='ltr'>in</span> 
     </span>
     <span class='ocr_line' id='line_1_12' title="bbox 132 896 1594 948; baseline 0 -14"><span class='ocrx_word' id='word_1_94' title='bbox 132 896 271 948; x_wconf 88' lang='lat' dir='ltr'>praeliis</span> <span class='ocrx_word' id='word_1_95' title='bbox 299 896 520 946; x_wconf 83' lang='lat' dir='ltr'>quoslibet:</span> <span class='ocrx_word' id='word_1_96' title='bbox 552 902 667 946; x_wconf 86' lang='lat' dir='ltr'>atque</span> <span class='ocrx_word' id='word_1_97' title='bbox 694 896 780 934; x_wconf 88' lang='lat' dir='ltr'>haec</span> <span class='ocrx_word' id='word_1_98' title='bbox 807 896 942 933; x_wconf 89' lang='lat' dir='ltr'>eadem</span> <span class='ocrx_word' id='word_1_99' title='bbox 969 896 1165 946; x_wconf 88' lang='lat' dir='ltr'>explicare</span> <span class='ocrx_word' id='word_1_100' title='bbox 1190 896 1315 932; x_wconf 86' lang='lat' dir='ltr'>verbis</span> <span class='ocrx_word' id='word_1_101' title='bbox 1344 909 1421 933; x_wconf 91' lang='lat' dir='ltr'>non</span> <span class='ocrx_word' id='word_1_102' title='bbox 1442 903 1594 934; x_wconf 87' lang='lat' dir='ltr'>tantum</span> 
     </span>
     <span class='ocr_line' id='line_1_13' title="bbox 134 957 1595 1008; baseline 0.001 -13"><span class='ocrx_word' id='word_1_103' title='bbox 134 957 296 1003; x_wconf 86' lang='lat' dir='ltr'>usitatis,</span> <span class='ocrx_word' id='word_1_104' title='bbox 312 957 380 995; x_wconf 90' lang='lat' dir='ltr'>sed</span> <span class='ocrx_word' id='word_1_105' title='bbox 399 958 474 995; x_wconf 84' lang='lat' dir='ltr'>alia</span> <span class='ocrx_word' id='word_1_106' title='bbox 493 957 719 1008; x_wconf 85' lang='lat' dir='ltr'>peregrinis,</span> <span class='ocrx_word' id='word_1_107' title='bbox 740 957 814 995; x_wconf 86' lang='lat' dir='ltr'>alia</span> <span class='ocrx_word' id='word_1_108' title='bbox 839 957 962 1003; x_wconf 87' lang='lat' dir='ltr'>novis,</span> <span class='ocrx_word' id='word_1_109' title='bbox 989 957 1063 994; x_wconf 88' lang='lat' dir='ltr'>alia</span> <span class='ocrx_word' id='word_1_110' title='bbox 1090 957 1301 1001; x_wconf 82' lang='lat' dir='ltr'>translatis,</span> <span class='ocrx_word' id='word_1_111' title='bbox 1318 957 1409 994; x_wconf 88' lang='lat' dir='ltr'>nihil</span> <span class='ocrx_word' id='word_1_112' title='bbox 1431 958 1595 1008; x_wconf 85' lang='lat' dir='ltr'>denique</span> 
     </span>
     <span class='ocr_line' id='line_1_14' title="bbox 130 1018 1593 1070; baseline 0.002 -15"><span class='ocrx_word' id='word_1_113' title='bbox 130 1019 419 1068; x_wconf 70' lang='lat' dir='ltr'>praetermittere</span> <span class='ocrx_word' id='word_1_114' title='bbox 447 1032 524 1069; x_wconf 89' lang='lat' dir='ltr'>quo</span> <span class='ocrx_word' id='word_1_115' title='bbox 550 1019 693 1069; x_wconf 86' lang='lat' dir='ltr'>poesim</span> <span class='ocrx_word' id='word_1_116' title='bbox 720 1024 866 1069; x_wconf 83' lang='lat' dir='ltr'>queant</span> <span class='ocrx_word' id='word_1_117' title='bbox 893 1019 1102 1068; x_wconf 86' lang='lat' dir='ltr'>figurarum</span> <span class='ocrx_word' id='word_1_118' title='bbox 1136 1018 1240 1055; x_wconf 89' lang='lat' dir='ltr'>omni</span> <span class='ocrx_word' id='word_1_119' title='bbox 1261 1032 1403 1070; x_wconf 84' lang='lat' dir='ltr'>genere</span> <span class='ocrx_word' id='word_1_120' title='bbox 1425 1020 1593 1058; x_wconf 84' lang='lat' dir='ltr'>variare:</span> 
     </span>
     <span class='ocr_line' id='line_1_15' title="bbox 132 1080 1597 1131; baseline 0.001 -12"><span class='ocrx_word' id='word_1_121' title='bbox 132 1088 301 1119; x_wconf 86' lang='lat' dir='ltr'>oratores</span> <span class='ocrx_word' id='word_1_122' title='bbox 319 1088 446 1119; x_wconf 88' lang='lat' dir='ltr'>autem</span> <span class='ocrx_word' id='word_1_123' title='bbox 469 1081 613 1118; x_wconf 90' lang='lat' dir='ltr'>nullam</span> <span class='ocrx_word' id='word_1_124' title='bbox 629 1081 851 1131; x_wconf 89' lang='lat' dir='ltr'>hujusmodi</span> <span class='ocrx_word' id='word_1_125' title='bbox 868 1081 1090 1118; x_wconf 84' lang='lat' dir='ltr'>facultatem</span> <span class='ocrx_word' id='word_1_126' title='bbox 1105 1080 1262 1125; x_wconf 85' lang='lat' dir='ltr'>habent,</span> <span class='ocrx_word' id='word_1_127' title='bbox 1278 1081 1345 1118; x_wconf 87' lang='lat' dir='ltr'>sed</span> <span class='ocrx_word' id='word_1_128' title='bbox 1369 1095 1454 1118; x_wconf 86' lang='lat' dir='ltr'>cum</span> <span class='ocrx_word' id='word_1_129' title='bbox 1469 1084 1597 1122; x_wconf 88' lang='lat' dir='ltr'>verbis</span> 
     </span>
     <span class='ocr_line' id='line_1_16' title="bbox 129 1141 1595 1194; baseline 0.001 -14"><span class='ocrx_word' id='word_1_130' title='bbox 129 1142 297 1194; x_wconf 81' lang='lat' dir='ltr'>vulgatis</span> <span class='ocrx_word' id='word_1_131' title='bbox 319 1143 442 1180; x_wconf 87' lang='lat' dir='ltr'>solum</span> <span class='ocrx_word' id='word_1_132' title='bbox 464 1150 545 1180; x_wconf 88' lang='lat' dir='ltr'>tum</span> <span class='ocrx_word' id='word_1_133' title='bbox 571 1143 616 1180; x_wconf 88' lang='lat' dir='ltr'>iis</span> <span class='ocrx_word' id='word_1_134' title='bbox 637 1143 692 1179; x_wconf 90' lang='lat' dir='ltr'>uti</span> <span class='ocrx_word' id='word_1_135' title='bbox 711 1142 912 1180; x_wconf 88' lang='lat' dir='ltr'>sententiis</span> <span class='ocrx_word' id='word_1_136' title='bbox 932 1155 1028 1192; x_wconf 85' lang='lat' dir='ltr'>quas</span> <span class='ocrx_word' id='word_1_137' title='bbox 1050 1154 1107 1179; x_wconf 87' lang='lat' dir='ltr'>res</span> <span class='ocrx_word' id='word_1_138' title='bbox 1128 1141 1222 1192; x_wconf 83' lang='lat' dir='ltr'>ipsae</span> <span class='ocrx_word' id='word_1_139' title='bbox 1243 1143 1494 1192; x_wconf 88' lang='lat' dir='ltr'>suppeditant</span> <span class='ocrx_word' id='word_1_140' title='bbox 1513 1157 1595 1181; x_wconf 92' lang='lat' dir='ltr'>om-</span> 
     </span>
     <span class='ocr_line' id='line_1_17' title="bbox 133 1205 1592 1258; baseline 0.001 -15"><span class='ocrx_word' id='word_1_141' title='bbox 133 1207 221 1245; x_wconf 90' lang='lat' dir='ltr'>nino</span> <span class='ocrx_word' id='word_1_142' title='bbox 241 1214 445 1258; x_wconf 83' lang='lat' dir='ltr'>coguntur.</span> <span class='ocrx_word' id='word_1_143' title='bbox 503 1207 589 1244; x_wconf 86' lang='lat' dir='ltr'>Jam</span> <span class='ocrx_word' id='word_1_144' title='bbox 618 1207 673 1243; x_wconf 92' lang='lat' dir='ltr'>illi</span> <span class='ocrx_word' id='word_1_145' title='bbox 690 1206 864 1243; x_wconf 86' lang='lat' dir='ltr'>versibus</span> <span class='ocrx_word' id='word_1_146' title='bbox 885 1212 922 1243; x_wconf 89' lang='lat' dir='ltr'>et</span> <span class='ocrx_word' id='word_1_147' title='bbox 941 1205 1108 1242; x_wconf 89' lang='lat' dir='ltr'>numeris</span> <span class='ocrx_word' id='word_1_148' title='bbox 1137 1205 1360 1242; x_wconf 84' lang='lat' dir='ltr'>devinciunt</span> <span class='ocrx_word' id='word_1_149' title='bbox 1391 1205 1534 1252; x_wconf 83' lang='lat' dir='ltr'>omnia,</span> <span class='ocrx_word' id='word_1_150' title='bbox 1554 1206 1592 1244; x_wconf 93' lang='lat' dir='ltr'>hi</span> 
     </span>
     <span class='ocr_line' id='line_1_18' title="bbox 131 1266 1597 1319; baseline 0 -14"><span class='ocrx_word' id='word_1_151' title='bbox 131 1268 279 1305; x_wconf 90' lang='lat' dir='ltr'>nullum</span> <span class='ocrx_word' id='word_1_152' title='bbox 313 1269 390 1306; x_wconf 90' lang='lat' dir='ltr'>tale</span> <span class='ocrx_word' id='word_1_153' title='bbox 419 1268 686 1319; x_wconf 87' lang='lat' dir='ltr'>adjumentum</span> <span class='ocrx_word' id='word_1_154' title='bbox 716 1267 884 1305; x_wconf 84' lang='lat' dir='ltr'>habent:</span> <span class='ocrx_word' id='word_1_155' title='bbox 917 1267 1056 1316; x_wconf 90' lang='lat' dir='ltr'>quibus</span> <span class='ocrx_word' id='word_1_156' title='bbox 1085 1266 1123 1303; x_wconf 90' lang='lat' dir='ltr'>in</span> <span class='ocrx_word' id='word_1_157' title='bbox 1156 1267 1272 1303; x_wconf 88' lang='lat' dir='ltr'>rebus</span> <span class='ocrx_word' id='word_1_158' title='bbox 1302 1274 1452 1303; x_wconf 86' lang='lat' dir='ltr'>tantum</span> <span class='ocrx_word' id='word_1_159' title='bbox 1479 1280 1597 1305; x_wconf 83' lang='lat' dir='ltr'>venu-</span> 
     </span>
     <span class='ocr_line' id='line_1_19' title="bbox 128 1328 1596 1379; baseline -0.001 -11"><span class='ocrx_word' id='word_1_160' title='bbox 128 1330 239 1368; x_wconf 87' lang='lat' dir='ltr'>statis</span> <span class='ocrx_word' id='word_1_161' title='bbox 269 1330 382 1376; x_wconf 89' lang='lat' dir='ltr'>inest,</span> <span class='ocrx_word' id='word_1_162' title='bbox 410 1337 465 1374; x_wconf 87' lang='lat' dir='ltr'>ut,</span> <span class='ocrx_word' id='word_1_163' title='bbox 496 1329 569 1368; x_wconf 84' lang='lat' dir='ltr'>etsi</span> <span class='ocrx_word' id='word_1_164' title='bbox 590 1342 716 1379; x_wconf 86' lang='lat' dir='ltr'>neque</span> <span class='ocrx_word' id='word_1_165' title='bbox 737 1329 855 1367; x_wconf 72' lang='lat' dir='ltr'>yerba</span> <span class='ocrx_word' id='word_1_166' title='bbox 875 1336 1096 1378; x_wconf 84' lang='lat' dir='ltr'>poematum</span> <span class='ocrx_word' id='word_1_167' title='bbox 1118 1340 1244 1377; x_wconf 90' lang='lat' dir='ltr'>neque</span> <span class='ocrx_word' id='word_1_168' title='bbox 1273 1328 1474 1365; x_wconf 88' lang='lat' dir='ltr'>sententiae</span> <span class='ocrx_word' id='word_1_169' title='bbox 1495 1342 1596 1379; x_wconf 83' lang='lat' dir='ltr'>prae-</span> 
     </span>
     <span class='ocr_line' id='line_1_20' title="bbox 128 1389 1596 1442; baseline -0.002 -12"><span class='ocrx_word' id='word_1_170' title='bbox 128 1392 244 1430; x_wconf 84' lang='lat' dir='ltr'>clarae</span> <span class='ocrx_word' id='word_1_171' title='bbox 266 1392 417 1437; x_wconf 85' lang='lat' dir='ltr'>fuerint,</span> <span class='ocrx_word' id='word_1_172' title='bbox 444 1392 529 1442; x_wconf 83' lang='lat' dir='ltr'>ipsa</span> <span class='ocrx_word' id='word_1_173' title='bbox 547 1398 675 1428; x_wconf 90' lang='lat' dir='ltr'>tamen</span> <span class='ocrx_word' id='word_1_174' title='bbox 705 1389 948 1428; x_wconf 84' lang='lat' dir='ltr'>concinnitas</span> <span class='ocrx_word' id='word_1_175' title='bbox 977 1401 1222 1425; x_wconf 85' lang='lat' dir='ltr'>numerorum</span> <span class='ocrx_word' id='word_1_176' title='bbox 1246 1395 1426 1439; x_wconf 85' lang='lat' dir='ltr'>aptaeque</span> <span class='ocrx_word' id='word_1_177' title='bbox 1447 1389 1596 1428; x_wconf 89' lang='lat' dir='ltr'>dimen-</span> 
     </span>
     <span class='ocr_line' id='line_1_21' title="bbox 130 1449 1598 1503; baseline -0.001 -12"><span class='ocrx_word' id='word_1_178' title='bbox 130 1453 257 1491; x_wconf 89' lang='lat' dir='ltr'>siones</span> <span class='ocrx_word' id='word_1_179' title='bbox 284 1453 534 1491; x_wconf 86' lang='lat' dir='ltr'>demulceant</span> <span class='ocrx_word' id='word_1_180' title='bbox 552 1451 763 1490; x_wconf 84' lang='lat' dir='ltr'>auditores.</span> <span class='ocrx_word' id='word_1_181' title='bbox 821 1450 920 1494; x_wconf 86' lang='lat' dir='ltr'>Quae</span> <span class='ocrx_word' id='word_1_182' title='bbox 941 1449 1031 1500; x_wconf 85' lang='lat' dir='ltr'>quid</span> <span class='ocrx_word' id='word_1_183' title='bbox 1056 1449 1211 1487; x_wconf 88' lang='lat' dir='ltr'>valeant</span> <span class='ocrx_word' id='word_1_184' title='bbox 1229 1450 1290 1487; x_wconf 89' lang='lat' dir='ltr'>vel</span> <span class='ocrx_word' id='word_1_185' title='bbox 1309 1463 1357 1487; x_wconf 87' lang='lat' dir='ltr'>ex</span> <span class='ocrx_word' id='word_1_186' title='bbox 1375 1462 1422 1488; x_wconf 89' lang='lat' dir='ltr'>eo</span> <span class='ocrx_word' id='word_1_187' title='bbox 1449 1452 1598 1503; x_wconf 86' lang='lat' dir='ltr'>perspi-</span> 
     </span>
     <span class='ocr_line' id='line_1_22' title="bbox 128 1511 1594 1565; baseline -0.002 -12"><span class='ocrx_word' id='word_1_188' title='bbox 128 1516 252 1553; x_wconf 87' lang='lat' dir='ltr'>citur:</span> <span class='ocrx_word' id='word_1_189' title='bbox 281 1515 387 1565; x_wconf 92' lang='lat' dir='ltr'>quod</span> <span class='ocrx_word' id='word_1_190' title='bbox 420 1514 533 1552; x_wconf 88' lang='lat' dir='ltr'>etiam</span> <span class='ocrx_word' id='word_1_191' title='bbox 562 1513 723 1550; x_wconf 88' lang='lat' dir='ltr'>laudata</span> <span class='ocrx_word' id='word_1_192' title='bbox 754 1518 936 1563; x_wconf 81' lang='lat' dir='ltr'>poemata</span> <span class='ocrx_word' id='word_1_193' title='bbox 967 1512 998 1548; x_wconf 89' lang='lat' dir='ltr'>si</span> <span class='ocrx_word' id='word_1_194' title='bbox 1019 1511 1104 1561; x_wconf 89' lang='lat' dir='ltr'>quis</span> <span class='ocrx_word' id='word_1_195' title='bbox 1133 1523 1265 1548; x_wconf 91' lang='lat' dir='ltr'>eorum</span> <span class='ocrx_word' id='word_1_196' title='bbox 1295 1512 1412 1549; x_wconf 89' lang='lat' dir='ltr'>verba</span> <span class='ocrx_word' id='word_1_197' title='bbox 1440 1519 1594 1551; x_wconf 85' lang='lat' dir='ltr'>senten-</span> 
     </span>
     <span class='ocr_line' id='line_1_23' title="bbox 130 1568 1596 1626; baseline -0.001 -12"><span class='ocrx_word' id='word_1_198' title='bbox 130 1576 279 1626; x_wconf 82' lang='lat' dir='ltr'>tiasque</span> <span class='ocrx_word' id='word_1_199' title='bbox 299 1575 505 1626; x_wconf 89' lang='lat' dir='ltr'>reliquerit,</span> <span class='ocrx_word' id='word_1_200' title='bbox 521 1568 825 1613; x_wconf 32' lang='lat' dir='ltr'>versum-autem</span> <span class='ocrx_word' id='word_1_201' title='bbox 861 1572 1089 1617; x_wconf 84' lang='lat' dir='ltr'>dissolverit,</span> <span class='ocrx_word' id='word_1_202' title='bbox 1111 1586 1158 1610; x_wconf 87' lang='lat' dir='ltr'>ea</span> <span class='ocrx_word' id='word_1_203' title='bbox 1186 1586 1302 1623; x_wconf 87' lang='lat' dir='ltr'>quam</span> <span class='ocrx_word' id='word_1_204' title='bbox 1337 1587 1441 1612; x_wconf 87' lang='lat' dir='ltr'>nunc</span> <span class='ocrx_word' id='word_1_205' title='bbox 1468 1575 1515 1612; x_wconf 88' lang='lat' dir='ltr'>de</span> <span class='ocrx_word' id='word_1_206' title='bbox 1542 1576 1596 1614; x_wconf 90' lang='lat' dir='ltr'>eis</span> 
     </span>
     <span class='ocr_line' id='line_1_24' title="bbox 130 1634 1595 1687; baseline 0.001 -13"><span class='ocrx_word' id='word_1_207' title='bbox 130 1637 317 1675; x_wconf 87' lang='lat' dir='ltr'>habemus</span> <span class='ocrx_word' id='word_1_208' title='bbox 356 1637 537 1687; x_wconf 90' lang='lat' dir='ltr'>opinione</span> <span class='ocrx_word' id='word_1_209' title='bbox 574 1636 696 1673; x_wconf 89' lang='lat' dir='ltr'>multo</span> <span class='ocrx_word' id='word_1_210' title='bbox 733 1635 926 1673; x_wconf 87' lang='lat' dir='ltr'>deteriora</span> <span class='ocrx_word' id='word_1_211' title='bbox 963 1634 1181 1671; x_wconf 88' lang='lat' dir='ltr'>videantur.</span> <span class='ocrx_word' id='word_1_212' title='bbox 1240 1636 1427 1677; x_wconf 81' lang='lat' dir='ltr'>Quamvis</span> <span class='ocrx_word' id='word_1_213' title='bbox 1466 1643 1595 1675; x_wconf 85' lang='lat' dir='ltr'>autem</span> 
     </span>
     <span class='ocr_line' id='line_1_25' title="bbox 128 1696 1593 1749; baseline 0 -13"><span class='ocrx_word' id='word_1_214' title='bbox 128 1698 256 1749; x_wconf 91' lang='lat' dir='ltr'>poesis</span> <span class='ocrx_word' id='word_1_215' title='bbox 278 1705 395 1736; x_wconf 80' lang='lat' dir='ltr'>tantae</span> <span class='ocrx_word' id='word_1_216' title='bbox 416 1698 494 1736; x_wconf 90' lang='lat' dir='ltr'>sint</span> <span class='ocrx_word' id='word_1_217' title='bbox 518 1696 828 1742; x_wconf 86' lang='lat' dir='ltr'>commoditates,</span> <span class='ocrx_word' id='word_1_218' title='bbox 849 1709 926 1733; x_wconf 90' lang='lat' dir='ltr'>non</span> <span class='ocrx_word' id='word_1_219' title='bbox 954 1703 1160 1747; x_wconf 88' lang='lat' dir='ltr'>propterea</span> <span class='ocrx_word' id='word_1_220' title='bbox 1185 1703 1312 1734; x_wconf 87' lang='lat' dir='ltr'>tamen</span> <span class='ocrx_word' id='word_1_221' title='bbox 1343 1699 1593 1745; x_wconf 84' lang='lat' dir='ltr'>cessandum,</span> 
     </span>
     <span class='ocr_line' id='line_1_26' title="bbox 127 1757 1594 1811; baseline 0 -13"><span class='ocrx_word' id='word_1_222' title='bbox 127 1760 195 1798; x_wconf 88' lang='lat' dir='ltr'>sed</span> <span class='ocrx_word' id='word_1_223' title='bbox 215 1760 428 1811; x_wconf 88' lang='lat' dir='ltr'>periculum</span> <span class='ocrx_word' id='word_1_224' title='bbox 450 1758 671 1797; x_wconf 87' lang='lat' dir='ltr'>faciendum</span> <span class='ocrx_word' id='word_1_225' title='bbox 691 1767 751 1796; x_wconf 91' lang='lat' dir='ltr'>est</span> <span class='ocrx_word' id='word_1_226' title='bbox 779 1771 828 1796; x_wconf 90' lang='lat' dir='ltr'>an</span> <span class='ocrx_word' id='word_1_227' title='bbox 855 1758 969 1795; x_wconf 86' lang='lat' dir='ltr'>etiam</span> <span class='ocrx_word' id='word_1_228' title='bbox 995 1757 1166 1796; x_wconf 85' lang='lat' dir='ltr'>oratione</span> <span class='ocrx_word' id='word_1_229' title='bbox 1188 1758 1304 1795; x_wconf 87' lang='lat' dir='ltr'>fortes</span> <span class='ocrx_word' id='word_1_230' title='bbox 1325 1758 1391 1797; x_wconf 89' lang='lat' dir='ltr'>viri</span> <span class='ocrx_word' id='word_1_231' title='bbox 1411 1759 1594 1798; x_wconf 85' lang='lat' dir='ltr'>celebrari</span> 
     </span>
     <span class='ocr_line' id='line_1_27' title="bbox 127 1819 1593 1873; baseline 0.001 -13"><span class='ocrx_word' id='word_1_232' title='bbox 127 1823 290 1873; x_wconf 89' lang='lat' dir='ltr'>possint,</span> <span class='ocrx_word' id='word_1_233' title='bbox 310 1835 356 1860; x_wconf 89' lang='lat' dir='ltr'>ac</span> <span class='ocrx_word' id='word_1_234' title='bbox 385 1821 505 1859; x_wconf 88' lang='lat' dir='ltr'>nihilo</span> <span class='ocrx_word' id='word_1_235' title='bbox 525 1821 693 1859; x_wconf 88' lang='lat' dir='ltr'>deterius</span> <span class='ocrx_word' id='word_1_236' title='bbox 714 1833 829 1872; x_wconf 87' lang='lat' dir='ltr'>quam</span> <span class='ocrx_word' id='word_1_237' title='bbox 851 1821 899 1858; x_wconf 86' lang='lat' dir='ltr'>ab</span> <span class='ocrx_word' id='word_1_238' title='bbox 930 1819 975 1858; x_wconf 90' lang='lat' dir='ltr'>iis</span> <span class='ocrx_word' id='word_1_239' title='bbox 1003 1819 1068 1870; x_wconf 89' lang='lat' dir='ltr'>qui</span> <span class='ocrx_word' id='word_1_240' title='bbox 1098 1820 1329 1857; x_wconf 81' lang='lat' dir='ltr'>carminibus</span> <span class='ocrx_word' id='word_1_241' title='bbox 1362 1828 1400 1858; x_wconf 88' lang='lat' dir='ltr'>et</span> <span class='ocrx_word' id='word_1_242' title='bbox 1419 1822 1593 1861; x_wconf 88' lang='lat' dir='ltr'>versibus</span> 
     </span>
     <span class='ocr_line' id='line_1_28' title="bbox 125 1878 703 1922; baseline 0 -1"><span class='ocrx_word' id='word_1_243' title='bbox 125 1896 190 1922; x_wconf 86' lang='lat' dir='ltr'>eos</span> <span class='ocrx_word' id='word_1_244' title='bbox 206 1889 356 1922; x_wconf 86' lang='lat' dir='ltr'>ornant.</span> <span class='ocrx_word' id='word_1_245' title='bbox 700 1878 703 1881; x_wconf 62' lang='grc'><strong>’</strong></span> 
     </span>
    </p>

    <p class='ocr_par' dir='ltr' id='par_1_4' title="bbox 123 1943 1591 2425">
     <span class='ocr_line' id='line_1_29' title="bbox 180 1943 1591 1996; baseline 0.002 -15"><span class='ocrx_word' id='word_1_246' title='bbox 180 1947 218 1982; x_wconf 88' lang='grc'>4.</span> <span class='ocrx_word' id='word_1_247' title='bbox 246 1946 305 1983; x_wconf 89' lang='lat' dir='ltr'>Ac</span> <span class='ocrx_word' id='word_1_248' title='bbox 324 1945 486 1996; x_wconf 85' lang='lat' dir='ltr'>primum</span> <span class='ocrx_word' id='word_1_249' title='bbox 510 1944 557 1983; x_wconf 94' lang='lat' dir='ltr'>de</span> <span class='ocrx_word' id='word_1_250' title='bbox 588 1951 673 1982; x_wconf 90' lang='lat' dir='ltr'>ortu</span> <span class='ocrx_word' id='word_1_251' title='bbox 705 1950 822 1995; x_wconf 85' lang='lat' dir='ltr'>atque</span> <span class='ocrx_word' id='word_1_252' title='bbox 854 1943 1046 1981; x_wconf 81' lang='lat' dir='ltr'>natalibus</span> <span class='ocrx_word' id='word_1_253' title='bbox 1074 1944 1276 1993; x_wconf 83' lang='lat' dir='ltr'>Evagorae,</span> <span class='ocrx_word' id='word_1_254' title='bbox 1307 1945 1457 1982; x_wconf 82' lang='lat' dir='ltr'>tametsi</span> <span class='ocrx_word' id='word_1_255' title='bbox 1485 1959 1591 1984; x_wconf 88' lang='lat' dir='ltr'>com-</span> 
     </span>
     <span class='ocr_line' id='line_1_30' title="bbox 127 2005 1590 2057; baseline 0.002 -15"><span class='ocrx_word' id='word_1_256' title='bbox 127 2006 255 2057; x_wconf 86' lang='lat' dir='ltr'>plures</span> <span class='ocrx_word' id='word_1_257' title='bbox 278 2014 366 2044; x_wconf 88' lang='lat' dir='ltr'>ante</span> <span class='ocrx_word' id='word_1_258' title='bbox 387 2013 540 2052; x_wconf 86' lang='lat' dir='ltr'>norunt,</span> <span class='ocrx_word' id='word_1_259' title='bbox 562 2012 600 2044; x_wconf 85' lang='lat' dir='ltr'>et</span> <span class='ocrx_word' id='word_1_260' title='bbox 620 2006 710 2043; x_wconf 80' lang='lat' dir='ltr'>mihi</span> <span class='ocrx_word' id='word_1_261' title='bbox 730 2013 858 2043; x_wconf 87' lang='lat' dir='ltr'>tamen</span> <span class='ocrx_word' id='word_1_262' title='bbox 892 2005 1037 2054; x_wconf 89' lang='lat' dir='ltr'>aliquid</span> <span class='ocrx_word' id='word_1_263' title='bbox 1063 2011 1290 2042; x_wconf 82' lang='lat' dir='ltr'>caeterorum</span> <span class='ocrx_word' id='word_1_264' title='bbox 1318 2018 1438 2044; x_wconf 84' lang='lat' dir='ltr'>causa</span> <span class='ocrx_word' id='word_1_265' title='bbox 1457 2007 1590 2046; x_wconf 88' lang='lat' dir='ltr'>dicen-</span> 
     </span>
     <span class='ocr_line' id='line_1_31' title="bbox 127 2065 1590 2117; baseline 0.002 -14"><span class='ocrx_word' id='word_1_266' title='bbox 127 2067 217 2104; x_wconf 85' lang='lat' dir='ltr'>dum</span> <span class='ocrx_word' id='word_1_267' title='bbox 248 2081 332 2105; x_wconf 91' lang='lat' dir='ltr'>esse</span> <span class='ocrx_word' id='word_1_268' title='bbox 359 2068 523 2112; x_wconf 87' lang='lat' dir='ltr'>videtur,</span> <span class='ocrx_word' id='word_1_269' title='bbox 545 2074 587 2104; x_wconf 88' lang='lat' dir='ltr'>ut</span> <span class='ocrx_word' id='word_1_270' title='bbox 605 2080 740 2104; x_wconf 88' lang='lat' dir='ltr'>omnes</span> <span class='ocrx_word' id='word_1_271' title='bbox 761 2066 993 2117; x_wconf 79' lang='lat' dir='ltr'>intelligant,</span> <span class='ocrx_word' id='word_1_272' title='bbox 1016 2078 1102 2102; x_wconf 91' lang='lat' dir='ltr'>eum</span> <span class='ocrx_word' id='word_1_273' title='bbox 1124 2078 1146 2102; x_wconf 86' lang='lat' dir='ltr'>a</span> <span class='ocrx_word' id='word_1_274' title='bbox 1165 2065 1428 2115; x_wconf 85' lang='lat' dir='ltr'>pulcherrimis</span> <span class='ocrx_word' id='word_1_275' title='bbox 1450 2077 1487 2105; x_wconf 89' lang='lat' dir='ltr'>et</span> <span class='ocrx_word' id='word_1_276' title='bbox 1509 2082 1590 2107; x_wconf 88' lang='lat' dir='ltr'>ma-</span> 
     </span>
     <span class='ocr_line' id='line_1_32' title="bbox 125 2125 1589 2179; baseline 0.001 -14"><span class='ocrx_word' id='word_1_277' title='bbox 125 2128 239 2165; x_wconf 77' lang='lat' dir='ltr'>ximis</span> <span class='ocrx_word' id='word_1_278' title='bbox 258 2129 442 2179; x_wconf 85' lang='lat' dir='ltr'>exemplis</span> <span class='ocrx_word' id='word_1_279' title='bbox 462 2141 548 2178; x_wconf 89' lang='lat' dir='ltr'>quae</span> <span class='ocrx_word' id='word_1_280' title='bbox 568 2128 701 2166; x_wconf 87' lang='lat' dir='ltr'>relicta</span> <span class='ocrx_word' id='word_1_281' title='bbox 721 2128 792 2179; x_wconf 91' lang='lat' dir='ltr'>ipsi</span> <span class='ocrx_word' id='word_1_282' title='bbox 810 2128 964 2165; x_wconf 80' lang='lat' dir='ltr'>fuerant</span> <span class='ocrx_word' id='word_1_283' title='bbox 991 2126 1081 2163; x_wconf 88' lang='lat' dir='ltr'>nibil</span> <span class='ocrx_word' id='word_1_284' title='bbox 1100 2125 1374 2176; x_wconf 84' lang='lat' dir='ltr'>degenerasse.</span> <span class='ocrx_word' id='word_1_285' title='bbox 1434 2130 1535 2166; x_wconf 89' lang='lat' dir='ltr'>Nam</span> <span class='ocrx_word' id='word_1_286' title='bbox 1551 2130 1589 2167; x_wconf 92' lang='lat' dir='ltr'>in</span> 
     </span>
     <span class='ocr_line' id='line_1_33' title="bbox 125 2187 1591 2235; baseline 0.001 -8"><span class='ocrx_word' id='word_1_287' title='bbox 125 2190 306 2227; x_wconf 84' lang='lat' dir='ltr'>confesso</span> <span class='ocrx_word' id='word_1_288' title='bbox 336 2196 394 2227; x_wconf 90' lang='lat' dir='ltr'>est</span> <span class='ocrx_word' id='word_1_289' title='bbox 423 2189 607 2227; x_wconf 87' lang='lat' dir='ltr'>oriundos</span> <span class='ocrx_word' id='word_1_290' title='bbox 629 2202 651 2227; x_wconf 84' lang='lat' dir='ltr'>a</span> <span class='ocrx_word' id='word_1_291' title='bbox 671 2189 767 2226; x_wconf 87' lang='lat' dir='ltr'>Jove</span> <span class='ocrx_word' id='word_1_292' title='bbox 798 2187 1055 2226; x_wconf 85' lang='lat' dir='ltr'>semideorum</span> <span class='ocrx_word' id='word_1_293' title='bbox 1083 2200 1168 2225; x_wconf 87' lang='lat' dir='ltr'>esse</span> <span class='ocrx_word' id='word_1_294' title='bbox 1201 2188 1470 2235; x_wconf 85' lang='lat' dir='ltr'>nobilissimos,</span> <span class='ocrx_word' id='word_1_295' title='bbox 1493 2191 1591 2228; x_wconf 88' lang='lat' dir='ltr'>inter</span> 
     </span>
     <span class='ocr_line' id='line_1_34' title="bbox 124 2249 1588 2301; baseline 0.001 -13"><span class='ocrx_word' id='word_1_296' title='bbox 124 2250 195 2288; x_wconf 91' lang='lat' dir='ltr'>hos</span> <span class='ocrx_word' id='word_1_297' title='bbox 225 2251 327 2301; x_wconf 90' lang='lat' dir='ltr'>ipsos</span> <span class='ocrx_word' id='word_1_298' title='bbox 357 2257 485 2288; x_wconf 86' lang='lat' dir='ltr'>autem</span> <span class='ocrx_word' id='word_1_299' title='bbox 515 2263 629 2288; x_wconf 89' lang='lat' dir='ltr'>nemo</span> <span class='ocrx_word' id='word_1_300' title='bbox 662 2257 722 2288; x_wconf 90' lang='lat' dir='ltr'>est</span> <span class='ocrx_word' id='word_1_301' title='bbox 751 2250 842 2301; x_wconf 90' lang='lat' dir='ltr'>quin</span> <span class='ocrx_word' id='word_1_302' title='bbox 868 2249 1034 2287; x_wconf 87' lang='lat' dir='ltr'>AEacidis</span> <span class='ocrx_word' id='word_1_303' title='bbox 1065 2249 1320 2300; x_wconf 86' lang='lat' dir='ltr'>principatum</span> <span class='ocrx_word' id='word_1_304' title='bbox 1349 2250 1519 2289; x_wconf 88' lang='lat' dir='ltr'>deferat:</span> <span class='ocrx_word' id='word_1_305' title='bbox 1551 2253 1588 2289; x_wconf 91' lang='lat' dir='ltr'>in</span> 
     </span>
     <span class='ocr_line' id='line_1_35' title="bbox 124 2310 1586 2363; baseline 0 -13"><span class='ocrx_word' id='word_1_306' title='bbox 124 2312 208 2350; x_wconf 86' lang='lat' dir='ltr'>aliis</span> <span class='ocrx_word' id='word_1_307' title='bbox 229 2313 331 2350; x_wconf 89' lang='lat' dir='ltr'>enim</span> <span class='ocrx_word' id='word_1_308' title='bbox 352 2312 502 2350; x_wconf 86' lang='lat' dir='ltr'>familiis</span> <span class='ocrx_word' id='word_1_309' title='bbox 534 2312 629 2350; x_wconf 88' lang='lat' dir='ltr'>alios</span> <span class='ocrx_word' id='word_1_310' title='bbox 658 2312 945 2363; x_wconf 82' lang='lat' dir='ltr'>praestantiores</span> <span class='ocrx_word' id='word_1_311' title='bbox 977 2310 1073 2348; x_wconf 85' lang='lat' dir='ltr'>alios</span> <span class='ocrx_word' id='word_1_312' title='bbox 1104 2311 1313 2349; x_wconf 88' lang='lat' dir='ltr'>deteriores</span> <span class='ocrx_word' id='word_1_313' title='bbox 1335 2311 1586 2359; x_wconf 84' lang='lat' dir='ltr'>inveniemus,</span> 
     </span>
     <span class='ocr_line' id='line_1_36' title="bbox 123 2372 1361 2425; baseline 0 -14"><span class='ocrx_word' id='word_1_314' title='bbox 123 2374 162 2411; x_wconf 85' lang='lat' dir='ltr'>hi</span> <span class='ocrx_word' id='word_1_315' title='bbox 183 2387 271 2413; x_wconf 88' lang='lat' dir='ltr'>vero</span> <span class='ocrx_word' id='word_1_316' title='bbox 291 2375 369 2412; x_wconf 87' lang='lat' dir='ltr'>suis</span> <span class='ocrx_word' id='word_1_317' title='bbox 386 2374 625 2425; x_wconf 89' lang='lat' dir='ltr'>temporibus</span> <span class='ocrx_word' id='word_1_318' title='bbox 646 2387 778 2411; x_wconf 90' lang='lat' dir='ltr'>omnes</span> <span class='ocrx_word' id='word_1_319' title='bbox 801 2374 971 2412; x_wconf 91' lang='lat' dir='ltr'>omnium</span> <span class='ocrx_word' id='word_1_320' title='bbox 986 2372 1092 2410; x_wconf 88' lang='lat' dir='ltr'>fuere</span> <span class='ocrx_word' id='word_1_321' title='bbox 1112 2373 1361 2411; x_wconf 73' lang='lat' dir='ltr'>celeberrimi,</span> 
     </span>
    </p>

    <p class='ocr_par' dir='ltr' id='par_1_5' title="bbox 119 2435 1588 2980">
     <span class='ocr_line' id='line_1_37' title="bbox 177 2435 1588 2486; baseline 0.003 -14"><span class='ocrx_word' id='word_1_322' title='bbox 177 2438 214 2472; x_wconf 88' lang='lat'>5.</span> <span class='ocrx_word' id='word_1_323' title='bbox 245 2435 393 2473; x_wconf 86' lang='lat' dir='ltr'>AEacus</span> <span class='ocrx_word' id='word_1_324' title='bbox 410 2436 523 2480; x_wconf 90' lang='lat' dir='ltr'>enim,</span> <span class='ocrx_word' id='word_1_325' title='bbox 541 2436 606 2486; x_wconf 90' lang='lat' dir='ltr'>qui</span> <span class='ocrx_word' id='word_1_326' title='bbox 620 2442 657 2473; x_wconf 89' lang='lat' dir='ltr'>et</span> <span class='ocrx_word' id='word_1_327' title='bbox 671 2436 778 2474; x_wconf 87' lang='lat' dir='ltr'>Jovis</span> <span class='ocrx_word' id='word_1_328' title='bbox 793 2436 893 2474; x_wconf 86' lang='lat' dir='ltr'>filius</span> <span class='ocrx_word' id='word_1_329' title='bbox 913 2443 951 2473; x_wconf 89' lang='lat' dir='ltr'>et</span> <span class='ocrx_word' id='word_1_330' title='bbox 965 2435 1114 2486; x_wconf 82' lang='lat' dir='ltr'>generis</span> <span class='ocrx_word' id='word_1_331' title='bbox 1128 2435 1405 2473; x_wconf 83' lang='lat' dir='ltr'>Teucridarum</span> <span class='ocrx_word' id='word_1_332' title='bbox 1424 2436 1588 2476; x_wconf 90' lang='lat' dir='ltr'>habetur</span> 
     </span>
     <span class='ocr_line' id='line_1_38' title="bbox 119 2498 1585 2552; baseline 0.003 -17"><span class='ocrx_word' id='word_1_333' title='bbox 119 2504 266 2542; x_wconf 86' lang='lat' dir='ltr'>auctor,</span> <span class='ocrx_word' id='word_1_334' title='bbox 287 2505 438 2536; x_wconf 84' lang='lat' dir='ltr'>tantum</span> <span class='ocrx_word' id='word_1_335' title='bbox 459 2499 642 2537; x_wconf 87' lang='lat' dir='ltr'>excelluit</span> <span class='ocrx_word' id='word_1_336' title='bbox 660 2506 702 2537; x_wconf 90' lang='lat' dir='ltr'>ut</span> <span class='ocrx_word' id='word_1_337' title='bbox 730 2499 902 2537; x_wconf 84' lang='lat' dir='ltr'>siccitate</span> <span class='ocrx_word' id='word_1_338' title='bbox 930 2506 1130 2549; x_wconf 86' lang='lat' dir='ltr'>premente</span> <span class='ocrx_word' id='word_1_339' title='bbox 1161 2498 1355 2536; x_wconf 84' lang='lat' dir='ltr'>Graeciam</span> <span class='ocrx_word' id='word_1_340' title='bbox 1376 2501 1585 2552; x_wconf 86' lang='lat' dir='ltr'>multisque</span> 
     </span>
     <span class='ocr_line' id='line_1_39' title="bbox 123 2559 1585 2611; baseline 0.003 -15"><span class='ocrx_word' id='word_1_341' title='bbox 123 2560 347 2597; x_wconf 85' lang='lat' dir='ltr'>mortalibus</span> <span class='ocrx_word' id='word_1_342' title='bbox 367 2560 582 2606; x_wconf 86' lang='lat' dir='ltr'>exstinctis,</span> <span class='ocrx_word' id='word_1_343' title='bbox 601 2574 718 2611; x_wconf 89' lang='lat' dir='ltr'>quum</span> <span class='ocrx_word' id='word_1_344' title='bbox 744 2564 826 2609; x_wconf 86' lang='lat' dir='ltr'>jam</span> <span class='ocrx_word' id='word_1_345' title='bbox 847 2560 940 2598; x_wconf 87' lang='lat' dir='ltr'>nihil</span> <span class='ocrx_word' id='word_1_346' title='bbox 960 2560 1009 2598; x_wconf 91' lang='lat' dir='ltr'>ad</span> <span class='ocrx_word' id='word_1_347' title='bbox 1030 2559 1258 2597; x_wconf 83' lang='lat' dir='ltr'>calamitatis</span> <span class='ocrx_word' id='word_1_348' title='bbox 1280 2561 1585 2610; x_wconf 81' lang='lat' dir='ltr'>magnitudinem</span> 
     </span>
     <span class='ocr_line' id='line_1_40' title="bbox 123 2621 1584 2672; baseline 0.003 -14"><span class='ocrx_word' id='word_1_349' title='bbox 123 2628 254 2670; x_wconf 86' lang='lat' dir='ltr'>posset</span> <span class='ocrx_word' id='word_1_350' title='bbox 275 2621 471 2667; x_wconf 87' lang='lat' dir='ltr'>accedere,</span> <span class='ocrx_word' id='word_1_351' title='bbox 489 2622 741 2672; x_wconf 82' lang='lat' dir='ltr'>magistratus</span> <span class='ocrx_word' id='word_1_352' title='bbox 763 2622 914 2659; x_wconf 88' lang='lat' dir='ltr'>urbium</span> <span class='ocrx_word' id='word_1_353' title='bbox 931 2621 1124 2671; x_wconf 83' lang='lat' dir='ltr'>supplices</span> <span class='ocrx_word' id='word_1_354' title='bbox 1145 2634 1232 2657; x_wconf 89' lang='lat' dir='ltr'>eum</span> <span class='ocrx_word' id='word_1_355' title='bbox 1255 2621 1432 2668; x_wconf 82' lang='lat' dir='ltr'>adierint,</span> <span class='ocrx_word' id='word_1_356' title='bbox 1452 2624 1584 2662; x_wconf 83' lang='lat' dir='ltr'>existi-</span> 
     </span>
     <span class='ocr_line' id='line_1_41' title="bbox 122 2682 1582 2735; baseline 0.003 -16"><span class='ocrx_word' id='word_1_357' title='bbox 122 2689 270 2720; x_wconf 87' lang='lat' dir='ltr'>mantes</span> <span class='ocrx_word' id='word_1_358' title='bbox 302 2695 341 2720; x_wconf 91' lang='lat' dir='ltr'>se</span> <span class='ocrx_word' id='word_1_359' title='bbox 374 2695 442 2734; x_wconf 90' lang='lat' dir='ltr'>per</span> <span class='ocrx_word' id='word_1_360' title='bbox 469 2683 553 2734; x_wconf 89' lang='lat' dir='ltr'>ejus</span> <span class='ocrx_word' id='word_1_361' title='bbox 581 2683 855 2734; x_wconf 86' lang='lat' dir='ltr'>cognationem</span> <span class='ocrx_word' id='word_1_362' title='bbox 875 2690 913 2721; x_wconf 87' lang='lat' dir='ltr'>et</span> <span class='ocrx_word' id='word_1_363' title='bbox 942 2684 1121 2733; x_wconf 83' lang='lat' dir='ltr'>pietatem</span> <span class='ocrx_word' id='word_1_364' title='bbox 1143 2682 1340 2720; x_wconf 84' lang='lat' dir='ltr'>celerrime</span> <span class='ocrx_word' id='word_1_365' title='bbox 1362 2687 1582 2735; x_wconf 86' lang='lat' dir='ltr'>urgentium</span> 
     </span>
     <span class='ocr_line' id='line_1_42' title="bbox 121 2742 1584 2795; baseline 0.004 -16"><span class='ocrx_word' id='word_1_366' title='bbox 121 2742 308 2790; x_wconf 82' lang='lat' dir='ltr'>malorum</span> <span class='ocrx_word' id='word_1_367' title='bbox 347 2756 369 2781; x_wconf 87' lang='lat' dir='ltr'>a</span> <span class='ocrx_word' id='word_1_368' title='bbox 406 2743 478 2781; x_wconf 87' lang='lat' dir='ltr'>diis</span> <span class='ocrx_word' id='word_1_369' title='bbox 515 2744 726 2782; x_wconf 88' lang='lat' dir='ltr'>remedium</span> <span class='ocrx_word' id='word_1_370' title='bbox 766 2746 1051 2795; x_wconf 85' lang='lat' dir='ltr'>impetraturos.</span> <span class='ocrx_word' id='word_1_371' title='bbox 1134 2743 1306 2781; x_wconf 82' lang='lat' dir='ltr'>Salutem</span> <span class='ocrx_word' id='word_1_372' title='bbox 1337 2758 1451 2795; x_wconf 89' lang='lat' dir='ltr'>porro</span> <span class='ocrx_word' id='word_1_373' title='bbox 1491 2747 1584 2785; x_wconf 90' lang='lat' dir='ltr'>ade-</span> 
     </span>
     <span class='ocr_line' id='line_1_43' title="bbox 122 2804 1582 2857; baseline 0.005 -17"><span class='ocrx_word' id='word_1_374' title='bbox 122 2804 178 2854; x_wconf 88' lang='lat' dir='ltr'>pti</span> <span class='ocrx_word' id='word_1_375' title='bbox 198 2810 451 2856; x_wconf 88' lang='lat' dir='ltr'>votorumque</span> <span class='ocrx_word' id='word_1_376' title='bbox 477 2805 569 2843; x_wconf 86' lang='lat' dir='ltr'>facti</span> <span class='ocrx_word' id='word_1_377' title='bbox 600 2812 811 2857; x_wconf 88' lang='lat' dir='ltr'>compotes,</span> <span class='ocrx_word' id='word_1_378' title='bbox 833 2807 868 2842; x_wconf 90' lang='lat' dir='ltr'>in</span> <span class='ocrx_word' id='word_1_379' title='bbox 896 2805 1035 2855; x_wconf 82' lang='lat' dir='ltr'>AEgina</span> <span class='ocrx_word' id='word_1_380' title='bbox 1063 2804 1248 2855; x_wconf 85' lang='lat' dir='ltr'>templum</span> <span class='ocrx_word' id='word_1_381' title='bbox 1280 2807 1448 2845; x_wconf 86' lang='lat' dir='ltr'>omnium</span> <span class='ocrx_word' id='word_1_382' title='bbox 1474 2808 1582 2847; x_wconf 90' lang='lat' dir='ltr'>Grae-</span> 
     </span>
     <span class='ocr_line' id='line_1_44' title="bbox 121 2866 1581 2919; baseline 0.005 -18"><span class='ocrx_word' id='word_1_383' title='bbox 121 2877 253 2902; x_wconf 90' lang='lat' dir='ltr'>corum</span> <span class='ocrx_word' id='word_1_384' title='bbox 275 2867 425 2904; x_wconf 91' lang='lat' dir='ltr'>nomine</span> <span class='ocrx_word' id='word_1_385' title='bbox 445 2866 699 2915; x_wconf 62' lang='lat' dir='ltr'>aedificarunt,</span> <span class='ocrx_word' id='word_1_386' title='bbox 718 2881 795 2918; x_wconf 93' lang='lat' dir='ltr'>quo</span> <span class='ocrx_word' id='word_1_387' title='bbox 822 2868 858 2905; x_wconf 92' lang='lat' dir='ltr'>in</span> <span class='ocrx_word' id='word_1_388' title='bbox 884 2867 968 2904; x_wconf 92' lang='lat' dir='ltr'>loco</span> <span class='ocrx_word' id='word_1_389' title='bbox 991 2874 1121 2904; x_wconf 87' lang='lat' dir='ltr'>votum</span> <span class='ocrx_word' id='word_1_390' title='bbox 1147 2867 1209 2904; x_wconf 88' lang='lat' dir='ltr'>ille</span> <span class='ocrx_word' id='word_1_391' title='bbox 1231 2877 1484 2919; x_wconf 87' lang='lat' dir='ltr'>nuncuparat.</span> <span class='ocrx_word' id='word_1_392' title='bbox 1543 2871 1581 2909; x_wconf 89' lang='lat' dir='ltr'>Is</span> 
     </span>
     <span class='ocr_line' id='line_1_45' title="bbox 120 2925 1583 2980; baseline 0.005 -18"><span class='ocrx_word' id='word_1_393' title='bbox 120 2925 236 2976; x_wconf 82' lang='lat' dir='ltr'>igitur</span> <span class='ocrx_word' id='word_1_394' title='bbox 263 2933 302 2963; x_wconf 84' lang='lat' dir='ltr'>et</span> <span class='ocrx_word' id='word_1_395' title='bbox 333 2926 424 2965; x_wconf 90' lang='lat' dir='ltr'>dum</span> <span class='ocrx_word' id='word_1_396' title='bbox 453 2928 545 2967; x_wconf 76' lang='lat' dir='ltr'>vixit</span> <span class='ocrx_word' id='word_1_397' title='bbox 575 2928 674 2967; x_wconf 89' lang='lat' dir='ltr'>inter</span> <span class='ocrx_word' id='word_1_398' title='bbox 705 2929 880 2967; x_wconf 91' lang='lat' dir='ltr'>homines</span> <span class='ocrx_word' id='word_1_399' title='bbox 901 2928 1067 2966; x_wconf 79' lang='lat' dir='ltr'>maxima</span> <span class='ocrx_word' id='word_1_400' title='bbox 1094 2940 1244 2979; x_wconf 87' lang='lat' dir='ltr'>semper</span> <span class='ocrx_word' id='word_1_401' title='bbox 1272 2929 1392 2980; x_wconf 81' lang='lat' dir='ltr'>gloria</span> <span class='ocrx_word' id='word_1_402' title='bbox 1418 2931 1511 2976; x_wconf 85' lang='lat' dir='ltr'>fuit;</span> <span class='ocrx_word' id='word_1_403' title='bbox 1543 2939 1583 2969; x_wconf 90' lang='lat' dir='ltr'>et</span> 
     </span>
    </p>
   </div>
  </div>
 </body>
</html>
