<?xml version="1.0" encoding="UTF-8"?>
<!DOCTYPE html PUBLIC "-//W3C//DTD XHTML 1.0 Transitional//EN"
    "http://www.w3.org/TR/xhtml1/DTD/xhtml1-transitional.dtd">
<html xmlns="http://www.w3.org/1999/xhtml" xml:lang="en" lang="en">
 <head>
  <title>
</title>
<meta http-equiv="Content-Type" content="text/html;charset=utf-8" />
  <meta name='ocr-system' content='tesseract 3.04.00' />
  <meta name='ocr-capabilities' content='ocr_page ocr_carea ocr_par ocr_line ocrx_word'/>
</head>
<body>
  <div class='ocr_page' id='page_1' title='image "./oratoresatticie14dobs_0104.png"; bbox 0 0 1870 3277; ppageno 0'>
   <div class='ocr_carea' id='block_1_1' title="bbox 247 189 1124 232">
    <p class='ocr_par' dir='ltr' id='par_1_1' title="bbox 247 189 1124 232">
     <span class='ocr_line' id='line_1_1' title="bbox 247 189 1124 232; baseline -0.006 0"><span class='ocrx_word' id='word_1_1' title='bbox 247 197 299 232; x_wconf 80' lang='lat'>92</span> <span class='ocrx_word' id='word_1_2' title='bbox 832 189 1124 229; x_wconf 83' lang='lat' dir='ltr'>ISOCRATIS</span> 
     </span>
    </p>
   </div>
   <div class='ocr_carea' id='block_1_2' title="bbox 244 288 1749 2930">
    <p class='ocr_par' dir='ltr' id='par_1_2' title="bbox 248 288 1720 588">
     <span class='ocr_line' id='line_1_2' title="bbox 248 288 1716 340; baseline -0.004 -7"><span class='ocrx_word' id='word_1_3' title='bbox 248 294 437 333; x_wconf 89' lang='lat' dir='ltr'>malorum</span> <span class='ocrx_word' id='word_1_4' title='bbox 472 291 628 331; x_wconf 85' lang='lat' dir='ltr'>sublato</span> <span class='ocrx_word' id='word_1_5' title='bbox 658 292 773 330; x_wconf 87' lang='lat' dir='ltr'>etiam</span> <span class='ocrx_word' id='word_1_6' title='bbox 804 297 948 329; x_wconf 83' lang='lat' dir='ltr'>caetera</span> <span class='ocrx_word' id='word_1_7' title='bbox 977 290 1121 328; x_wconf 89' lang='lat' dir='ltr'>delicta</span> <span class='ocrx_word' id='word_1_8' title='bbox 1149 299 1237 340; x_wconf 79' lang='lat' dir='ltr'>quoe</span> <span class='ocrx_word' id='word_1_9' title='bbox 1268 288 1358 328; x_wconf 85' lang='lat' dir='ltr'>inde</span> <span class='ocrx_word' id='word_1_10' title='bbox 1379 288 1486 328; x_wconf 89' lang='lat' dir='ltr'>velut</span> <span class='ocrx_word' id='word_1_11' title='bbox 1512 288 1716 327; x_wconf 81' lang='lat' dir='ltr'>ebullirent</span> 
     </span>
     <span class='ocr_line' id='line_1_3' title="bbox 249 350 1718 406; baseline -0.004 -12"><span class='ocrx_word' id='word_1_12' title='bbox 249 356 467 395; x_wconf 78' lang='lat' dir='ltr'>censebant</span> <span class='ocrx_word' id='word_1_13' title='bbox 481 366 598 406; x_wconf 83' lang='lat' dir='ltr'>posse</span> <span class='ocrx_word' id='word_1_14' title='bbox 616 353 849 404; x_wconf 83' lang='lat' dir='ltr'>praecaveri:</span> <span class='ocrx_word' id='word_1_15' title='bbox 880 352 1095 403; x_wconf 80' lang='lat' dir='ltr'>locupletes</span> <span class='ocrx_word' id='word_1_16' title='bbox 1113 359 1242 390; x_wconf 87' lang='lat' dir='ltr'>autem</span> <span class='ocrx_word' id='word_1_17' title='bbox 1257 351 1429 389; x_wconf 87' lang='lat' dir='ltr'>animum</span> <span class='ocrx_word' id='word_1_18' title='bbox 1443 350 1491 389; x_wconf 90' lang='lat' dir='ltr'>ad</span> <span class='ocrx_word' id='word_1_19' title='bbox 1508 364 1587 389; x_wconf 90' lang='lat' dir='ltr'>rem</span> <span class='ocrx_word' id='word_1_20' title='bbox 1604 363 1718 401; x_wconf 84' lang='lat' dir='ltr'>eque-</span> 
     </span>
     <span class='ocr_line' id='line_1_4' title="bbox 249 412 1719 467; baseline -0.005 -12"><span class='ocrx_word' id='word_1_21' title='bbox 249 423 382 464; x_wconf 86' lang='lat' dir='ltr'>strem,</span> <span class='ocrx_word' id='word_1_22' title='bbox 403 415 452 455; x_wconf 89' lang='lat' dir='ltr'>ad</span> <span class='ocrx_word' id='word_1_23' title='bbox 472 415 691 467; x_wconf 84' lang='lat' dir='ltr'>gymnasia,</span> <span class='ocrx_word' id='word_1_24' title='bbox 710 414 760 452; x_wconf 88' lang='lat' dir='ltr'>ad</span> <span class='ocrx_word' id='word_1_25' title='bbox 775 413 999 452; x_wconf 84' lang='lat' dir='ltr'>venationes</span> <span class='ocrx_word' id='word_1_26' title='bbox 1021 420 1059 451; x_wconf 91' lang='lat' dir='ltr'>et</span> <span class='ocrx_word' id='word_1_27' title='bbox 1076 412 1358 464; x_wconf 83' lang='lat' dir='ltr'>philosophiam</span> <span class='ocrx_word' id='word_1_28' title='bbox 1375 412 1585 463; x_wconf 85' lang='lat' dir='ltr'>adjungere</span> <span class='ocrx_word' id='word_1_29' title='bbox 1607 424 1719 462; x_wconf 89' lang='lat' dir='ltr'>coge-</span> 
     </span>
     <span class='ocr_line' id='line_1_5' title="bbox 249 473 1720 526; baseline -0.005 -8"><span class='ocrx_word' id='word_1_30' title='bbox 249 480 368 524; x_wconf 83' lang='lat' dir='ltr'>bant;</span> <span class='ocrx_word' id='word_1_31' title='bbox 396 478 472 517; x_wconf 89' lang='lat' dir='ltr'>hoc</span> <span class='ocrx_word' id='word_1_32' title='bbox 493 477 594 515; x_wconf 91' lang='lat' dir='ltr'>enim</span> <span class='ocrx_word' id='word_1_33' title='bbox 615 489 701 513; x_wconf 86' lang='lat' dir='ltr'>eam</span> <span class='ocrx_word' id='word_1_34' title='bbox 715 475 791 513; x_wconf 91' lang='lat' dir='ltr'>vim</span> <span class='ocrx_word' id='word_1_35' title='bbox 811 475 954 513; x_wconf 89' lang='lat' dir='ltr'>habere</span> <span class='ocrx_word' id='word_1_36' title='bbox 974 474 1271 526; x_wconf 85' lang='lat' dir='ltr'>perspiciebant,</span> <span class='ocrx_word' id='word_1_37' title='bbox 1288 480 1332 511; x_wconf 89' lang='lat' dir='ltr'>ut</span> <span class='ocrx_word' id='word_1_38' title='bbox 1351 473 1413 511; x_wconf 84' lang='lat' dir='ltr'>alii</span> <span class='ocrx_word' id='word_1_39' title='bbox 1431 473 1633 511; x_wconf 84' lang='lat' dir='ltr'>virtutibus</span> <span class='ocrx_word' id='word_1_40' title='bbox 1654 486 1720 511; x_wconf 85' lang='lat' dir='ltr'>ex-</span> 
     </span>
     <span class='ocr_line' id='line_1_6' title="bbox 252 535 1179 588; baseline -0.006 -8"><span class='ocrx_word' id='word_1_41' title='bbox 252 539 451 586; x_wconf 90' lang='lat' dir='ltr'>cellerent,</span> <span class='ocrx_word' id='word_1_42' title='bbox 471 538 532 577; x_wconf 90' lang='lat' dir='ltr'>alii</span> <span class='ocrx_word' id='word_1_43' title='bbox 551 536 710 588; x_wconf 86' lang='lat' dir='ltr'>flagitiis</span> <span class='ocrx_word' id='word_1_44' title='bbox 731 535 905 587; x_wconf 81' lang='lat' dir='ltr'>plurimis</span> <span class='ocrx_word' id='word_1_45' title='bbox 925 535 1179 574; x_wconf 82' lang='lat' dir='ltr'>abstinerent.</span> 
     </span>
    </p>

    <p class='ocr_par' dir='ltr' id='par_1_3' title="bbox 244 593 1739 2065">
     <span class='ocr_line' id='line_1_7' title="bbox 314 593 1721 651; baseline -0.006 -12"><span class='ocrx_word' id='word_1_46' title='bbox 314 603 375 640; x_wconf 89' lang='grc'>18.</span> <span class='ocrx_word' id='word_1_47' title='bbox 408 601 546 651; x_wconf 87' lang='lat' dir='ltr'>Neque</span> <span class='ocrx_word' id='word_1_48' title='bbox 579 598 750 637; x_wconf 87' lang='lat' dir='ltr'>contenti</span> <span class='ocrx_word' id='word_1_49' title='bbox 783 597 886 636; x_wconf 90' lang='lat' dir='ltr'>solas</span> <span class='ocrx_word' id='word_1_50' title='bbox 917 597 1024 648; x_wconf 83' lang='lat' dir='ltr'>leges</span> <span class='ocrx_word' id='word_1_51' title='bbox 1056 596 1191 635; x_wconf 88' lang='lat' dir='ltr'>tulisse</span> <span class='ocrx_word' id='word_1_52' title='bbox 1222 595 1268 634; x_wconf 91' lang='lat' dir='ltr'>de</span> <span class='ocrx_word' id='word_1_53' title='bbox 1301 604 1445 633; x_wconf 77' lang='lat' dir='ltr'>caetero</span> <span class='ocrx_word' id='word_1_54' title='bbox 1479 593 1721 645; x_wconf 81' lang='lat' dir='ltr'>negligentes</span> 
     </span>
     <span class='ocr_line' id='line_1_8' title="bbox 253 656 1722 710; baseline -0.007 -8"><span class='ocrx_word' id='word_1_55' title='bbox 253 669 378 710; x_wconf 87' lang='lat' dir='ltr'>erant,</span> <span class='ocrx_word' id='word_1_56' title='bbox 397 661 471 700; x_wconf 82' lang='lat' dir='ltr'>sed</span> <span class='ocrx_word' id='word_1_57' title='bbox 497 660 652 699; x_wconf 87' lang='lat' dir='ltr'>civitate</span> <span class='ocrx_word' id='word_1_58' title='bbox 672 660 710 697; x_wconf 92' lang='lat' dir='ltr'>in</span> <span class='ocrx_word' id='word_1_59' title='bbox 730 659 865 705; x_wconf 82' lang='lat' dir='ltr'>tribus,</span> <span class='ocrx_word' id='word_1_60' title='bbox 887 670 980 710; x_wconf 85' lang='lat' dir='ltr'>agro</span> <span class='ocrx_word' id='word_1_61' title='bbox 999 659 1037 696; x_wconf 88' lang='lat' dir='ltr'>in</span> <span class='ocrx_word' id='word_1_62' title='bbox 1060 657 1268 709; x_wconf 87' lang='lat' dir='ltr'>municipia</span> <span class='ocrx_word' id='word_1_63' title='bbox 1296 656 1515 702; x_wconf 83' lang='lat' dir='ltr'>distributo,</span> <span class='ocrx_word' id='word_1_64' title='bbox 1537 656 1722 693; x_wconf 87' lang='lat' dir='ltr'>uniuscu-</span> 
     </span>
     <span class='ocr_line' id='line_1_9' title="bbox 244 719 1723 776; baseline -0.005 -13"><span class='ocrx_word' id='word_1_65' title='bbox 244 726 391 776; x_wconf 72' lang='lat' dir='ltr'>jusque</span> <span class='ocrx_word' id='word_1_66' title='bbox 410 723 527 762; x_wconf 90' lang='lat' dir='ltr'>vitam</span> <span class='ocrx_word' id='word_1_67' title='bbox 560 722 792 774; x_wconf 83' lang='lat' dir='ltr'>spectabant</span> <span class='ocrx_word' id='word_1_68' title='bbox 819 729 858 761; x_wconf 92' lang='lat' dir='ltr'>et</span> <span class='ocrx_word' id='word_1_69' title='bbox 887 720 1138 760; x_wconf 88' lang='lat' dir='ltr'>immodestos</span> <span class='ocrx_word' id='word_1_70' title='bbox 1167 722 1204 759; x_wconf 90' lang='lat' dir='ltr'>in</span> <span class='ocrx_word' id='word_1_71' title='bbox 1233 727 1411 759; x_wconf 86' lang='lat' dir='ltr'>senatum</span> <span class='ocrx_word' id='word_1_72' title='bbox 1439 720 1659 758; x_wconf 82' lang='lat' dir='ltr'>ducebant:</span> <span class='ocrx_word' id='word_1_73' title='bbox 1691 719 1723 757; x_wconf 88' lang='lat' dir='ltr'>is</span> 
     </span>
     <span class='ocr_line' id='line_1_10' title="bbox 254 781 1724 833; baseline -0.005 -8"><span class='ocrx_word' id='word_1_74' title='bbox 254 799 347 825; x_wconf 91' lang='lat' dir='ltr'>vero</span> <span class='ocrx_word' id='word_1_75' title='bbox 374 785 471 824; x_wconf 90' lang='lat' dir='ltr'>alios</span> <span class='ocrx_word' id='word_1_76' title='bbox 502 784 700 829; x_wconf 87' lang='lat' dir='ltr'>monebat,</span> <span class='ocrx_word' id='word_1_77' title='bbox 718 783 803 822; x_wconf 85' lang='lat' dir='ltr'>aliis</span> <span class='ocrx_word' id='word_1_78' title='bbox 833 783 1098 827; x_wconf 85' lang='lat' dir='ltr'>minitabatur,</span> <span class='ocrx_word' id='word_1_79' title='bbox 1120 781 1216 821; x_wconf 89' lang='lat' dir='ltr'>alios</span> <span class='ocrx_word' id='word_1_80' title='bbox 1248 789 1291 819; x_wconf 92' lang='lat' dir='ltr'>ut</span> <span class='ocrx_word' id='word_1_81' title='bbox 1319 795 1388 833; x_wconf 86' lang='lat' dir='ltr'>par</span> <span class='ocrx_word' id='word_1_82' title='bbox 1416 789 1498 820; x_wconf 87' lang='lat' dir='ltr'>erat</span> <span class='ocrx_word' id='word_1_83' title='bbox 1527 781 1724 833; x_wconf 87' lang='lat' dir='ltr'>puniebat.</span> 
     </span>
     <span class='ocr_line' id='line_1_11' title="bbox 255 843 1725 895; baseline -0.004 -9"><span class='ocrx_word' id='word_1_84' title='bbox 255 847 367 886; x_wconf 91' lang='lat' dir='ltr'>Duas</span> <span class='ocrx_word' id='word_1_85' title='bbox 395 847 496 886; x_wconf 86' lang='lat' dir='ltr'>enirn</span> <span class='ocrx_word' id='word_1_86' title='bbox 515 847 693 885; x_wconf 84' lang='lat' dir='ltr'>sciebant</span> <span class='ocrx_word' id='word_1_87' title='bbox 712 857 795 884; x_wconf 85' lang='lat' dir='ltr'>esse</span> <span class='ocrx_word' id='word_1_88' title='bbox 815 845 984 884; x_wconf 89' lang='lat' dir='ltr'>rationes</span> <span class='ocrx_word' id='word_1_89' title='bbox 1005 856 1094 895; x_wconf 83' lang='lat' dir='ltr'>quae</span> <span class='ocrx_word' id='word_1_90' title='bbox 1115 850 1154 882; x_wconf 90' lang='lat' dir='ltr'>et</span> <span class='ocrx_word' id='word_1_91' title='bbox 1174 844 1222 883; x_wconf 89' lang='lat' dir='ltr'>ad</span> <span class='ocrx_word' id='word_1_92' title='bbox 1243 844 1400 895; x_wconf 86' lang='lat' dir='ltr'>injurias</span> <span class='ocrx_word' id='word_1_93' title='bbox 1421 843 1626 881; x_wconf 81' lang='lat' dir='ltr'>incitarent</span> <span class='ocrx_word' id='word_1_94' title='bbox 1645 849 1683 881; x_wconf 87' lang='lat' dir='ltr'>et</span> <span class='ocrx_word' id='word_1_95' title='bbox 1702 855 1725 880; x_wconf 90' lang='lat' dir='ltr'>a</span> 
     </span>
     <span class='ocr_line' id='line_1_12' title="bbox 255 905 1727 959; baseline -0.003 -12"><span class='ocrx_word' id='word_1_96' title='bbox 255 908 467 948; x_wconf 80' lang='lat' dir='ltr'>sceleribus</span> <span class='ocrx_word' id='word_1_97' title='bbox 487 915 734 947; x_wconf 86' lang='lat' dir='ltr'>revocarent:</span> <span class='ocrx_word' id='word_1_98' title='bbox 766 920 855 946; x_wconf 89' lang='lat' dir='ltr'>nam</span> <span class='ocrx_word' id='word_1_99' title='bbox 875 906 978 959; x_wconf 87' lang='lat' dir='ltr'>apud</span> <span class='ocrx_word' id='word_1_100' title='bbox 993 919 1091 958; x_wconf 90' lang='lat' dir='ltr'>quos</span> <span class='ocrx_word' id='word_1_101' title='bbox 1109 919 1223 945; x_wconf 92' lang='lat' dir='ltr'>nemo</span> <span class='ocrx_word' id='word_1_102' title='bbox 1240 906 1411 945; x_wconf 86' lang='lat' dir='ltr'>studium</span> <span class='ocrx_word' id='word_1_103' title='bbox 1427 906 1568 944; x_wconf 87' lang='lat' dir='ltr'>habeat</span> <span class='ocrx_word' id='word_1_104' title='bbox 1581 905 1727 956; x_wconf 82' lang='lat' dir='ltr'>flagitia</span> 
     </span>
     <span class='ocr_line' id='line_1_13' title="bbox 256 966 1726 1020; baseline -0.003 -11"><span class='ocrx_word' id='word_1_105' title='bbox 256 970 320 1009; x_wconf 92' lang='lat' dir='ltr'>vel</span> <span class='ocrx_word' id='word_1_106' title='bbox 340 970 505 1010; x_wconf 89' lang='lat' dir='ltr'>cavendi</span> <span class='ocrx_word' id='word_1_107' title='bbox 526 970 584 1008; x_wconf 90' lang='lat' dir='ltr'>vel</span> <span class='ocrx_word' id='word_1_108' title='bbox 605 969 807 1020; x_wconf 87' lang='lat' dir='ltr'>puniendi,</span> <span class='ocrx_word' id='word_1_109' title='bbox 828 969 893 1007; x_wconf 92' lang='lat' dir='ltr'>ubi</span> <span class='ocrx_word' id='word_1_110' title='bbox 920 969 1028 1007; x_wconf 89' lang='lat' dir='ltr'>nulla</span> <span class='ocrx_word' id='word_1_111' title='bbox 1052 981 1186 1007; x_wconf 85' lang='lat' dir='ltr'>severa</span> <span class='ocrx_word' id='word_1_112' title='bbox 1207 968 1354 1017; x_wconf 87' lang='lat' dir='ltr'>judicia</span> <span class='ocrx_word' id='word_1_113' title='bbox 1385 976 1655 1014; x_wconf 81' lang='lat' dir='ltr'>exerceantur,</span> <span class='ocrx_word' id='word_1_114' title='bbox 1674 966 1726 1005; x_wconf 90' lang='lat' dir='ltr'>ibi</span> 
     </span>
     <span class='ocr_line' id='line_1_14' title="bbox 257 1030 1727 1084; baseline -0.005 -10"><span class='ocrx_word' id='word_1_115' title='bbox 257 1034 376 1074; x_wconf 84' lang='lat' dir='ltr'>etiam</span> <span class='ocrx_word' id='word_1_116' title='bbox 396 1034 498 1072; x_wconf 90' lang='lat' dir='ltr'>bona</span> <span class='ocrx_word' id='word_1_117' title='bbox 516 1033 672 1084; x_wconf 84' lang='lat' dir='ltr'>ingenia</span> <span class='ocrx_word' id='word_1_118' title='bbox 692 1032 908 1084; x_wconf 84' lang='lat' dir='ltr'>corrumpi;</span> <span class='ocrx_word' id='word_1_119' title='bbox 941 1031 1005 1069; x_wconf 90' lang='lat' dir='ltr'>ubi</span> <span class='ocrx_word' id='word_1_120' title='bbox 1026 1039 1156 1070; x_wconf 90' lang='lat' dir='ltr'>autem</span> <span class='ocrx_word' id='word_1_121' title='bbox 1177 1032 1448 1082; x_wconf 89' lang='lat' dir='ltr'>delinquentes</span> <span class='ocrx_word' id='word_1_122' title='bbox 1469 1044 1595 1082; x_wconf 90' lang='lat' dir='ltr'>neque</span> <span class='ocrx_word' id='word_1_123' title='bbox 1613 1030 1727 1069; x_wconf 85' lang='lat' dir='ltr'>facile</span> 
     </span>
     <span class='ocr_line' id='line_1_15' title="bbox 251 1094 1727 1145; baseline -0.003 -11"><span class='ocrx_word' id='word_1_124' title='bbox 251 1094 494 1134; x_wconf 79' lang='lat' dir='ltr'>delitescant</span> <span class='ocrx_word' id='word_1_125' title='bbox 526 1107 650 1145; x_wconf 90' lang='lat' dir='ltr'>neque</span> <span class='ocrx_word' id='word_1_126' title='bbox 671 1094 836 1132; x_wconf 89' lang='lat' dir='ltr'>convicti</span> <span class='ocrx_word' id='word_1_127' title='bbox 855 1094 979 1132; x_wconf 86' lang='lat' dir='ltr'>veniae</span> <span class='ocrx_word' id='word_1_128' title='bbox 1000 1106 1108 1144; x_wconf 92' lang='lat' dir='ltr'>spem</span> <span class='ocrx_word' id='word_1_129' title='bbox 1129 1095 1312 1139; x_wconf 90' lang='lat' dir='ltr'>habeant,</span> <span class='ocrx_word' id='word_1_130' title='bbox 1333 1094 1384 1132; x_wconf 89' lang='lat' dir='ltr'>ibi</span> <span class='ocrx_word' id='word_1_131' title='bbox 1404 1094 1559 1131; x_wconf 91' lang='lat' dir='ltr'>demum</span> <span class='ocrx_word' id='word_1_132' title='bbox 1579 1101 1727 1130; x_wconf 82' lang='lat' dir='ltr'>naturae</span> 
     </span>
     <span class='ocr_line' id='line_1_16' title="bbox 259 1154 1729 1208; baseline -0.003 -13"><span class='ocrx_word' id='word_1_133' title='bbox 259 1169 487 1208; x_wconf 89' lang='lat' dir='ltr'>morumque</span> <span class='ocrx_word' id='word_1_134' title='bbox 519 1155 747 1207; x_wconf 82' lang='lat' dir='ltr'>pravitatem</span> <span class='ocrx_word' id='word_1_135' title='bbox 781 1155 967 1207; x_wconf 89' lang='lat' dir='ltr'>paulatim</span> <span class='ocrx_word' id='word_1_136' title='bbox 1002 1154 1159 1193; x_wconf 86' lang='lat' dir='ltr'>aboleri.</span> <span class='ocrx_word' id='word_1_137' title='bbox 1236 1155 1296 1192; x_wconf 91' lang='lat' dir='ltr'>Illi</span> <span class='ocrx_word' id='word_1_138' title='bbox 1329 1154 1446 1205; x_wconf 84' lang='lat' dir='ltr'>igitur</span> <span class='ocrx_word' id='word_1_139' title='bbox 1474 1154 1534 1192; x_wconf 88' lang='lat' dir='ltr'>his</span> <span class='ocrx_word' id='word_1_140' title='bbox 1565 1154 1729 1204; x_wconf 87' lang='lat' dir='ltr'>cognitis</span> 
     </span>
     <span class='ocr_line' id='line_1_17' title="bbox 260 1215 1729 1269; baseline -0.003 -12"><span class='ocrx_word' id='word_1_141' title='bbox 260 1226 428 1269; x_wconf 88' lang='lat' dir='ltr'>utraque</span> <span class='ocrx_word' id='word_1_142' title='bbox 448 1230 489 1256; x_wconf 90' lang='lat' dir='ltr'>re</span> <span class='ocrx_word' id='word_1_143' title='bbox 505 1217 608 1256; x_wconf 90' lang='lat' dir='ltr'>cives</span> <span class='ocrx_word' id='word_1_144' title='bbox 625 1216 663 1254; x_wconf 91' lang='lat' dir='ltr'>in</span> <span class='ocrx_word' id='word_1_145' title='bbox 679 1215 802 1255; x_wconf 88' lang='lat' dir='ltr'>officio</span> <span class='ocrx_word' id='word_1_146' title='bbox 819 1216 1072 1255; x_wconf 87' lang='lat' dir='ltr'>continebant</span> <span class='ocrx_word' id='word_1_147' title='bbox 1088 1222 1125 1254; x_wconf 94' lang='lat' dir='ltr'>et</span> <span class='ocrx_word' id='word_1_148' title='bbox 1141 1228 1254 1267; x_wconf 89' lang='lat' dir='ltr'>poena</span> <span class='ocrx_word' id='word_1_149' title='bbox 1269 1223 1308 1254; x_wconf 89' lang='lat' dir='ltr'>et</span> <span class='ocrx_word' id='word_1_150' title='bbox 1323 1216 1547 1267; x_wconf 83' lang='lat' dir='ltr'>diligentia:</span> <span class='ocrx_word' id='word_1_151' title='bbox 1579 1222 1729 1254; x_wconf 81' lang='lat' dir='ltr'>tantum</span> 
     </span>
     <span class='ocr_line' id='line_1_18' title="bbox 262 1277 1729 1328; baseline -0.002 -10"><span class='ocrx_word' id='word_1_152' title='bbox 262 1279 364 1318; x_wconf 91' lang='lat' dir='ltr'>enim</span> <span class='ocrx_word' id='word_1_153' title='bbox 383 1279 520 1318; x_wconf 88' lang='lat' dir='ltr'>aberat</span> <span class='ocrx_word' id='word_1_154' title='bbox 539 1284 581 1315; x_wconf 91' lang='lat' dir='ltr'>ut</span> <span class='ocrx_word' id='word_1_155' title='bbox 600 1278 768 1316; x_wconf 88' lang='lat' dir='ltr'>laterent</span> <span class='ocrx_word' id='word_1_156' title='bbox 788 1290 855 1316; x_wconf 86' lang='lat' dir='ltr'>eos</span> <span class='ocrx_word' id='word_1_157' title='bbox 876 1277 915 1315; x_wconf 93' lang='lat' dir='ltr'>hi</span> <span class='ocrx_word' id='word_1_158' title='bbox 935 1277 998 1328; x_wconf 87' lang='lat' dir='ltr'>qui</span> <span class='ocrx_word' id='word_1_159' title='bbox 1019 1277 1288 1328; x_wconf 86' lang='lat' dir='ltr'>deliquissent,</span> <span class='ocrx_word' id='word_1_160' title='bbox 1309 1285 1352 1316; x_wconf 92' lang='lat' dir='ltr'>ut</span> <span class='ocrx_word' id='word_1_161' title='bbox 1371 1286 1461 1316; x_wconf 91' lang='lat' dir='ltr'>ante</span> <span class='ocrx_word' id='word_1_162' title='bbox 1488 1277 1729 1316; x_wconf 89' lang='lat' dir='ltr'>animadver-</span> 
     </span>
     <span class='ocr_line' id='line_1_19' title="bbox 261 1338 1730 1391; baseline -0.003 -12"><span class='ocrx_word' id='word_1_163' title='bbox 261 1346 390 1379; x_wconf 86' lang='lat' dir='ltr'>terent</span> <span class='ocrx_word' id='word_1_164' title='bbox 420 1352 612 1391; x_wconf 86' lang='lat' dir='ltr'>quosnam</span> <span class='ocrx_word' id='word_1_165' title='bbox 631 1338 835 1377; x_wconf 86' lang='lat' dir='ltr'>verisimile</span> <span class='ocrx_word' id='word_1_166' title='bbox 865 1345 973 1377; x_wconf 89' lang='lat' dir='ltr'>esset</span> <span class='ocrx_word' id='word_1_167' title='bbox 1003 1345 1232 1390; x_wconf 89' lang='lat' dir='ltr'>peccaturos</span> <span class='ocrx_word' id='word_1_168' title='bbox 1263 1352 1361 1377; x_wconf 87' lang='lat' dir='ltr'>esse.</span> <span class='ocrx_word' id='word_1_169' title='bbox 1431 1339 1560 1382; x_wconf 88' lang='lat' dir='ltr'>Quare</span> <span class='ocrx_word' id='word_1_170' title='bbox 1587 1352 1663 1376; x_wconf 92' lang='lat' dir='ltr'>non</span> <span class='ocrx_word' id='word_1_171' title='bbox 1692 1338 1730 1376; x_wconf 90' lang='lat' dir='ltr'>in</span> 
     </span>
     <span class='ocr_line' id='line_1_20' title="bbox 261 1399 1732 1452; baseline -0.001 -12"><span class='ocrx_word' id='word_1_172' title='bbox 261 1401 393 1440; x_wconf 85' lang='lat' dir='ltr'>lustris</span> <span class='ocrx_word' id='word_1_173' title='bbox 411 1400 683 1440; x_wconf 84' lang='lat' dir='ltr'>adolescentes</span> <span class='ocrx_word' id='word_1_174' title='bbox 704 1399 827 1438; x_wconf 86' lang='lat' dir='ltr'>aleam</span> <span class='ocrx_word' id='word_1_175' title='bbox 846 1399 1045 1445; x_wconf 85' lang='lat' dir='ltr'>ludebant,</span> <span class='ocrx_word' id='word_1_176' title='bbox 1062 1412 1134 1438; x_wconf 84' lang='lat' dir='ltr'>nec</span> <span class='ocrx_word' id='word_1_177' title='bbox 1150 1401 1401 1438; x_wconf 85' lang='lat' dir='ltr'>versabantur</span> <span class='ocrx_word' id='word_1_178' title='bbox 1420 1400 1522 1452; x_wconf 88' lang='lat' dir='ltr'>apud</span> <span class='ocrx_word' id='word_1_179' title='bbox 1538 1400 1732 1446; x_wconf 81' lang='lat' dir='ltr'>tibicinas,</span> 
     </span>
     <span class='ocr_line' id='line_1_21' title="bbox 264 1460 1734 1514; baseline -0.001 -12"><span class='ocrx_word' id='word_1_180' title='bbox 264 1468 335 1502; x_wconf 89' lang='lat' dir='ltr'>aut</span> <span class='ocrx_word' id='word_1_181' title='bbox 354 1462 392 1500; x_wconf 90' lang='lat' dir='ltr'>in</span> <span class='ocrx_word' id='word_1_182' title='bbox 411 1462 630 1514; x_wconf 83' lang='lat' dir='ltr'>hujusmodi</span> <span class='ocrx_word' id='word_1_183' title='bbox 647 1460 929 1501; x_wconf 84' lang='lat' dir='ltr'>conventiculis</span> <span class='ocrx_word' id='word_1_184' title='bbox 944 1461 982 1499; x_wconf 91' lang='lat' dir='ltr'>in</span> <span class='ocrx_word' id='word_1_185' title='bbox 999 1461 1139 1512; x_wconf 90' lang='lat' dir='ltr'>quibus</span> <span class='ocrx_word' id='word_1_186' title='bbox 1157 1474 1261 1500; x_wconf 91' lang='lat' dir='ltr'>nunc</span> <span class='ocrx_word' id='word_1_187' title='bbox 1277 1468 1381 1501; x_wconf 90' lang='lat' dir='ltr'>totos</span> <span class='ocrx_word' id='word_1_188' title='bbox 1402 1462 1485 1500; x_wconf 90' lang='lat' dir='ltr'>dies</span> <span class='ocrx_word' id='word_1_189' title='bbox 1505 1469 1734 1500; x_wconf 88' lang='lat' dir='ltr'>conterunt:</span> 
     </span>
     <span class='ocr_line' id='line_1_22' title="bbox 265 1522 1731 1575; baseline -0.001 -12"><span class='ocrx_word' id='word_1_190' title='bbox 265 1523 337 1563; x_wconf 90' lang='lat' dir='ltr'>sed</span> <span class='ocrx_word' id='word_1_191' title='bbox 357 1524 402 1562; x_wconf 89' lang='lat' dir='ltr'>iis</span> <span class='ocrx_word' id='word_1_192' title='bbox 423 1523 559 1562; x_wconf 83' lang='lat' dir='ltr'>studiis</span> <span class='ocrx_word' id='word_1_193' title='bbox 575 1522 879 1562; x_wconf 87' lang='lat' dir='ltr'>immorabantur</span> <span class='ocrx_word' id='word_1_194' title='bbox 893 1522 1032 1573; x_wconf 90' lang='lat' dir='ltr'>quibus</span> <span class='ocrx_word' id='word_1_195' title='bbox 1048 1529 1158 1560; x_wconf 88' lang='lat' dir='ltr'>erant</span> <span class='ocrx_word' id='word_1_196' title='bbox 1173 1522 1370 1569; x_wconf 89' lang='lat' dir='ltr'>destinati,</span> <span class='ocrx_word' id='word_1_197' title='bbox 1387 1523 1504 1574; x_wconf 91' lang='lat' dir='ltr'>etqui</span> <span class='ocrx_word' id='word_1_198' title='bbox 1520 1523 1731 1575; x_wconf 89' lang='lat' dir='ltr'>principem</span> 
     </span>
     <span class='ocr_line' id='line_1_23' title="bbox 263 1583 1734 1630; baseline -0.001 -7"><span class='ocrx_word' id='word_1_199' title='bbox 263 1587 304 1623; x_wconf 88' lang='lat' dir='ltr'>in</span> <span class='ocrx_word' id='word_1_200' title='bbox 322 1584 395 1623; x_wconf 90' lang='lat' dir='ltr'>illis</span> <span class='ocrx_word' id='word_1_201' title='bbox 414 1584 543 1623; x_wconf 92' lang='lat' dir='ltr'>locum</span> <span class='ocrx_word' id='word_1_202' title='bbox 563 1585 761 1630; x_wconf 85' lang='lat' dir='ltr'>tenebant,</span> <span class='ocrx_word' id='word_1_203' title='bbox 781 1597 848 1623; x_wconf 90' lang='lat' dir='ltr'>eos</span> <span class='ocrx_word' id='word_1_204' title='bbox 869 1583 1160 1622; x_wconf 84' lang='lat' dir='ltr'>admirabantur</span> <span class='ocrx_word' id='word_1_205' title='bbox 1179 1590 1218 1622; x_wconf 89' lang='lat' dir='ltr'>et</span> <span class='ocrx_word' id='word_1_206' title='bbox 1237 1584 1534 1624; x_wconf 84' lang='lat' dir='ltr'>aemulabantur.</span> <span class='ocrx_word' id='word_1_207' title='bbox 1592 1585 1734 1624; x_wconf 89' lang='lat' dir='ltr'>Forum</span> 
     </span>
     <span class='ocr_line' id='line_1_24' title="bbox 264 1644 1732 1699; baseline -0.001 -13"><span class='ocrx_word' id='word_1_208' title='bbox 264 1654 395 1686; x_wconf 86' lang='lat' dir='ltr'>autern</span> <span class='ocrx_word' id='word_1_209' title='bbox 411 1647 464 1685; x_wconf 89' lang='lat' dir='ltr'>ita</span> <span class='ocrx_word' id='word_1_210' title='bbox 478 1646 695 1696; x_wconf 86' lang='lat' dir='ltr'>fugiebant,</span> <span class='ocrx_word' id='word_1_211' title='bbox 710 1652 754 1684; x_wconf 88' lang='lat' dir='ltr'>ut</span> <span class='ocrx_word' id='word_1_212' title='bbox 773 1645 805 1684; x_wconf 91' lang='lat' dir='ltr'>si</span> <span class='ocrx_word' id='word_1_213' title='bbox 821 1644 978 1696; x_wconf 87' lang='lat' dir='ltr'>quando</span> <span class='ocrx_word' id='word_1_214' title='bbox 993 1646 1156 1684; x_wconf 88' lang='lat' dir='ltr'>transire</span> <span class='ocrx_word' id='word_1_215' title='bbox 1176 1653 1420 1698; x_wconf 86' lang='lat' dir='ltr'>cogerentur,</span> <span class='ocrx_word' id='word_1_216' title='bbox 1434 1647 1471 1686; x_wconf 92' lang='lat' dir='ltr'>id</span> <span class='ocrx_word' id='word_1_217' title='bbox 1488 1660 1631 1699; x_wconf 85' lang='lat' dir='ltr'>magna</span> <span class='ocrx_word' id='word_1_218' title='bbox 1645 1661 1732 1686; x_wconf 90' lang='lat' dir='ltr'>cum</span> 
     </span>
     <span class='ocr_line' id='line_1_25' title="bbox 265 1706 1736 1748; baseline 0 -1"><span class='ocrx_word' id='word_1_219' title='bbox 265 1707 502 1747; x_wconf 88' lang='lat' dir='ltr'>verecundia</span> <span class='ocrx_word' id='word_1_220' title='bbox 527 1714 567 1746; x_wconf 89' lang='lat' dir='ltr'>et</span> <span class='ocrx_word' id='word_1_221' title='bbox 589 1707 779 1746; x_wconf 86' lang='lat' dir='ltr'>modestia</span> <span class='ocrx_word' id='word_1_222' title='bbox 805 1706 932 1746; x_wconf 86' lang='lat' dir='ltr'>facere</span> <span class='ocrx_word' id='word_1_223' title='bbox 953 1706 1190 1746; x_wconf 88' lang='lat' dir='ltr'>viderentur.</span> <span class='ocrx_word' id='word_1_224' title='bbox 1249 1708 1471 1747; x_wconf 86' lang='lat' dir='ltr'>Senioribus</span> <span class='ocrx_word' id='word_1_225' title='bbox 1493 1722 1582 1748; x_wconf 86' lang='lat' dir='ltr'>vero</span> <span class='ocrx_word' id='word_1_226' title='bbox 1602 1709 1736 1747; x_wconf 87' lang='lat' dir='ltr'>adver-</span> 
     </span>
     <span class='ocr_line' id='line_1_26' title="bbox 267 1768 1735 1822; baseline -0.001 -13"><span class='ocrx_word' id='word_1_227' title='bbox 267 1770 345 1810; x_wconf 89' lang='lat' dir='ltr'>sari</span> <span class='ocrx_word' id='word_1_228' title='bbox 378 1776 448 1808; x_wconf 89' lang='lat' dir='ltr'>aut</span> <span class='ocrx_word' id='word_1_229' title='bbox 479 1768 712 1808; x_wconf 88' lang='lat' dir='ltr'>maledicere</span> <span class='ocrx_word' id='word_1_230' title='bbox 743 1768 896 1820; x_wconf 84' lang='lat' dir='ltr'>gravius</span> <span class='ocrx_word' id='word_1_231' title='bbox 931 1781 1016 1807; x_wconf 88' lang='lat' dir='ltr'>esse</span> <span class='ocrx_word' id='word_1_232' title='bbox 1050 1770 1237 1820; x_wconf 87' lang='lat' dir='ltr'>putabant</span> <span class='ocrx_word' id='word_1_233' title='bbox 1273 1782 1387 1820; x_wconf 91' lang='lat' dir='ltr'>quam</span> <span class='ocrx_word' id='word_1_234' title='bbox 1419 1783 1522 1809; x_wconf 90' lang='lat' dir='ltr'>nunc</span> <span class='ocrx_word' id='word_1_235' title='bbox 1554 1778 1735 1822; x_wconf 85' lang='lat' dir='ltr'>parentes</span> 
     </span>
     <span class='ocr_line' id='line_1_27' title="bbox 267 1829 1735 1883; baseline -0.001 -12"><span class='ocrx_word' id='word_1_236' title='bbox 267 1831 426 1872; x_wconf 81' lang='lat' dir='ltr'>violare.</span> <span class='ocrx_word' id='word_1_237' title='bbox 483 1831 572 1870; x_wconf 87' lang='lat' dir='ltr'>Jam</span> <span class='ocrx_word' id='word_1_238' title='bbox 595 1831 634 1869; x_wconf 91' lang='lat' dir='ltr'>in</span> <span class='ocrx_word' id='word_1_239' title='bbox 658 1843 837 1882; x_wconf 88' lang='lat' dir='ltr'>caupona</span> <span class='ocrx_word' id='word_1_240' title='bbox 862 1829 977 1869; x_wconf 89' lang='lat' dir='ltr'>edere</span> <span class='ocrx_word' id='word_1_241' title='bbox 1003 1837 1070 1868; x_wconf 91' lang='lat' dir='ltr'>aut</span> <span class='ocrx_word' id='word_1_242' title='bbox 1094 1830 1223 1869; x_wconf 89' lang='lat' dir='ltr'>bibere</span> <span class='ocrx_word' id='word_1_243' title='bbox 1249 1843 1366 1869; x_wconf 91' lang='lat' dir='ltr'>nemo</span> <span class='ocrx_word' id='word_1_244' title='bbox 1386 1844 1435 1869; x_wconf 92' lang='lat' dir='ltr'>ne</span> <span class='ocrx_word' id='word_1_245' title='bbox 1455 1831 1556 1882; x_wconf 86' lang='lat' dir='ltr'>frugi</span> <span class='ocrx_word' id='word_1_246' title='bbox 1576 1832 1735 1883; x_wconf 89' lang='lat' dir='ltr'>quidem</span> 
     </span>
     <span class='ocr_line' id='line_1_28' title="bbox 268 1892 1738 1944; baseline -0.002 -10"><span class='ocrx_word' id='word_1_247' title='bbox 268 1907 404 1935; x_wconf 88' lang='lat' dir='ltr'>servus</span> <span class='ocrx_word' id='word_1_248' title='bbox 422 1892 616 1931; x_wconf 87' lang='lat' dir='ltr'>audebat:</span> <span class='ocrx_word' id='word_1_249' title='bbox 647 1892 827 1944; x_wconf 86' lang='lat' dir='ltr'>gravitati</span> <span class='ocrx_word' id='word_1_250' title='bbox 842 1892 958 1937; x_wconf 89' lang='lat' dir='ltr'>enim,</span> <span class='ocrx_word' id='word_1_251' title='bbox 972 1892 1043 1930; x_wconf 89' lang='lat' dir='ltr'>sed</span> <span class='ocrx_word' id='word_1_252' title='bbox 1064 1905 1140 1930; x_wconf 91' lang='lat' dir='ltr'>non</span> <span class='ocrx_word' id='word_1_253' title='bbox 1161 1892 1630 1939; x_wconf 85' lang='lat' dir='ltr'>scurrilitati‚studebant.</span> <span class='ocrx_word' id='word_1_254' title='bbox 1688 1894 1738 1931; x_wconf 89' lang='lat' dir='ltr'>Et</span> 
     </span>
     <span class='ocr_line' id='line_1_29' title="bbox 267 1953 1739 2005; baseline -0.001 -10"><span class='ocrx_word' id='word_1_255' title='bbox 267 1955 447 1995; x_wconf 89' lang='lat' dir='ltr'>homines</span> <span class='ocrx_word' id='word_1_256' title='bbox 475 1954 629 1993; x_wconf 88' lang='lat' dir='ltr'>dicaces</span> <span class='ocrx_word' id='word_1_257' title='bbox 649 1960 689 1992; x_wconf 90' lang='lat' dir='ltr'>et</span> <span class='ocrx_word' id='word_1_258' title='bbox 715 1953 765 1992; x_wconf 87' lang='lat' dir='ltr'>ad</span> <span class='ocrx_word' id='word_1_259' title='bbox 792 1953 1030 1992; x_wconf 89' lang='lat' dir='ltr'>irridendum</span> <span class='ocrx_word' id='word_1_260' title='bbox 1057 1960 1228 2004; x_wconf 85' lang='lat' dir='ltr'>paratos,</span> <span class='ocrx_word' id='word_1_261' title='bbox 1249 1966 1347 2005; x_wconf 89' lang='lat' dir='ltr'>quos</span> <span class='ocrx_word' id='word_1_262' title='bbox 1373 1967 1478 1992; x_wconf 89' lang='lat' dir='ltr'>nunc</span> <span class='ocrx_word' id='word_1_263' title='bbox 1506 1954 1654 1993; x_wconf 86' lang='lat' dir='ltr'>facetos</span> <span class='ocrx_word' id='word_1_264' title='bbox 1674 1967 1739 1993; x_wconf 91' lang='lat' dir='ltr'>vo-</span> 
     </span>
     <span class='ocr_line' id='line_1_30' title="bbox 270 2014 978 2065; baseline -0.008 -7"><span class='ocrx_word' id='word_1_265' title='bbox 270 2023 376 2063; x_wconf 86' lang='lat' dir='ltr'>cant,</span> <span class='ocrx_word' id='word_1_266' title='bbox 396 2016 450 2056; x_wconf 89' lang='lat' dir='ltr'>illi</span> <span class='ocrx_word' id='word_1_267' title='bbox 468 2014 716 2056; x_wconf 89' lang='lat' dir='ltr'>calamitosos</span> <span class='ocrx_word' id='word_1_268' title='bbox 733 2014 978 2065; x_wconf 88' lang='lat' dir='ltr'>judicabant.</span> 
     </span>
    </p>

    <p class='ocr_par' dir='ltr' id='par_1_4' title="bbox 270 2076 1744 2497">
     <span class='ocr_line' id='line_1_31' title="bbox 325 2076 1738 2129; baseline -0.001 -12"><span class='ocrx_word' id='word_1_269' title='bbox 325 2080 390 2119; x_wconf 87' lang='lat'>19.</span> <span class='ocrx_word' id='word_1_270' title='bbox 421 2078 560 2129; x_wconf 88' lang='lat' dir='ltr'>Neque</span> <span class='ocrx_word' id='word_1_271' title='bbox 579 2089 671 2115; x_wconf 89' lang='lat' dir='ltr'>vero</span> <span class='ocrx_word' id='word_1_272' title='bbox 697 2089 759 2115; x_wconf 88' lang='lat' dir='ltr'>me</span> <span class='ocrx_word' id='word_1_273' title='bbox 791 2076 998 2128; x_wconf 88' lang='lat' dir='ltr'>quisquam</span> <span class='ocrx_word' id='word_1_274' title='bbox 1029 2077 1224 2116; x_wconf 79' lang='lat' dir='ltr'>existimet</span> <span class='ocrx_word' id='word_1_275' title='bbox 1247 2077 1386 2115; x_wconf 86' lang='lat' dir='ltr'>iratum</span> <span class='ocrx_word' id='word_1_276' title='bbox 1415 2090 1502 2116; x_wconf 89' lang='lat' dir='ltr'>esse</span> <span class='ocrx_word' id='word_1_277' title='bbox 1528 2077 1591 2116; x_wconf 89' lang='lat' dir='ltr'>isti</span> <span class='ocrx_word' id='word_1_278' title='bbox 1618 2078 1738 2116; x_wconf 83' lang='lat' dir='ltr'>aetati.</span> 
     </span>
     <span class='ocr_line' id='line_1_32' title="bbox 271 2137 1739 2191; baseline -0.001 -12"><span class='ocrx_word' id='word_1_279' title='bbox 271 2141 414 2191; x_wconf 90' lang='lat' dir='ltr'>Neque</span> <span class='ocrx_word' id='word_1_280' title='bbox 444 2138 545 2177; x_wconf 88' lang='lat' dir='ltr'>enim</span> <span class='ocrx_word' id='word_1_281' title='bbox 572 2139 783 2189; x_wconf 89' lang='lat' dir='ltr'>quicquam</span> <span class='ocrx_word' id='word_1_282' title='bbox 812 2137 950 2176; x_wconf 85' lang='lat' dir='ltr'>harum</span> <span class='ocrx_word' id='word_1_283' title='bbox 976 2151 1104 2176; x_wconf 89' lang='lat' dir='ltr'>rerum</span> <span class='ocrx_word' id='word_1_284' title='bbox 1134 2138 1448 2177; x_wconf 87' lang='lat' dir='ltr'>adolescentibus</span> <span class='ocrx_word' id='word_1_285' title='bbox 1467 2146 1527 2178; x_wconf 90' lang='lat' dir='ltr'>est</span> <span class='ocrx_word' id='word_1_286' title='bbox 1546 2141 1739 2191; x_wconf 87' lang='lat' dir='ltr'>imputan-</span> 
     </span>
     <span class='ocr_line' id='line_1_33' title="bbox 270 2199 1738 2253; baseline -0.001 -12"><span class='ocrx_word' id='word_1_287' title='bbox 270 2202 379 2247; x_wconf 90' lang='lat' dir='ltr'>dum,</span> <span class='ocrx_word' id='word_1_288' title='bbox 400 2207 440 2240; x_wconf 89' lang='lat' dir='ltr'>et</span> <span class='ocrx_word' id='word_1_289' title='bbox 456 2200 641 2252; x_wconf 85' lang='lat' dir='ltr'>plurimos</span> <span class='ocrx_word' id='word_1_290' title='bbox 660 2212 793 2239; x_wconf 89' lang='lat' dir='ltr'>eorum</span> <span class='ocrx_word' id='word_1_291' title='bbox 815 2199 896 2238; x_wconf 90' lang='lat' dir='ltr'>scio</span> <span class='ocrx_word' id='word_1_292' title='bbox 914 2200 989 2237; x_wconf 87' lang='lat' dir='ltr'>ista</span> <span class='ocrx_word' id='word_1_293' title='bbox 1008 2200 1156 2238; x_wconf 89' lang='lat' dir='ltr'>ratione</span> <span class='ocrx_word' id='word_1_294' title='bbox 1176 2200 1332 2238; x_wconf 88' lang='lat' dir='ltr'>minime</span> <span class='ocrx_word' id='word_1_295' title='bbox 1353 2201 1554 2248; x_wconf 86' lang='lat' dir='ltr'>delectari,</span> <span class='ocrx_word' id='word_1_296' title='bbox 1570 2215 1648 2253; x_wconf 84' lang='lat' dir='ltr'>qua</span> <span class='ocrx_word' id='word_1_297' title='bbox 1668 2203 1738 2240; x_wconf 87' lang='lat' dir='ltr'>im·-</span> 
     </span>
     <span class='ocr_line' id='line_1_34' title="bbox 272 2259 1741 2315; baseline 0.001 -14"><span class='ocrx_word' id='word_1_298' title='bbox 272 2274 379 2315; x_wconf 87' lang='lat' dir='ltr'>pune</span> <span class='ocrx_word' id='word_1_299' title='bbox 397 2262 490 2300; x_wconf 88' lang='lat' dir='ltr'>licet</span> <span class='ocrx_word' id='word_1_300' title='bbox 507 2268 588 2299; x_wconf 90' lang='lat' dir='ltr'>tam</span> <span class='ocrx_word' id='word_1_301' title='bbox 607 2260 825 2312; x_wconf 84' lang='lat' dir='ltr'>petulanter</span> <span class='ocrx_word' id='word_1_302' title='bbox 844 2259 1014 2311; x_wconf 84' lang='lat' dir='ltr'>agitare:</span> <span class='ocrx_word' id='word_1_303' title='bbox 1046 2274 1165 2312; x_wconf 88' lang='lat' dir='ltr'>quare</span> <span class='ocrx_word' id='word_1_304' title='bbox 1182 2261 1354 2311; x_wconf 88' lang='lat' dir='ltr'>iniquum</span> <span class='ocrx_word' id='word_1_305' title='bbox 1371 2261 1492 2300; x_wconf 84' lang='lat' dir='ltr'>fuerit</span> <span class='ocrx_word' id='word_1_306' title='bbox 1507 2262 1561 2300; x_wconf 90' lang='lat' dir='ltr'>eis</span> <span class='ocrx_word' id='word_1_307' title='bbox 1580 2276 1741 2302; x_wconf 87' lang='lat' dir='ltr'>succen-</span> 
     </span>
     <span class='ocr_line' id='line_1_35' title="bbox 274 2320 1741 2376; baseline 0 -13"><span class='ocrx_word' id='word_1_308' title='bbox 274 2336 375 2371; x_wconf 85' lang='lat' dir='ltr'>sere,</span> <span class='ocrx_word' id='word_1_309' title='bbox 389 2320 458 2362; x_wconf 89' lang='lat' dir='ltr'>sed</span> <span class='ocrx_word' id='word_1_310' title='bbox 478 2321 534 2361; x_wconf 91' lang='lat' dir='ltr'>illi</span> <span class='ocrx_word' id='word_1_311' title='bbox 553 2321 682 2372; x_wconf 89' lang='lat' dir='ltr'>potius</span> <span class='ocrx_word' id='word_1_312' title='bbox 702 2321 915 2360; x_wconf 87' lang='lat' dir='ltr'>accusandi</span> <span class='ocrx_word' id='word_1_313' title='bbox 936 2327 1028 2360; x_wconf 89' lang='lat' dir='ltr'>sunt</span> <span class='ocrx_word' id='word_1_314' title='bbox 1047 2322 1111 2372; x_wconf 91' lang='lat' dir='ltr'>qui</span> <span class='ocrx_word' id='word_1_315' title='bbox 1131 2322 1247 2373; x_wconf 89' lang='lat' dir='ltr'>paulo</span> <span class='ocrx_word' id='word_1_316' title='bbox 1268 2329 1356 2361; x_wconf 88' lang='lat' dir='ltr'>ante</span> <span class='ocrx_word' id='word_1_317' title='bbox 1375 2336 1446 2361; x_wconf 86' lang='lat' dir='ltr'>nos</span> <span class='ocrx_word' id='word_1_318' title='bbox 1462 2325 1741 2376; x_wconf 89' lang='lat' dir='ltr'>rempublicam</span> 
     </span>
     <span class='ocr_line' id='line_1_36' title="bbox 274 2381 1744 2438; baseline 0.001 -14"><span class='ocrx_word' id='word_1_319' title='bbox 274 2390 495 2438; x_wconf 87' lang='lat' dir='ltr'>gesserunt.</span> <span class='ocrx_word' id='word_1_320' title='bbox 551 2382 625 2422; x_wconf 88' lang='lat' dir='ltr'>Isti</span> <span class='ocrx_word' id='word_1_321' title='bbox 645 2390 736 2422; x_wconf 86' lang='lat' dir='ltr'>sunt</span> <span class='ocrx_word' id='word_1_322' title='bbox 754 2383 819 2433; x_wconf 86' lang='lat' dir='ltr'>qui</span> <span class='ocrx_word' id='word_1_323' title='bbox 836 2381 928 2421; x_wconf 91' lang='lat' dir='ltr'>huic</span> <span class='ocrx_word' id='word_1_324' title='bbox 945 2383 1113 2421; x_wconf 79' lang='lat' dir='ltr'>licentiae</span> <span class='ocrx_word' id='word_1_325' title='bbox 1133 2383 1341 2423; x_wconf 88' lang='lat' dir='ltr'>fenestram</span> <span class='ocrx_word' id='word_1_326' title='bbox 1360 2384 1482 2423; x_wconf 78' lang='lat' dir='ltr'>fracta</span> <span class='ocrx_word' id='word_1_327' title='bbox 1501 2392 1659 2424; x_wconf 85' lang='lat' dir='ltr'>senatus</span> <span class='ocrx_word' id='word_1_328' title='bbox 1679 2399 1744 2425; x_wconf 90' lang='lat' dir='ltr'>au-</span> 
     </span>
     <span class='ocr_line' id='line_1_37' title="bbox 277 2445 762 2497; baseline -0.01 -11"><span class='ocrx_word' id='word_1_329' title='bbox 277 2446 458 2486; x_wconf 86' lang='lat' dir='ltr'>ctoritate</span> <span class='ocrx_word' id='word_1_330' title='bbox 476 2445 762 2497; x_wconf 74' lang='lat' dir='ltr'>patefecerunt.</span> 
     </span>
    </p>

    <p class='ocr_par' dir='ltr' id='par_1_5' title="bbox 277 2505 1749 2930">
     <span class='ocr_line' id='line_1_38' title="bbox 330 2505 1743 2558; baseline 0.002 -13"><span class='ocrx_word' id='word_1_331' title='bbox 330 2509 398 2547; x_wconf 78' lang='lat'>20.</span> <span class='ocrx_word' id='word_1_332' title='bbox 428 2507 556 2546; x_wconf 90' lang='lat' dir='ltr'>Penes</span> <span class='ocrx_word' id='word_1_333' title='bbox 583 2518 700 2558; x_wconf 89' lang='lat' dir='ltr'>quem</span> <span class='ocrx_word' id='word_1_334' title='bbox 730 2505 824 2545; x_wconf 89' lang='lat' dir='ltr'>dum</span> <span class='ocrx_word' id='word_1_335' title='bbox 851 2516 1005 2543; x_wconf 87' lang='lat' dir='ltr'>summa</span> <span class='ocrx_word' id='word_1_336' title='bbox 1022 2518 1148 2544; x_wconf 89' lang='lat' dir='ltr'>rerum</span> <span class='ocrx_word' id='word_1_337' title='bbox 1170 2514 1287 2553; x_wconf 90' lang='lat' dir='ltr'>esset,</span> <span class='ocrx_word' id='word_1_338' title='bbox 1309 2519 1386 2546; x_wconf 89' lang='lat' dir='ltr'>non</span> <span class='ocrx_word' id='word_1_339' title='bbox 1416 2508 1743 2556; x_wconf 87' lang='lat' dir='ltr'>accusationibus,</span> 
     </span>
     <span class='ocr_line' id='line_1_39' title="bbox 277 2566 1745 2621; baseline 0.001 -12"><span class='ocrx_word' id='word_1_340' title='bbox 277 2583 357 2609; x_wconf 87' lang='lat' dir='ltr'>non</span> <span class='ocrx_word' id='word_1_341' title='bbox 374 2567 717 2614; x_wconf 86' lang='lat' dir='ltr'>criminationibus,</span> <span class='ocrx_word' id='word_1_342' title='bbox 736 2579 814 2605; x_wconf 90' lang='lat' dir='ltr'>non</span> <span class='ocrx_word' id='word_1_343' title='bbox 833 2566 1116 2613; x_wconf 88' lang='lat' dir='ltr'>exactionibus,</span> <span class='ocrx_word' id='word_1_344' title='bbox 1137 2581 1215 2606; x_wconf 87' lang='lat' dir='ltr'>non</span> <span class='ocrx_word' id='word_1_345' title='bbox 1231 2576 1474 2620; x_wconf 85' lang='lat' dir='ltr'>paupertate,</span> <span class='ocrx_word' id='word_1_346' title='bbox 1491 2583 1617 2621; x_wconf 88' lang='lat' dir='ltr'>neque</span> <span class='ocrx_word' id='word_1_347' title='bbox 1634 2571 1745 2610; x_wconf 88' lang='lat' dir='ltr'>bellis</span> 
     </span>
     <span class='ocr_line' id='line_1_40' title="bbox 277 2627 1747 2683; baseline 0.001 -13"><span class='ocrx_word' id='word_1_348' title='bbox 277 2631 414 2671; x_wconf 86' lang='lat' dir='ltr'>civitas</span> <span class='ocrx_word' id='word_1_349' title='bbox 434 2629 690 2676; x_wconf 88' lang='lat' dir='ltr'>redundabat,</span> <span class='ocrx_word' id='word_1_350' title='bbox 702 2627 771 2667; x_wconf 88' lang='lat' dir='ltr'>sed</span> <span class='ocrx_word' id='word_1_351' title='bbox 787 2627 891 2667; x_wconf 78' lang='lat' dir='ltr'>cives</span> <span class='ocrx_word' id='word_1_352' title='bbox 910 2634 950 2667; x_wconf 90' lang='lat' dir='ltr'>et</span> <span class='ocrx_word' id='word_1_353' title='bbox 969 2628 1066 2667; x_wconf 89' lang='lat' dir='ltr'>inter</span> <span class='ocrx_word' id='word_1_354' title='bbox 1083 2642 1122 2668; x_wconf 91' lang='lat' dir='ltr'>se</span> <span class='ocrx_word' id='word_1_355' title='bbox 1140 2630 1353 2669; x_wconf 90' lang='lat' dir='ltr'>concordes</span> <span class='ocrx_word' id='word_1_356' title='bbox 1370 2639 1407 2669; x_wconf 91' lang='lat' dir='ltr'>et</span> <span class='ocrx_word' id='word_1_357' title='bbox 1424 2632 1621 2683; x_wconf 90' lang='lat' dir='ltr'>tranquilli</span> <span class='ocrx_word' id='word_1_358' title='bbox 1636 2640 1747 2672; x_wconf 86' lang='lat' dir='ltr'>erant</span> 
     </span>
     <span class='ocr_line' id='line_1_41' title="bbox 279 2690 1747 2742; baseline 0.002 -10"><span class='ocrx_word' id='word_1_359' title='bbox 279 2699 320 2733; x_wconf 91' lang='lat' dir='ltr'>et</span> <span class='ocrx_word' id='word_1_360' title='bbox 331 2704 420 2731; x_wconf 91' lang='lat' dir='ltr'>cum</span> <span class='ocrx_word' id='word_1_361' title='bbox 436 2691 520 2730; x_wconf 88' lang='lat' dir='ltr'>aliis</span> <span class='ocrx_word' id='word_1_362' title='bbox 534 2691 721 2729; x_wconf 89' lang='lat' dir='ltr'>universis</span> <span class='ocrx_word' id='word_1_363' title='bbox 736 2697 874 2742; x_wconf 88' lang='lat' dir='ltr'>pacate</span> <span class='ocrx_word' id='word_1_364' title='bbox 889 2690 1081 2729; x_wconf 89' lang='lat' dir='ltr'>vivebant.</span> <span class='ocrx_word' id='word_1_365' title='bbox 1125 2691 1360 2731; x_wconf 86' lang='lat' dir='ltr'>Praebebant</span> <span class='ocrx_word' id='word_1_366' title='bbox 1373 2692 1472 2731; x_wconf 90' lang='lat' dir='ltr'>enim</span> <span class='ocrx_word' id='word_1_367' title='bbox 1488 2707 1529 2732; x_wconf 91' lang='lat' dir='ltr'>se</span> <span class='ocrx_word' id='word_1_368' title='bbox 1545 2701 1583 2732; x_wconf 91' lang='lat' dir='ltr'>et</span> <span class='ocrx_word' id='word_1_369' title='bbox 1599 2694 1747 2735; x_wconf 83' lang='lat' dir='ltr'>Graecis</span> 
     </span>
     <span class='ocr_line' id='line_1_42' title="bbox 279 2752 1747 2806; baseline 0.003 -13"><span class='ocrx_word' id='word_1_370' title='bbox 279 2754 415 2794; x_wconf 85' lang='lat' dir='ltr'>fideles</span> <span class='ocrx_word' id='word_1_371' title='bbox 429 2760 470 2792; x_wconf 90' lang='lat' dir='ltr'>et</span> <span class='ocrx_word' id='word_1_372' title='bbox 480 2753 652 2792; x_wconf 85' lang='lat' dir='ltr'>barbaris</span> <span class='ocrx_word' id='word_1_373' title='bbox 667 2752 945 2792; x_wconf 87' lang='lat' dir='ltr'>formidabiles.</span> <span class='ocrx_word' id='word_1_374' title='bbox 981 2752 1083 2792; x_wconf 91' lang='lat' dir='ltr'>Nam</span> <span class='ocrx_word' id='word_1_375' title='bbox 1099 2754 1185 2793; x_wconf 90' lang='lat' dir='ltr'>illos</span> <span class='ocrx_word' id='word_1_376' title='bbox 1199 2754 1356 2806; x_wconf 90' lang='lat' dir='ltr'>quidem</span> <span class='ocrx_word' id='word_1_377' title='bbox 1372 2765 1660 2804; x_wconf 85' lang='lat' dir='ltr'>conservarant,</span> <span class='ocrx_word' id='word_1_378' title='bbox 1675 2759 1747 2798; x_wconf 90' lang='lat' dir='ltr'>hos</span> 
     </span>
     <span class='ocr_line' id='line_1_43' title="bbox 281 2814 1748 2870; baseline 0.002 -14"><span class='ocrx_word' id='word_1_379' title='bbox 281 2825 407 2856; x_wconf 89' lang='lat' dir='ltr'>autem</span> <span class='ocrx_word' id='word_1_380' title='bbox 429 2815 484 2853; x_wconf 90' lang='lat' dir='ltr'>sic</span> <span class='ocrx_word' id='word_1_381' title='bbox 502 2814 573 2852; x_wconf 86' lang='lat' dir='ltr'>ulti</span> <span class='ocrx_word' id='word_1_382' title='bbox 593 2821 716 2861; x_wconf 91' lang='lat' dir='ltr'>erant,</span> <span class='ocrx_word' id='word_1_383' title='bbox 736 2821 781 2852; x_wconf 92' lang='lat' dir='ltr'>ut</span> <span class='ocrx_word' id='word_1_384' title='bbox 800 2814 900 2853; x_wconf 89' lang='lat' dir='ltr'>bene</span> <span class='ocrx_word' id='word_1_385' title='bbox 920 2827 1052 2853; x_wconf 89' lang='lat' dir='ltr'>secum</span> <span class='ocrx_word' id='word_1_386' title='bbox 1079 2816 1142 2867; x_wconf 85' lang='lat' dir='ltr'>agi</span> <span class='ocrx_word' id='word_1_387' title='bbox 1168 2822 1349 2867; x_wconf 87' lang='lat' dir='ltr'>putarent</span> <span class='ocrx_word' id='word_1_388' title='bbox 1368 2816 1399 2855; x_wconf 91' lang='lat' dir='ltr'>si</span> <span class='ocrx_word' id='word_1_389' title='bbox 1419 2817 1534 2856; x_wconf 91' lang='lat' dir='ltr'>nullis</span> <span class='ocrx_word' id='word_1_390' title='bbox 1560 2826 1748 2870; x_wconf 79' lang='lat' dir='ltr'>praeterea</span> 
     </span>
     <span class='ocr_line' id='line_1_44' title="bbox 282 2876 1749 2930; baseline 0.002 -12"><span class='ocrx_word' id='word_1_391' title='bbox 282 2878 394 2918; x_wconf 89' lang='lat' dir='ltr'>malis</span> <span class='ocrx_word' id='word_1_392' title='bbox 411 2876 665 2916; x_wconf 88' lang='lat' dir='ltr'>afficerentur.</span> <span class='ocrx_word' id='word_1_393' title='bbox 703 2876 817 2915; x_wconf 89' lang='lat' dir='ltr'>Unde</span> <span class='ocrx_word' id='word_1_394' title='bbox 831 2877 946 2915; x_wconf 87' lang='lat' dir='ltr'>etiam</span> <span class='ocrx_word' id='word_1_395' title='bbox 963 2877 1109 2915; x_wconf 88' lang='lat' dir='ltr'>factum</span> <span class='ocrx_word' id='word_1_396' title='bbox 1123 2884 1239 2916; x_wconf 90' lang='lat' dir='ltr'>estut</span> <span class='ocrx_word' id='word_1_397' title='bbox 1254 2878 1292 2916; x_wconf 90' lang='lat' dir='ltr'>in</span> <span class='ocrx_word' id='word_1_398' title='bbox 1308 2891 1451 2930; x_wconf 82' lang='lat' dir='ltr'>magna</span> <span class='ocrx_word' id='word_1_399' title='bbox 1465 2880 1670 2920; x_wconf 89' lang='lat' dir='ltr'>securitate</span> <span class='ocrx_word' id='word_1_400' title='bbox 1686 2883 1749 2921; x_wconf 90' lang='lat' dir='ltr'>de-</span> 
     </span>
    </p>
   </div>
   <div class='ocr_carea' id='block_1_3' title="bbox 283 2938 1747 2995">
    <p class='ocr_par' dir='ltr' id='par_1_6' title="bbox 283 2938 1747 2995">
     <span class='ocr_line' id='line_1_45' title="bbox 283 2938 1747 2995; baseline 0.002 -15"><span class='ocrx_word' id='word_1_401' title='bbox 283 2945 434 2994; x_wconf 81' lang='lat' dir='ltr'>gerent,</span> <span class='ocrx_word' id='word_1_402' title='bbox 452 2945 491 2978; x_wconf 89' lang='lat' dir='ltr'>et</span> <span class='ocrx_word' id='word_1_403' title='bbox 510 2938 701 2991; x_wconf 82' lang='lat' dir='ltr'>pulcriora</span> <span class='ocrx_word' id='word_1_404' title='bbox 721 2950 766 2978; x_wconf 90' lang='lat' dir='ltr'>ac</span> <span class='ocrx_word' id='word_1_405' title='bbox 787 2939 1072 2991; x_wconf 87' lang='lat' dir='ltr'>sumptuosiora</span> <span class='ocrx_word' id='word_1_406' title='bbox 1087 2947 1220 2979; x_wconf 91' lang='lat' dir='ltr'>essent</span> <span class='ocrx_word' id='word_1_407' title='bbox 1239 2940 1404 2980; x_wconf 85' lang='lat' dir='ltr'>aedificia</span> <span class='ocrx_word' id='word_1_408' title='bbox 1424 2949 1462 2981; x_wconf 91' lang='lat' dir='ltr'>et</span> <span class='ocrx_word' id='word_1_409' title='bbox 1481 2951 1689 2995; x_wconf 88' lang='lat' dir='ltr'>apparatus</span> <span class='ocrx_word' id='word_1_410' title='bbox 1709 2945 1747 2983; x_wconf 91' lang='lat' dir='ltr'>in</span> 
     </span>
    </p>
   </div>
  </div>
 </body>
</html>
