1870 3277
266 174 341 210 364
927 173 1045 210 lsAEl

266 278 396 309 natum
424 271 648 322 reliquisset.
706 275 761 312 Ex
781 286 857 325 quo
884 276 1145 326 consequitur,
1167 287 1234 326 per
1258 288 1304 315 ea
1332 275 1415 326 ipsa
1432 289 1518 327 quae
1545 283 1708 327 egerunt

267 331 442 369 falsitatis
461 335 615 384 coargui
632 335 925 374 obtestationem
944 338 991 375 ab
1013 336 1084 375 illis
1104 336 1379 387 interpositam.
1438 337 1488 376 Et
1505 339 1605 376 istud
1625 339 1708 388 qui-

268 392 354 430 dem
379 393 409 431 si
435 394 587 433 callidis
608 396 684 434 suis
705 396 848 435 artibus
868 398 1117 448 perfecissent
1138 404 1181 435 ut
1200 398 1335 436 domus
1363 399 1420 448 [h.
1441 412 1475 437 e.
1497 400 1710 437 substantia

269 452 520 493 Euctemonis
541 464 580 494 et
600 457 916 507 Philoctemonis]
937 458 1163 504 elocaretur,
1182 458 1372 510 praeclusa
1387 460 1467 510 jam
1488 467 1590 498 esset
1608 460 1710 498 hisce

268 514 540 563 [Chaerestrato
567 526 605 555 et
632 519 873 557 consortibus
900 519 1002 570 ejus]
1026 520 1277 558 hereditatem
1299 521 1454 571 petendi
1480 521 1566 559 viat
1608 534 1711 559 nunc

267 582 410 621 autem,
436 590 654 629 quanquam
682 579 838 630 judices
865 593 1021 620 causam
1042 595 1172 620 eorum
1195 582 1427 620 damnarunt
1456 588 1571 632 atque
1592 595 1709 632 nega-

268 637 465 688 runtjuris
485 639 688 690 quicquam
709 640 783 678 illis
804 642 841 680 in
861 641 1111 681 hereditatem
1131 650 1365 694 competere,
1384 649 1513 682 tamen
1533 656 1610 681 non
1631 644 1712 681 ausi

269 697 386 736 modo
415 706 506 737 sunt
534 713 618 739 eam
646 708 790 751 petere,
819 703 888 741 sed
917 703 1029 742 etiam
1055 717 1123 755 pro
1148 704 1359 743 incredibili
1388 717 1457 742 sua
1480 704 1714 754 modumque

267 759 477 798 excedente
498 761 660 800 audacia
691 770 829 813 praeter
849 764 923 803 alia
951 765 1049 804 falsa
1069 779 1092 803 a
1111 779 1151 804 se
1179 766 1331 816 prodita
1350 766 1464 804 etiam
1491 765 1565 803 hoc
1587 765 1713 804 testati

269 827 373 866 sunt,
393 820 463 859 hos
482 834 621 872 pueros
642 823 888 864 Euctemonis
910 825 1069 864 heredes
1095 839 1194 872 esse,
1213 839 1310 876 quos
1333 826 1485 876 judices
1513 826 1712 876 reprobas-

268 888 355 921 sent
375 888 489 932 atque
507 883 580 922 ista
599 884 811 924 hereditate
832 887 1058 925 arcuissent.

324 943 384 981 10.
414 944 491 981 Sed
519 951 558 982 et
583 945 710 983 adhuc
745 946 854 984 testis
887 946 1007 996 ipsius
1039 946 1280 996 [Androclis]
1309 955 1482 997 spectate
1515 947 1715 987 audaciam

269 1009 384 1052 atque
403 1004 694 1055 impudentiam,
719 1006 784 1056 qui
814 1019 882 1057 pro
901 1020 940 1045 se
959 1007 1115 1058 quidem
1141 1008 1179 1044 in
1203 1008 1291 1058 jure
1314 1008 1422 1059 petiit
1442 1007 1556 1046 filiam
1576 1009 1715 1046 Eucte-

269 1064 406 1110 monis,
437 1072 478 1104 ut
505 1078 528 1103 a
550 1067 747 1117 judicibus
782 1068 852 1106 sibi
882 1068 1181 1119 adjudicandam
1213 1070 1356 1120 quippe
1382 1069 1568 1108 bonorum
1597 1069 1716 1120 patris

268 1123 464 1172 heredem,
484 1140 570 1169 cum
591 1141 714 1179 eaque
741 1129 913 1180 quintam
932 1131 1119 1173 bonorum
1138 1138 1282 1182 partem
1303 1130 1413 1182 petiit
1436 1137 1480 1169 ut
1497 1138 1717 1170 controver-

269 1185 335 1229 siae
355 1193 563 1237 patentem,
588 1196 627 1227 et
645 1190 706 1228 hie
732 1198 860 1229 tamen
886 1191 987 1232 idem
1007 1198 1169 1234 testatus
1197 1199 1257 1230 est
1282 1191 1508 1230 Euctemoni
1528 1191 1716 1242 genuinos

267 1259 466 1298 superesse
496 1250 608 1291 filios.
665 1252 784 1303 Atqui
815 1253 1011 1303 quomodo
1038 1260 1198 1304 negetur
1222 1253 1326 1292 hunc
1351 1252 1625 1304 [Androclem]
1647 1266 1717 1292 sua

269 1316 390 1351 semet
409 1311 488 1351 sica
506 1312 705 1364 perspicue
719 1314 896 1365 jugulare
917 1314 1140 1365 dictumque
1160 1316 1208 1355 ab
1226 1315 1310 1366 ipso
1331 1314 1587 1353 testimonium
1609 1326 1716 1351 men-

269 1368 369 1408 dacii
381 1373 622 1422 coarguere?
671 1374 769 1412 Nam
791 1375 822 1412 si
842 1375 940 1414 filius
961 1376 1190 1419 Euctemoni
1207 1377 1397 1426 genuinus
1418 1374 1502 1420 fuit,
1523 1374 1594 1412 fuit
1613 1377 1716 1422 ejus-

268 1430 358 1469 dem
379 1432 624 1475 Euctemonis
645 1435 723 1477 filia
740 1435 961 1475 hereditatis
981 1436 1172 1475 adeundae
1185 1437 1270 1487 jure
1291 1437 1394 1474 omni
1413 1449 1539 1482 cassa,
1561 1436 1718 1486 ipsaque

267 1490 460 1536 hereditas
478 1497 748 1535 controversiae
775 1510 852 1540 non
870 1498 942 1536 fuit
959 1499 1138 1537 obnoxia.
1194 1498 1428 1537 Androclem
1452 1504 1579 1536 autem
1601 1497 1717 1535 hasce

270 1553 488 1598 sortitiones
515 1557 690 1597 sortitum
710 1571 797 1597 esse
818 1559 874 1609 [h.
900 1573 936 1597 e.
957 1572 1005 1597 ex
1025 1560 1211 1598 ambobus
1239 1558 1361 1597 titulis
1381 1559 1630 1597 hereditatem
1651 1571 1718 1609 pe·

270 1614 388 1662 tiisse,
407 1621 483 1655 tam
503 1630 572 1667 pro
591 1626 713 1659 semet
732 1619 831 1670 ipso,
851 1633 966 1670 quam
986 1633 1055 1671 pro
1073 1620 1229 1672 pupillis
1248 1620 1346 1669 suis]
1369 1627 1411 1658 ut
1428 1619 1535 1659 vobis
1555 1626 1719 1666 constet,

262 1675 430 1726 judices,
450 1677 575 1716 scriba
588 1678 651 1718 hic
670 1681 777 1721 vobis
792 1680 876 1719 haec
896 1681 1069 1723 recitabit
1088 1681 1319 1721 testimonia.

815 1783 1169 1822 TESTIMONIA.

269 1860 408 1900 Evenit
426 1862 557 1913 itaque
571 1869 707 1906 contra
722 1870 838 1914 atque
852 1864 891 1901 in
910 1863 996 1915 lege
1015 1865 1200 1916 scriptum
1219 1871 1291 1910 est,
1314 1864 1368 1902 sic
1386 1863 1576 1910 edicente,
1596 1878 1718 1915 neque

267 1923 395 1973 spurio
421 1934 546 1974 neque
565 1924 704 1976 spuriae
733 1925 1108 1976 consanguinitatem
1134 1938 1218 1964 esse
1246 1938 1368 1977 neque
1389 1926 1509 1965 sacris
1537 1927 1576 1964 in
1605 1928 1719 1965 rebus

267 1996 395 2034 neque
418 1984 457 2021 in
479 1984 653 2023 civilibus
681 1985 771 2024 inde
797 1987 844 2024 ab
867 1986 1028 2025 Euclide
1055 1986 1261 2026 archonte:
1311 1987 1569 2026 Androclides
1592 1995 1719 2026 autem
1742 2035 1749 2038 ξ

267 2037 382 2095 atque
407 2046 620 2085 Antidorus
643 2060 798 2098 aequum
828 2048 1059 2095 existimant,
1079 2062 1175 2100 quas
1193 2049 1233 2086 in
1252 2049 1432 2087 confesso
1451 2056 1511 2088 est
1530 2049 1719 2100 genuinas

267 2104 518 2151 Euctemonis
541 2108 640 2151 filias
667 2122 765 2155 esse,
790 2122 856 2148 eas
883 2123 1091 2161 earumque
1117 2110 1288 2148 sobolem
1315 2124 1338 2149 a
1366 2124 1408 2149 se
1436 2111 1548 2149 bonis
1575 2111 1719 2148 Eucte—

268 2166 390 2213 monis
409 2175 525 2217 atque
552 2168 852 2209 Philoctemonis
879 2172 1058 2222 spoliari;
1089 2178 1128 2210 et
1145 2185 1232 2223 quae
1258 2172 1392 2210 mulier
1412 2172 1553 2223 injecto
1580 2172 1721 2210 Eucte-

266 2227 391 2274 rnonis
416 2229 534 2273 menti
553 2230 682 2268 furore
702 2239 912 2271 consecuta
937 2232 1013 2271 hoc
1033 2241 1106 2280 est,
1133 2240 1173 2271 ut
1193 2245 1334 2284 magna
1360 2241 1470 2284 parte
1490 2234 1720 2273 facultatum

265 2288 348 2339 ejus
367 2289 566 2340 potiretur,
581 2303 627 2329 ea
644 2304 685 2328 se
698 2298 777 2329 tam
793 2293 893 2343 ger-it
907 2294 1131 2340 insolenter,
1145 2294 1205 2332 his
1219 2307 1357 2346 nempe
1376 2294 1590 2346 [Androcle
1603 2302 1717 2347 atque
1733 2308 1735 2311 ’

266 2348 476 2402 ᾼῃῐίᾶουο]
496 2351 637 2397 fidens,
653 2359 696 2390 ut
715 2366 792 2392 non
809 2354 1058 2394 Euctemonis
1075 2356 1190 2395 modo
1209 2357 1464 2404 necessarios,
1483 2357 1551 2396 sed
1565 2357 1716 2395 univer-

267 2421 348 2459 sam
375 2410 474 2449 adeo
496 2412 690 2452 civitatem
715 2414 941 2466 vilipendat·
998 2416 1120 2469 Cujus
1146 2418 1202 2456 rei
1222 2418 1283 2456 vel
1313 2431 1430 2456 unum
1458 2418 1581 2457 solum
1610 2419 1718 2457 testi-

267 2471 436 2520 monium
454 2473 519 2511 ubi
537 2474 747 2521 audieritis,
773 2475 877 2514 facili
895 2478 1051 2528 negotio
1077 2478 1242 2518 mulieris
1262 2479 1363 2518 illius
1389 2480 1590 2518 audaciam
1609 2479 1716 2530 leges

264 2539 532 2583 aspernantem
552 2540 591 2573 et
608 2535 814 2574 violantem
833 2538 1091 2589 cognoscetis.
1149 2539 1258 2591 Cape
1277 2547 1319 2578 tu
1338 2540 1429 2578 mihi
1454 2540 1552 2579 hanc
1572 2540 1712 2591 legem.

936 2647 1052 2686 LEX.

269 2721 415 2763 Literas
440 2725 557 2765 hasce
585 2727 644 2778 [h.
664 2740 700 2766 e.
721 2727 938 2767 sanctiones
966 2727 1160 2767 literarum
1186 2729 1444 2771 monumentis
1471 2727 1714 2779 consignatas

269 2783 318 2822 de
335 2784 584 2826 observandis
611 2788 858 2840 religionibus
886 2802 1080 2830 sactorum
1099 2790 1486 2841 Thesmophoriorum
1505 2796 1544 2828 et
1564 2790 1715 2829 Eleusi-

269 2844 438 2895 niorum}
458 2847 630 2888 voluistis
650 2863 732 2897 vos,
755 2851 921 2902 judices,
948 2859 1027 2892 tam
1052 2863 1137 2890 esse
1154 2852 1392 2890 venerabiles
1418 2857 1602 2902 tantaque
1630 2863 1715 2903 poe-

269 2918 402 2946 aarum
435 2909 638 2948 severitate
669 2911 850 2962 pietatem
883 2925 975 2963 erga
1007 2913 1100 2952 deos
1133 2912 1313 2953 tuendam
1344 2913 1541 2959 sanxistis,
1576 2913 1714 2958 summi
