1870 3277
439 169 510 206 DE
541 166 887 205 DICAEOGENIS
919 163 1292 202 HEREDITATE.
1513 162 1585 200 351

772 268 968 308 TESTIS.

206 351 244 388 6.
275 350 334 387 De
354 351 590 401 reparatione
604 348 730 387 balnei
749 353 875 385 autem
890 345 1048 396 ejusque
1062 343 1314 380 instrumento
1326 355 1348 381 a
1362 356 1402 381 se
1419 341 1596 394 suppleto

153 418 192 450 et
217 411 535 450 aedificationibus
560 411 590 448 si
617 423 720 448 nunc
739 415 887 459 quoque
916 405 1082 457 proferet
1106 403 1240 441 eadem
1259 416 1345 454 quae
1369 404 1596 455 jamdudum

155 473 371 524 praetendit,
390 486 458 511 nos
480 473 669 517 nimirum,
689 480 784 520 quos
804 469 838 507 ei
865 474 1041 519 sumptus
1062 466 1184 504 factos
1210 466 1468 504 resundendos
1489 476 1596 505 rece÷

154 535 358 586 pissemus,
373 548 439 573 eos
460 547 535 572 non
552 532 754 576 refudisse,
778 537 816 568 et
835 535 1036 581 propterea
1057 536 1098 566 se
1118 540 1195 565 non
1216 528 1380 578 'potuisse
1401 528 1596 566 creditori—

154 597 227 633 bus
249 595 483 641 satisfacere,
502 595 664 644 ideoque
682 592 791 631 nobis
812 601 962 642 quoque
979 603 1026 628 ea
1050 602 1126 627 non
1152 588 1324 640 potuisse
1344 588 1491 626 tradere
1511 600 1597 638 quae

156 657 328 700 deberet;
357 668 550 694 occurram
567 655 600 692 ei
613 654 680 693 sic.
737 654 824 697 Quo
840 658 1023 703 tempore,
1035 650 1203 702 judices,
1218 662 1344 688 coram
1356 648 1501 700 judicio
1517 656 1598 686 tum

158 732 271 769 super
295 718 367 756 hac
391 730 431 755 re
449 716 578 754 habito
596 728 683 753 eum
709 716 942 766 cogebamus
961 713 1021 751 his
1041 713 1089 750 de
1109 712 1214 750 bonis
1234 714 1338 762 [quae
1357 710 1466 748 nobis
1486 710 1601 748 debet

157 787 195 818 et
226 791 386 830 quorum
415 777 654 828 usucapione
689 789 759 814 nos
790 775 912 824 arcet]
943 773 1143 819 decedere,
1179 774 1216 810 in
1248 772 1600 823 compensationem

157 847 375 889 sumptuum
401 840 449 876 ab
468 839 551 889 ipso
570 846 646 876 tam
677 839 715 875 in
736 849 893 891 munera
911 836 1065 887 publica
1082 835 1217 872 horum
1244 836 1430 872 bonorum
1449 835 1603 872 nomine

155 913 269 950 quam
283 900 322 938 in
336 900 610 938 aedificationes
622 900 810 937 factorum
823 887 1061 950 permisimus
1075 896 1128 934 illi
1139 896 1272 934 horum
1288 898 1474 933 bonorum
1487 907 1600 933 usum

153 961 319 1000 fructum
352 963 433 1013 [illo
454 961 718 1000 duodecennio
747 967 984 1012 perceptum.
1004 971 1080 1010 quo
1105 959 1170 996 illa
1188 958 1409 1007 tenuisset]‚
1435 959 1490 996 ita
1519 958 1601 996 fieri
1624 1001 1628 1004 ⁴

157 1022 295 1061 debere
315 1023 765 1074 censentibusjudicibus
786 1022 830 1060 iis
852 1022 916 1073 qui
935 1028 1016 1059 tum
1038 1021 1248 1059 sedebant:
1279 1027 1447 1071 tempore
1469 1027 1598 1057 autem

157 1090 244 1134 post
272 1084 447 1123 dedimus
477 1085 509 1122 ei
534 1096 610 1122 non
639 1083 777 1130 coacti,
798 1084 866 1121 sed
896 1089 1028 1134 sponte
1057 1089 1201 1128 nostra,
1221 1081 1336 1119 veluti
1364 1081 1598 1133 praecipuum

159 1145 314 1196 aliquod
333 1159 355 1184 a
373 1146 521 1197 reliqua
539 1159 667 1183 massa
686 1149 919 1196 separatum,
939 1144 1093 1182 domum
1115 1143 1151 1180 in
1173 1144 1278 1188 urbe,
1305 1156 1421 1194 quam
1441 1144 1600 1180 haberet

158 1206 283 1244 adhuc
295 1213 433 1258 praeter
450 1207 624 1245 trientem
642 1206 864 1244 hereditatis
880 1205 917 1242 in
932 1204 1280 1255 compensationem
1297 1210 1600 1255 reparaturarum

157 1280 252 1318 quas
279 1268 332 1306 ait
350 1281 372 1305 a
391 1281 432 1306 se
456 1268 591 1313 factas,
611 1280 800 1318 quamque
828 1266 1080 1316 Dicaeogenes
1107 1265 1305 1302 Philonico
1325 1265 1602 1315 quinquaginta

159 1329 271 1366 minis
290 1329 475 1372 vendidit.
531 1329 718 1366 Dedimus
739 1334 866 1365 autem
890 1340 959 1364 nos
980 1327 1083 1364 illam
1106 1326 1262 1363 domum
1283 1326 1600 1378 Di-caeogeni,ju-

161 1389 276 1435 dices,
296 1400 371 1426 non
392 1390 440 1426 ob
466 1389 565 1426 illius
586 1390 813 1440 probitatem
835 1395 950 1438 atque
974 1385 1206 1433 comitatem,
1226 1387 1294 1425 sed
1322 1401 1399 1438 quo
1418 1394 1601 1427 testatum

160 1451 371 1490 faceremus
401 1450 554 1489 divitias
584 1464 606 1488 a
626 1451 736 1488 nobis
757 1450 875 1502 pluris
898 1461 975 1487 non
1000 1450 1080 1487 fieri
1108 1459 1222 1500 quam
1248 1451 1499 1497 necessarios,
1526 1451 1604 1490 sint

160 1513 249 1551 licet
267 1526 381 1563 quam
405 1512 637 1560 nequissimi.
695 1512 793 1549 Nam
814 1519 927 1549 antea
945 1524 1111 1562 quoque,
1131 1524 1248 1562 quum
1267 1524 1386 1563 penes
1414 1522 1482 1550 nos
1501 1519 1604 1552 esset

162 1575 436 1626 D1caeogenem
453 1575 585 1613 ulcisci
604 1582 642 1612 et
660 1574 822 1612 fortunis
842 1574 1035 1612 denudare
1057 1574 1244 1619 omnibus,
1266 1582 1391 1613 tamen
1410 1575 1602 1615 noluimus

162 1637 350 1674 bonorum
379 1636 461 1687 ejus
493 1636 609 1673 ullam
630 1635 668 1672 in
697 1643 842 1686 partem
870 1635 1062 1679 invadere,
1086 1635 1153 1672 sed
1183 1635 1272 1673 satis
1304 1635 1505 1675 habuimus
1531 1650 1602 1677 nos

163 1704 294 1735 nostra
321 1710 560 1748 recuperare.
617 1696 687 1734 Ille
717 1703 850 1734 cor-:tra
887 1696 1057 1747 superior
1084 1696 1209 1734 factus
1243 1697 1419 1747 spoliavit
1448 1711 1531 1744 nos,
1566 1706 1604 1738 et

162 1770 403 1809 quaecunque
422 1758 546 1809 potuit
569 1758 678 1795 nobis
701 1758 852 1808 eripuit,
872 1765 908 1795 et
936 1757 1183 1808 pessumdare
1204 1770 1274 1796 nos
1300 1756 1446 1797 laborat
1465 1773 1541 1798 non
1561 1767 1604 1799 ut

163 1827 350 1870 cognatos
370 1819 438 1858 sed
458 1826 501 1857 ut
515 1819 687 1857 inimicos
705 1819 890 1856 homines.
948 1817 1188 1856 Proferemus
1209 1819 1335 1857 adhuc
1351 1820 1454 1858 aliud
1469 1820 1604 1872 ingens

163 1887 204 1919 et
224 1881 380 1919 evidens
411 1881 682 1918 documentum
702 1887 740 1918 et
765 1888 912 1918 morum
937 1884 1153 1918 nostrorum
1173 1887 1212 1918 et
1237 1880 1505 1919 scelerositatis
1528 1894 1605 1933 qua

167 1943 421 1994 Dicaeogenes
442 1942 503 1980 hic
523 1943 700 1980 obsessus
729 1949 892 1980 tenetur.
949 1942 992 1979 In
1010 1954 1056 1979 eo
1074 1951 1162 1980 cum
1180 1949 1285 1980 esset
1302 1942 1403 1980 actio
1422 1943 1604 1982 adversus

167 2005 438 2043 Leocharetem
456 2005 547 2042 utin
563 2004 725 2042 tribunal
738 2004 949 2048 inferretur,
964 2013 1094 2042 mense
1108 2004 1607 2057 Maemacterione,judices,

163 2067 442 2105 conveniebant
461 2079 530 2104 nos
551 2066 763 2104 Leochares
784 2073 899 2117 atque
916 2066 1185 2117 Dicaeogenes,
1202 2073 1382 2118 rogantes
1400 2074 1455 2115 ut,
1473 2081 1606 2120 prose-

167 2128 321 2166 cutione
336 2128 413 2166 litis
432 2128 572 2166 forensi
593 2126 696 2165 aliud
717 2128 754 2166 in
774 2134 924 2178 tempus
944 2129 1100 2180 rejecta,
1118 2128 1217 2166 viam
1236 2128 1522 2180 compositionis
1540 2144 1609 2183 per

167 2189 328 2228 arbitros
347 2189 451 2240 prius
471 2189 740 2241 experiremur.
796 2189 946 2233 Quibus
973 2202 1058 2235 nos,
1081 2190 1186 2240 quasi
1207 2189 1353 2227 minuta
1373 2191 1551 2243 quapiam
1570 2193 1609 2231 in

166 2264 207 2290 re
233 2251 326 2298 laesi,
356 2251 502 2289 assensi
535 2257 696 2302 quatuor
725 2251 873 2289 arbitris
903 2251 1009 2289 litem
1037 2251 1275 2303 permisimus
1305 2251 1610 2304 disceptandam,

166 2325 328 2364 quorum
360 2313 470 2351 binos
499 2313 639 2351 alteros
666 2325 736 2350 nos
765 2311 1067 2359 adducebamus,
1096 2312 1233 2351 alteros
1263 2313 1328 2351 illi.
1385 2314 1524 2352 Coram
1550 2315 1609 2353 his

167 2375 423 2427 promisimus,
445 2387 515 2413 nos
536 2375 583 2412 ab
600 2387 729 2412 eorum
746 2375 925 2413 arbitratu
946 2388 1023 2413 non
1043 2374 1291 2421 discessuros,
1313 2375 1379 2413 sed
1402 2375 1434 2413 ei
1455 2376 1610 2427 acquie-

166 2445 272 2475 turos
302 2450 400 2483 esse,
430 2443 544 2488 atque
573 2436 889 2487 compromissum
920 2435 993 2475 hoc
1018 2430 1266 2488 jurejurando
1295 2436 1505 2474 sanximus.
1562 2437 1611 2476 Et

168 2499 297 2538 arbitri
320 2512 398 2550 prae
428 2511 469 2537 se
497 2498 683 2544 ferebant,
717 2497 748 2536 si
779 2497 859 2536 fieri
886 2505 1021 2550 posset
1045 2504 1088 2536 ut
1119 2499 1255 2535 bonam
1287 2497 1324 2534 in
1353 2497 1512 2548 gratiam
1542 2509 1610 2536 nos

169 2559 464 2600 reconciliarent
486 2559 668 2610 litemque
694 2565 861 2598 nostram
880 2559 1032 2598 blandis
1052 2566 1089 2597 et
1116 2558 1325 2597 commodis
1346 2558 1468 2596 verbis
1496 2570 1611 2610 expe-

170 2618 307 2668 ditent,
328 2635 367 2661 se
389 2621 556 2661 facturos
575 2622 775 2673 injuratos,
794 2621 852 2660 sin
873 2628 998 2660 autem
1019 2621 1154 2666 minus,
1176 2621 1289 2659 etiam
1312 2633 1351 2659 se
1370 2621 1471 2672 ipsos
1486 2620 1611 2673 jusju-

172 2683 330 2722 randum
347 2684 470 2723 dicere
489 2681 592 2721 haud
610 2696 694 2721 esse
711 2691 969 2728 recusaturos,
981 2694 1102 2732 eoque
1118 2682 1222 2720 dicto
1238 2683 1294 2720 sic
1315 2682 1468 2720 demum
1484 2682 1613 2722 decla·

172 2751 319 2783 raturos
351 2757 437 2795 quae
466 2744 538 2784 sibi
559 2737 697 2783 'nostra
722 2745 758 2782 in
792 2757 910 2783 causa
936 2744 1043 2795 justa
1073 2750 1110 2780 et
1138 2754 1249 2794 aequa
1278 2756 1363 2781 esse
1382 2743 1611 2783 viderentur.

171 2807 262 2844 Hoc
281 2813 395 2858 pacto
424 2816 511 2844 cum
529 2819 599 2845 nos
627 2805 758 2844 iterum
789 2805 1002 2855 iterumque
1030 2803 1301 2855 interrogando
1323 2804 1557 2855 seorsimque
1577 2814 1615 2844 et

173 2864 380 2918 'copulatim
409 2866 621 2917 percontati
653 2874 784 2906 essent
809 2877 1011 2916 rerumque
1042 2873 1237 2917 gestarum
1266 2865 1437 2904 ordinem
1467 2866 1613 2905 intelle-

175 2929 334 2974 xissent,
354 2927 573 2966 arbitrorum
595 2928 702 2966 alteri
723 2927 891 2980 quidem,
911 2926 964 2965 illi
983 2927 1059 2964 duo
1078 2939 1173 2977 quos
1191 2940 1263 2978 ego
1282 2927 1370 2965 mihi
1394 2927 1612 2979 delegeram

175 2997 291 3040 atque
328 2989 503 3034 tuleram,
533 2986 724 3028 Diotimus
760 2995 798 3027 et
827 2988 1068 3038 Melampus,
1097 2988 1218 3039 parati
1249 2997 1355 3026 erant
1383 2991 1611 3027 sententiam
