1870 3277
285 157 361 194 340
949 155 1063 193 lSAEI

283 268 387 298 esset
406 271 577 311 compos.
613 261 720 298 Ante
739 261 867 299 omnia
885 262 1014 312 itaque
1034 258 1313 311 dispiciendum
1327 258 1434 296 vobis
1453 265 1524 304 est,
1537 271 1626 296 num
1641 258 1727 309 [Ni-

284 321 495 370 costratus]
516 329 785 360 testamentum
807 323 1013 374 scripserit,
1030 330 1110 360 tum
1133 320 1164 358 si
1185 320 1388 370 scripserit,
1408 327 1558 358 rectene
1579 321 1728 370 sapiens

285 382 479 434 scripserit
503 396 550 421 an
579 384 789 434 desipiens.
845 384 1045 422 Aientibus
1073 383 1172 421 enim
1205 381 1430 420 adversariis
1460 388 1729 419 testamentum

284 456 367 482 esse
387 444 576 491 relictum,
595 446 703 483 nobis
725 452 857 484 contra
878 447 1122 496 negantibus,
1143 444 1252 494 ecqui
1273 442 1487 480 decernetis
1508 455 1531 479 a
1547 442 1731 480 delirante

285 506 468 558 scriptum
501 520 600 552 esse,
621 509 841 559 priusquam
871 515 974 546 certo
1004 506 1218 546 constiterit
1242 505 1289 542 de
1310 505 1382 542 hoc
1404 503 1507 554 quod
1527 510 1730 541 testamen-

284 575 367 606 tum
387 570 605 621 scripserit?
649 571 812 616 Videtis,
831 583 945 621 quam
971 570 1126 608 difficile
1146 569 1195 607 sit
1214 566 1512 618 deprehendere,
1533 578 1625 602 num
1644 577 1733 602 vera

286 630 416 669 dicant
435 632 473 669 hi
493 633 557 682 qui
577 646 624 670 ex
646 633 757 671 titulo
776 633 992 671 donationis
1008 631 1302 670 testamentariae
1323 628 1554 667 hereditates
1577 633 1731 677 petunt:

284 693 524 743 cognationis
545 701 672 732 autem
695 707 742 732 ex
755 694 867 732 titulo
883 701 1058 746 petentes
1075 694 1125 731 nil
1143 694 1286 731 habent
1300 704 1394 742 opus
1408 698 1451 727 ut
1463 697 1580 727 testes
1593 688 1732 739 produ-

283 755 445 801 cant‚ad
456 755 675 793 docendum
691 755 847 807 dejure,
862 756 966 806 quod
981 754 1345 801 iisest‚hereditates
1359 751 1735 803 petendi—constat

286 816 384 853 enim
405 816 503 854 inter
524 830 658 855 omnes
678 817 848 856 defuncti
866 819 1053 869 cujusque
1073 819 1175 855 bona
1200 816 1249 853 ad
1276 814 1468 865 proximos
1489 813 1524 850 in
1548 812 1734 862 sanguine

286 876 466 915 devenire
481 900 553 923 —‚
576 878 716 916 deinde
735 891 810 916 non
832 878 907 915 illae
937 877 1177 916 solummodo
1198 876 1302 926 leges
1332 888 1420 922 quae
1445 875 1533 925 jura
1550 880 1735 923 cognato-

285 951 368 975 rum
391 939 593 985 definiunt,
614 940 684 977 sed
703 939 764 976 hae
785 952 937 990 quoque
957 952 1045 989 quae
1065 939 1113 976 de
1133 937 1403 975 donationibus
1425 948 1488 986 per
1506 942 1736 972 testamenta

284 999 473 1037 faciundis
501 1000 744 1051 praecipiunt,
766 1000 945 1038 secundae
979 1006 1070 1037 sunt
1097 997 1285 1049 cognatis,
1315 1003 1490 1034 vetantes
1516 1008 1735 1046 quenquam

284 1060 387 1097 bona
403 1073 471 1098 sua
489 1061 668 1112 cuiquam
695 1062 802 1106 dare,
823 1068 889 1099 aut
908 1074 988 1112 prae
1010 1060 1116 1098 senio
1137 1059 1362 1097 delirantem
1383 1064 1449 1095 aut
1469 1057 1652 1094 furiosum
1672 1069 1737 1107 per

284 1120 542 1159 valetudinem
563 1122 724 1174 aliisque
745 1123 795 1160 de
815 1123 943 1160 causis
964 1135 1060 1172 quas
1078 1134 1145 1158 vos
1165 1133 1298 1158 ornnes
1318 1118 1475 1161 tenetis;
1506 1119 1736 1169 cognatione

287 1189 415 1220 autem
437 1189 480 1221 ut
499 1184 661 1235 quisque
682 1185 878 1235 proximus
910 1191 981 1228 est,
1004 1184 1056 1221 ita
1081 1182 1253 1220 defuncti
1282 1183 1382 1219 bona
1410 1180 1489 1218 adit
1507 1187 1546 1217 et
1565 1179 1738 1230 suscipit,

284 1257 528 1296 quaecunque
554 1246 727 1285 defuncti
758 1246 943 1291 conditio,
965 1246 1045 1283 sive
1077 1258 1172 1282 sana
1200 1245 1232 1282 ei
1263 1256 1382 1289 mens,
1413 1242 1489 1280 sive
1520 1255 1624 1292 aegra
1654 1242 1736 1279 fuit.

285 1306 479 1345 Praeterea
508 1310 748 1346 testamentis
777 1321 853 1346 non
885 1308 1047 1359 potestis
1075 1307 1206 1352 fidere,
1227 1306 1301 1344 nisi
1321 1319 1387 1356 per
1407 1304 1660 1342 interventum
1682 1311 1737 1341 te-

285 1369 413 1415 stium,
428 1382 450 1407 a
471 1370 610 1420 quibus
638 1370 749 1408 facile
769 1370 872 1407 factu
893 1376 952 1407 est
973 1376 1012 1406 ut
1033 1368 1438 1419 decipiamini—nam
1460 1366 1491 1403 si
1506 1372 1624 1403 testes
1643 1365 1737 1402 nulli

281 1430 440 1469 fallaces
462 1439 592 1470 essent
610 1433 657 1470 ab
677 1433 801 1482 iisque
820 1444 887 1469 vos
908 1431 987 1469 falli
1009 1431 1040 1468 si
1060 1437 1241 1480 negatum
1270 1437 1384 1473 esset,
1405 1441 1520 1466 eccur
1548 1427 1736 1465 institutae

283 1498 322 1529 et
340 1493 377 1529 in
398 1506 468 1530 usu
489 1494 560 1531 fori
581 1501 714 1531 essent
728 1493 899 1531 actiones
915 1493 1144 1543 exceptoriae
1158 1491 1206 1529 de
1227 1490 1334 1528 falsis
1354 1489 1466 1527 dictis
1487 1487 1739 1527 testimoniis?

283 1575 348 1597 -,
370 1554 600 1603 cognatione
630 1562 758 1592 autem
786 1554 905 1592 fidere
926 1554 1035 1591 vobis
1062 1553 1153 1591 licet
1177 1565 1247 1603 per
1267 1560 1415 1589 vosmet
1433 1552 1551 1602 ipsos;
1583 1551 1739 1601 cognati

284 1615 385 1654 enim
418 1615 468 1653 de
496 1616 772 1654 hereditatibus
802 1628 847 1653 ex
876 1615 1025 1653 illarum
1053 1615 1184 1665 legum
1213 1613 1436 1664 praescripto
1461 1619 1622 1657 certant,
1644 1625 1740 1662 quas

283 1679 438 1729 ipsimet
457 1691 526 1717 vos
546 1679 742 1717 sanxistis.
802 1679 927 1716 Etiam
949 1678 997 1716 ad
1018 1678 1092 1715 hoc
1113 1690 1182 1715 vos
1204 1684 1366 1714 mentem
1395 1675 1593 1714 attendere
1613 1675 1738 1721 velim,

276 1739 445 1792 judices:
478 1740 700 1787 adversarii,
720 1754 766 1778 ex
785 1740 898 1779 titulo
925 1740 1222 1778 testamentariae
1248 1738 1466 1776 donationis
1488 1737 1737 1775 hereditatem

285 1801 495 1840 Nicostrati
514 1809 704 1853 petentes,
726 1803 758 1840 si
778 1809 855 1840 tam
874 1801 1108 1839 familiariter
1128 1801 1186 1838 usi
1208 1800 1429 1837 Nicostrato
1449 1798 1615 1836 fuissent
1632 1807 1674 1835 ut
1694 1811 1739 1836 ea

285 1864 333 1902 de
350 1877 390 1903 re
409 1864 505 1902 inter
524 1877 658 1902 omnes
677 1871 887 1910 constaret,
903 1876 979 1901 non
992 1869 1297 1913 consequeretur
1310 1861 1463 1912 quidem
1478 1873 1524 1898 ex
1537 1873 1581 1898 eo
1595 1860 1738 1911 planis-

284 1925 376 1963 sime
393 1925 660 1963 Nicostratum
677 1925 750 1963 illis
770 1926 872 1963 bona
890 1937 959 1962 sua
974 1925 1141 1975 legasse,
1156 1924 1256 1961 foret
1276 1930 1402 1960 tamen
1423 1921 1546 1959 multo
1560 1929 1638 1959 tum
1653 1933 1738 1971 spes

283 1986 516 2038 probabilior
536 1987 622 2025 illos
643 1987 784 2025 tabulis
805 1987 1024 2024 testamenti
1045 1986 1163 2035 fidem
1184 1985 1353 2023 oratione
1382 1997 1452 2022 sua
1476 1997 1562 2022 esse
1588 1983 1738 2020 adstru-

285 2056 437 2092 cturos3
467 2049 685 2100 complures
714 2048 813 2086 enim
839 2048 910 2086 visi
941 2054 1044 2093 sunt,
1067 2047 1170 2098 quod
1202 2046 1327 2084 animo
1358 2058 1381 2082 a
1408 2045 1582 2095 cognatis
1609 2051 1740 2082 essent

284 2110 479 2156 alieniore,
501 2111 643 2149 amicos
659 2111 704 2148 iis
725 2110 938 2161 praetulisse
962 2109 1068 2147 nulla
1088 2121 1220 2147 secum
1236 2107 1521 2147 necessitudine
1542 2106 1740 2157 sanguinis

285 2172 533 2223 conjunctos:
557 2174 637 2219 jam
667 2185 755 2210 vero
787 2178 938 2209 constat
965 2171 1035 2209 hos
1065 2170 1305 2208 adversarios
1337 2176 1488 2207 nostros
1520 2168 1740 2206 Nicostrato

285 2232 392 2271 nullo
413 2233 526 2283 plane
552 2239 665 2282 pacto
692 2233 915 2271 conciliatos
946 2233 1086 2274 fuisse:
1118 2244 1241 2282 neque
1262 2231 1364 2268 enim
1391 2231 1424 2268 ei
1444 2229 1739 2268 contubernales

284 2295 437 2333 suerunt
451 2306 578 2344 neque
597 2294 799 2332 familiares
815 2308 936 2345 neque
952 2294 989 2331 in
1008 2294 1143 2332 eodem
1157 2293 1290 2331 ordine
1304 2293 1397 2331 aciei
1414 2299 1617 2330 steterunt.
1648 2292 1742 2334 Quia

286 2357 357 2394 bus
378 2356 427 2394 de
447 2356 563 2393 rebus
583 2355 761 2393 omnibus
783 2363 901 2393 testes
922 2356 971 2393 ad
987 2368 1055 2393 vos
1076 2355 1340 2407 produximus.

339 2420 376 2455 5.
407 2416 520 2461 Quod
540 2422 669 2454 autem
689 2416 762 2454 hac
782 2416 818 2453 in
840 2429 879 2453 re
895 2417 1123 2466 palmarium
1145 2423 1218 2461 est,
1232 2423 1270 2454 et
1290 2417 1327 2453 in
1348 2416 1476 2467 primis
1496 2415 1740 2466 impudentiae

287 2478 488 2516 Chariadis
508 2477 740 2527 obloquitur,
756 2477 979 2528 expendite.
1038 2478 1072 2514 A
1093 2490 1170 2528 quo
1191 2477 1415 2516 Nicostrato
1441 2476 1652 2514 Chariades
1673 2475 1739 2513 he-

286 2541 417 2579 redem
437 2553 477 2578 se
497 2540 570 2577 fert
590 2546 821 2578 testamento
842 2539 1044 2590 scriptum,
1066 2552 1150 2576 eum
1173 2538 1435 2577 Nicostratum
1453 2537 1553 2575 idem
1581 2537 1740 2575 Charia-

287 2602 356 2639 des
377 2615 501 2653 neque
521 2602 747 2639 defunctum
762 2601 899 2638 extulit
919 2601 1033 2638 domo
1053 2613 1179 2650 neque
1199 2614 1292 2650 rogo
1307 2600 1489 2650 imposuit
1507 2612 1632 2648 neque
1651 2612 1740 2637 ossa

287 2663 370 2712 ejus
389 2663 498 2713 legit,
513 2662 581 2699 sed
602 2662 674 2700 ista
692 2662 822 2700 omnia
834 2662 941 2712 justa
961 2661 1045 2699 aliis
1065 2661 1284 2699 hominibus
1305 2674 1328 2698 a
1347 2660 1568 2698 Nicostrato
1587 2659 1740 2698 alienis—

287 2723 392 2760 simis
410 2723 631 2774 peragenda
651 2723 840 2774 permisit:
873 2723 984 2774 ecqui
1003 2722 1083 2773 jam
1103 2735 1177 2759 non
1197 2722 1246 2760 sit
1267 2722 1328 2759 ille
1350 2721 1490 2771 dignus
1511 2733 1625 2772 quem
1647 2721 1740 2759 faci-

287 2784 572 2821 norosissimum
610 2792 726 2835 atque
761 2784 964 2835 sacrilegio
996 2783 1406 2822 contaminatissimum
1446 2782 1630 2833 appelles,
1660 2784 1739 2833 qui,

286 2858 374 2883 cum
396 2845 589 2896 justorum
608 2846 764 2884 omnino
787 2846 882 2883 nihil
904 2846 1085 2884 defuncto
1105 2845 1276 2890 fecisset,
1298 2844 1492 2895 postulare
1513 2851 1642 2881 tamen
1662 2857 1745 2887 non,

286 2907 434 2946 dubitet
453 2914 496 2946 ut
515 2907 563 2945 ad
584 2908 666 2958 ejus
683 2909 931 2947 hereditatem
948 2907 1192 2946 admittatur?
1223 2910 1278 2945 At
1296 2907 1503 2952 enimvero,
1519 2907 1739 2957 quanquam
