1870 3277
269 171 344 207 330
935 166 1050 204 ISAEI

269 286 347 311 rem
367 273 450 322 ejus
469 271 593 308 ultum
618 271 726 313 isses,
752 281 798 306 an
826 269 938 306 etiam
966 269 1040 306 ista
1067 267 1230 305 Endium
1259 267 1335 306 aies
1361 267 1459 306 clam
1478 274 1516 306 et
1535 267 1654 306 inscio
1675 274 1711 304 te

269 332 465 384 patrasse?
509 334 648 369 Annon
678 344 722 368 ex
754 330 833 381 ipsa
862 330 966 375 dote,
994 343 1107 380 quam
1142 329 1289 366 Endius
1319 330 1455 379 spuriae
1485 343 1565 367 suae
1595 330 1712 367 sorori

271 396 452 440 addebat,
484 393 701 431 odorabaris
736 391 840 442 nepti
871 398 947 428 tuae
974 392 1145 442 injuriam
1176 390 1277 428 fieri?
1321 391 1529 429 Debuisses
1561 398 1713 442 propter

271 460 344 496 hoc
377 458 499 508 ipsum
533 462 724 505 concepta
756 453 1016 502 indignatione
1051 453 1214 490 Endium
1249 452 1352 502 apud
1389 452 1609 490 archontem
1647 453 1714 489 de-

272 519 460 564 nuntiare,
484 519 514 555 si
540 517 620 567 ipse
640 515 793 566 quidem
815 515 1065 552 substantiam
1088 515 1206 551 tribus
1231 514 1382 551 talentis
1407 514 1714 564 aequiparabilem

273 582 467 634 possidere
486 580 698 632 postularet
716 579 846 627 (quam
869 578 1016 615 Endius
1038 591 1191 628 quoque
1207 577 1291 628 jure
1312 577 1443 614 merito
1465 577 1716 628 postulabat),

273 646 386 683 filiam
406 655 493 680 vcro
510 641 625 692 patris
647 639 704 677 sui
725 639 906 690 adoptivi,
922 640 1095 689 quamvis
1118 639 1283 689 legitime
1305 647 1448 684 natam,
1470 638 1531 675 alii
1551 638 1715 689 cuipiam

272 720 360 745 cum
389 703 521 741 addita
540 702 628 738 dote
649 699 751 737 mille
772 698 1037 737 drachmarum
1067 700 1306 737 solummodo
1336 699 1389 750 [h.
1407 713 1438 737 e.
1461 706 1579 736 sextae
1599 699 1717 749 partis

270 765 423 814 talenti]
460 762 685 803 elocandam
713 768 897 799 censeret.
966 761 1013 799 Et
1045 761 1281 799 Nicodemus
1317 762 1389 799 hoc
1423 774 1534 812 aequo
1568 761 1719 799 tulisset

276 827 425 868 animo?
455 840 530 864 non
552 825 639 862 ideo
660 823 968 861 succensuisset?
1006 837 1082 861 non
1104 824 1269 861 Endium
1291 823 1514 862 detulisset?
1551 823 1722 861 Fecisset

271 892 457 944 profecto,
475 889 528 925 ita
547 900 606 924 me
623 886 718 924 deus
739 893 852 930 amet,
871 886 914 930 si,
932 886 1035 935 quod
1058 886 1123 929 ait,
1140 899 1268 923 verum
1285 885 1324 923 id
1345 894 1383 924 et
1402 893 1545 924 certum
1567 886 1717 923 fuisset.

271 952 398 999 Quid?
436 949 538 1001 quod
561 962 607 986 ne
629 948 776 985 videtur
796 947 951 996 quidem
974 947 1061 984 mihi
1092 960 1275 997 unquam,
1302 960 1425 997 neque
1446 947 1507 984 ille
1528 946 1717 998 [Endius]

271 1027 396 1065 neque
417 1013 516 1049 ullus
537 1010 634 1047 alius
655 1009 755 1045 filius
777 1008 983 1058 adoptatus
1004 1015 1080 1045 tam
1102 1015 1168 1045 aut
1187 1009 1317 1046 tardus
1338 1016 1404 1046 aut
1423 1009 1550 1046 audax
1569 1009 1717 1059 legum-

271 1089 345 1128 que
366 1079 608 1122 contemptor
634 1071 753 1107 fuisse
781 1070 817 1106 in
844 1083 922 1119 rep.
951 1069 1215 1114 obtinentium,
1246 1077 1301 1116 ut,
1330 1070 1359 1107 si
1386 1077 1495 1120 pater
1515 1070 1718 1120 adoptivus

269 1151 346 1175 una
366 1149 451 1174 cum
473 1133 683 1170 hereditate
705 1131 820 1168 filiam
846 1131 1058 1181 reliquisset
1087 1131 1255 1181 legitime
1274 1138 1418 1176 natam,
1439 1144 1512 1169 non
1531 1132 1613 1182 ipse
1633 1144 1717 1169 eam

269 1201 423 1237 domum
456 1208 565 1233 suam
593 1194 766 1237 duceret,
797 1192 865 1230 sed
890 1192 951 1229 alii
981 1192 1144 1242 cuipiam
1173 1193 1307 1244 nuptui
1338 1192 1519 1230 elocaret.
1594 1192 1719 1230 Probe

270 1261 367 1299 enim
385 1266 494 1296 norat
509 1256 654 1293 Endius
671 1256 874 1293 liberorum
891 1255 938 1291 ab
954 1254 1141 1305 ejusmodi
1158 1256 1235 1292 filia
1251 1255 1421 1306 legitima
1438 1263 1719 1307 procreatorum

267 1322 480 1360 universam
504 1318 711 1368 aliquando
732 1318 897 1354 futuram
918 1330 1002 1354 esse
1025 1316 1164 1354 avitam
1183 1317 1451 1356 hereditatem.
1502 1318 1611 1356 Itane
1630 1331 1720 1356 vero

268 1385 466 1436 quisquam
487 1381 600 1432 hujus
622 1380 674 1416 rei
697 1391 856 1429 gnarus,
883 1379 944 1416 alii
965 1379 1143 1428 cuiquam
1165 1380 1266 1416 bona
1286 1393 1357 1417 sua
1378 1380 1504 1417 sciens
1525 1379 1718 1418 traderet?

266 1446 477 1498 praesertim
498 1453 575 1482 tam
597 1443 725 1494 ampla
752 1449 789 1480 et
818 1442 940 1493 spissa
964 1450 1079 1493 atque
1105 1443 1188 1480 haec
1215 1451 1305 1481 sunt
1324 1446 1424 1481 bona
1446 1458 1557 1495 super
1577 1446 1717 1495 quibus

266 1510 304 1546 hi
332 1507 531 1545 nobiscum
560 1503 822 1542 contendunt?
870 1503 1078 1541 Videturne
1107 1504 1213 1541 vobis
1240 1504 1340 1542 ullus
1368 1504 1466 1542 alius
1494 1505 1594 1543 filius
1627 1505 1719 1544 ado·

265 1577 394 1622 ptatus
414 1576 490 1605 tam
511 1567 590 1604 fore
610 1565 814 1616 impudens
831 1573 946 1614 atque
962 1572 1037 1601 tam
1055 1565 1195 1610 audax,
1212 1573 1255 1603 ut
1272 1567 1387 1603 filiam
1410 1567 1467 1603 sui
1487 1567 1605 1617 patris
1625 1567 1721 1618 legi-

266 1633 354 1671 time
387 1637 518 1668 natam
551 1627 613 1664 alii
644 1627 812 1664 elocaret
841 1639 928 1663 cum
961 1626 1052 1663 dote
1084 1640 1132 1664 ne
1162 1627 1348 1665 decimam
1382 1628 1537 1679 quidem
1570 1638 1719 1680 partem

267 1701 439 1746 paternae
468 1688 689 1727 hereditatis
721 1687 971 1738 exaequante?
1011 1688 1102 1734 Aut,
1124 1688 1154 1725 si
1176 1688 1321 1726 factum
1343 1697 1471 1728 tamen
1501 1690 1539 1728 id
1568 1691 1720 1736 fuisset,

268 1756 468 1794 videturne
487 1751 596 1789 vobis
625 1750 728 1787 illius
750 1750 918 1788 mulieris
938 1750 1148 1787 avunculus
1169 1751 1207 1788 id
1227 1751 1306 1788 fieri
1327 1764 1507 1802 passurus
1525 1752 1657 1799 fuisse,
1686 1753 1717 1791 is

266 1818 331 1870 qui
357 1817 439 1868 ipse
467 1820 627 1852 matrem
656 1812 796 1863 puellae
822 1812 922 1862 patri
947 1811 1118 1862 ejusdem
1147 1812 1400 1864 despondisse
1428 1815 1662 1852 asseveravit
1680 1815 1718 1852 in

265 1877 485 1918 testimonio
504 1887 631 1913 coram
645 1873 844 1925 judicibus
865 1873 1071 1911 solenniter
1091 1873 1217 1911 dicto?
1257 1875 1353 1912 Mihi
1373 1875 1529 1926 quidem
1548 1875 1718 1914 Nicode-

266 1953 352 1980 mus
372 1951 450 1977 non
469 1937 622 1975 videtur
640 1948 754 1985 aequo
777 1935 818 1972 id
838 1935 965 1973 animo
983 1934 1133 1973 laturus
1161 1935 1295 1982 fuisse,
1321 1936 1390 1974 sed
1411 1936 1540 1987 potius
1559 1944 1720 1975 conten-

268 2004 406 2041 tionem
428 2011 544 2050 super
567 1996 782 2035 hereditate
811 2009 1015 2034 exorsurus
1044 2003 1084 2034 et
1109 1997 1403 2035 obtestationem
1424 1998 1717 2049 interpositurus

269 2071 309 2103 et
336 2063 578 2100 indicaturus
606 2058 779 2097 archonti
805 2058 894 2095 filiae
922 2064 1169 2109 paternorum
1194 2060 1382 2097 bonorum
1413 2060 1544 2098 heredi
1576 2061 1719 2101 relictae

270 2126 445 2177 injuriam
465 2122 558 2168 fieri,
580 2129 632 2167 et,
661 2119 764 2159 aliud
792 2121 821 2159 si
842 2120 947 2171 quod
973 2120 1227 2170 superfuisset
1245 2122 1362 2159 telum
1386 2122 1480 2174 juris
1498 2123 1571 2162 illis
1591 2124 1718 2164 adhuc

271 2188 411 2231 acrius,
440 2197 485 2223 eo
517 2197 656 2222 usurus
685 2183 854 2235 nihilque
883 2178 1029 2221 sibi'ad
1063 2183 1312 2221 obtinendam
1345 2197 1502 2222 causam
1528 2185 1716 2237 reliquum

269 2251 456 2289 facturus.
511 2247 600 2284 Jam
623 2245 770 2283 Endius
791 2246 945 2296 quidem
971 2245 1168 2284 mulierem
1193 2245 1306 2290 hanc,
1333 2259 1448 2296 quam
1473 2246 1534 2284 hic
1556 2240 1721 2286 Nicode-

270 2325 354 2350 mus
387 2325 407 2349 e
440 2321 571 2348 sorore
598 2320 668 2345 sua
696 2314 827 2345 natam
855 2308 921 2354 ait,
955 2316 998 2346 ut
1027 2308 1192 2359 spuriam
1223 2321 1244 2345 e
1270 2308 1468 2346 meretrice
1497 2305 1737 2360 susceptam*

270 2373 453 2421 elocavit3
481 2370 543 2408 hic
562 2368 799 2407 Nicodemus
819 2376 945 2407 autem
964 2383 1089 2421 neque
1113 2383 1198 2408 cum
1220 2369 1347 2407 Endio
1368 2369 1417 2407 de
1445 2370 1582 2422 Pyrrhi
1607 2371 1718 2411 here-

270 2435 392 2474 ditate
409 2431 640 2472 contendere
665 2444 783 2469 ausus
809 2438 880 2477 est,
905 2444 1030 2481 neque
1049 2431 1219 2469 Endium
1249 2431 1351 2481 apud
1370 2431 1590 2470 archontem
1611 2433 1718 2471 defe-

272 2496 437 2535 rendum
472 2493 635 2538 censuit,
667 2504 888 2543 quanquam
927 2493 958 2530 is
997 2492 1202 2530 Nicodemi
1238 2499 1393 2543 neptem
1430 2506 1450 2530 e
1487 2506 1614 2531 sorore
1648 2507 1717 2545 pro

273 2557 402 2609 spuria
420 2569 441 2594 e
461 2562 588 2594 scorto
607 2560 700 2593 nata
717 2554 921 2600 elocasset‚
937 2567 1060 2604 neque
1076 2554 1176 2601 dotis
1195 2555 1242 2592 ab
1263 2554 1388 2591 Endio
1407 2554 1556 2591 mulieri
1576 2555 1717 2593 additae

271 2617 576 2656 mediocritatem
596 2628 700 2666 aegre
727 2628 767 2653 se
791 2615 889 2653 ferre
917 2614 1157 2665 significavit,
1185 2615 1252 2653 sed
1271 2615 1338 2652 illa
1356 2616 1485 2652 omnia
1502 2615 1582 2653 fieri
1602 2630 1716 2668 aequo

272 2680 398 2718 animo
418 2691 552 2730 passus
571 2684 643 2715 est.
689 2677 806 2728 Atqui
824 2676 927 2727 leges
948 2676 998 2714 de
1017 2676 1075 2713 his
1096 2677 1274 2714 omnibus
1294 2676 1497 2726 diligenter
1516 2677 1715 2716 definiunt.

274 2741 334 2778 De
355 2753 432 2791 quo
451 2746 492 2777 ut
510 2739 617 2777 vobis
641 2744 806 2784 constet,
832 2738 1008 2776 recitabit
1035 2737 1158 2775 scriba
1177 2737 1284 2775 vobis
1310 2737 1431 2787 primo
1450 2737 1607 2787 quidem
1628 2738 1715 2776 loeo

269 2803 407 2839 iterum
433 2801 690 2838 testimonium
721 2800 768 2838 de
793 2800 1005 2838 hereditate
1031 2798 1165 2851 Pyrrhi
1191 2799 1238 2836 ab
1266 2798 1393 2836 Endio
1420 2798 1459 2835 111
1481 2799 1571 2850 jure
1596 2800 1716 2851 petita

268 2865 378 2915 eique
397 2876 419 2901 a
433 2863 628 2914 judicibus
649 2862 882 2914 adjudicata,
898 2861 1040 2900 deinde
1060 2874 1149 2899 vero
1170 2861 1219 2898 de
1239 2860 1407 2898 mulieris
1431 2860 1540 2912 [filiae
1561 2861 1712 2913 spuriae‚

268 2925 409 2975 Philae]
428 2925 641 2964 elocatione
661 2925 728 2976 [ab
750 2924 875 2963 Endio
890 2924 1024 2974 facta}
1081 2922 1220 2961 Recita
1239 2929 1281 2960 tu
1300 2922 1406 2973 ipsis.
