1870 3277
240 177 315 212 460
842 175 939 213 LYC
949 175 1077 212 URGl

241 281 276 317 in
293 279 454 317 militum
474 278 605 316 ordine
627 286 929 328 perseverarunt,
944 291 1033 316 num
1049 279 1153 316 vobis
1174 279 1300 330 exigui
1315 286 1353 318 et
1366 280 1539 332 vulgares
1556 287 1681 319 metus

240 341 416 379 videntur
435 347 514 377 tum
534 340 666 377 urbem
685 340 920 390 occupasse?
958 341 1000 377 In
1020 340 1157 390 quibus
1176 341 1379 380 Leocrates
1399 341 1460 379 hie
1479 349 1517 379 et
1535 342 1616 392 ipse
1636 355 1682 379 ex

240 404 332 440 urbe
349 402 499 453 fugiens
519 401 718 452 transfuga
734 402 825 439 abiit
837 414 1047 452 omnesque
1066 402 1263 440 facultates
1279 402 1490 453 exportavit
1504 415 1683 453 sacraque

240 465 364 514 patria
382 464 595 507 accersivit,
618 470 732 513 atque
761 462 809 500 ad
840 469 988 500 tantum
1014 463 1237 514 proditionis
1266 464 1408 501 crimen
1441 464 1622 514 pervenit,
1643 471 1685 501 ut

240 525 454 562 secundum
469 525 584 575 ipsius
599 524 754 573 quidem
771 524 984 561 institutum
999 524 1153 562 deserta
1167 524 1329 562 fuissent
1341 525 1482 575 templa
1493 525 1540 561 ab
1557 525 1686 569 sacris,

241 586 403 623 desertae
422 585 588 623 fuissent
606 585 718 622 etiam
737 584 923 622 custodiae
938 597 1142 630 murorum,
1155 585 1285 623 relicta
1297 592 1424 623 autem
1441 591 1541 623 esset
1555 584 1685 622 civitas

244 654 282 686 et
300 648 417 699 regio.
476 648 653 684 Attamen
686 645 759 683 illis
789 646 1042 697 temporibus,
1059 647 1140 691 viri,
1155 647 1238 697 quis
1270 659 1347 685 non
1375 647 1478 684 urbis
1509 646 1686 683 misertus

242 709 389 753 fuisset,
409 721 486 745 non
507 708 630 745 solum
651 707 758 752 civis,
780 720 908 744 verum
928 708 1040 746 etiam
1062 709 1282 758 peregrinus
1299 708 1362 758 qui
1382 707 1570 758 prioribus
1590 714 1687 744 tem-

243 770 398 820 poribus
420 770 469 807 ad
490 781 556 807 nos
577 767 798 806 advenerit?
846 769 942 811 Quis
961 781 1049 806 vero
1072 776 1152 807 erat
1172 769 1269 807 adeo
1288 768 1347 806 vel
1369 781 1457 806 osor
1476 767 1607 819 populi
1629 767 1687 805 vel

243 831 546 876 Atheniensium,
567 830 632 881 qui
650 830 839 881 potuisset
863 830 1029 881 seipsum
1060 830 1314 868 inordinatum
1341 831 1525 868 sustinere
1544 830 1687 875 videre,

243 892 399 943 quando
414 892 580 929 victorine
600 891 754 928 amissio
769 898 807 929 et
821 892 925 941 quod
946 891 1160 941 contigerat
1180 892 1319 929 malum
1341 892 1518 942 [populo]
1538 905 1687 930 annun-

243 954 428 998 ciabatur,
449 959 596 990 arrecta
617 958 745 990 autem
765 960 847 989 erat
867 953 999 990 civitas
1027 953 1064 989 in
1086 952 1129 990 iis
1149 965 1236 1002 quae
1255 952 1475 990 acciderant
1493 953 1688 991 calamita-

244 1014 359 1057 tibus,
379 1026 467 1065 spes
489 1020 617 1051 autem
638 1013 770 1051 salutis
790 1013 929 1064 populo
948 1014 985 1051 in
1005 1013 1049 1051 iis
1070 1013 1134 1064 qui
1156 1014 1255 1052 ultra
1273 1013 1553 1065 quinquaginta
1568 1027 1689 1053 annos

243 1076 323 1114 nati
343 1082 450 1113 erant
467 1074 666 1113 collocatae
685 1074 859 1117 fuerant:
889 1088 976 1113 curn
993 1074 1120 1113 videre
1142 1082 1223 1113 erat
1243 1076 1279 1112 in
1295 1076 1422 1125 januis
1443 1088 1579 1113 uxores
1599 1075 1692 1113 libe-

246 1150 305 1175 ras
334 1137 501 1187 trepidas
532 1145 571 1174 et
600 1143 867 1174 consternatas
897 1142 1248 1188 percontantesque
1278 1150 1370 1174 num
1398 1136 1580 1182 viverent,
1598 1137 1691 1175 alias

243 1198 395 1249 quidem
412 1198 461 1236 de
482 1198 628 1243 marito,
643 1197 737 1236 alias
751 1198 798 1236 de
813 1203 932 1249 patre,
947 1198 1040 1236 alias
1053 1198 1101 1236 de
1114 1199 1306 1244 fratribus,
1322 1205 1455 1237 contra
1467 1199 1690 1249 dignitatem

245 1267 323 1297 tarn
342 1260 509 1311 ipsarum
525 1272 640 1309 quam
661 1260 763 1297 urbis
784 1259 836 1297 ita
851 1267 1091 1311 conspectas,
1106 1261 1205 1298 viros
1225 1267 1366 1306 autem,
1384 1261 1451 1311 qui
1469 1261 1691 1312 corporibus

246 1324 295 1361 ad
314 1322 454 1361 bellum
477 1323 603 1360 idonei
631 1336 706 1360 non
737 1329 846 1360 erant
863 1329 902 1360 et
920 1329 1036 1360 aetate
1067 1322 1262 1373 grandaevi
1285 1329 1323 1360 et
1349 1322 1478 1373 legum
1496 1322 1692 1361 voluntate

245 1398 268 1423 a
288 1385 418 1423 militia
440 1384 598 1430 dimissi,
615 1384 746 1422 videre
766 1391 847 1422 erat
866 1398 932 1435 per
951 1391 1070 1422 totam
1093 1384 1223 1421 urbem
1239 1384 1322 1435 ipso
1344 1384 1450 1421 senio
1469 1383 1603 1434 perire,
1620 1384 1693 1421 du-

245 1446 408 1496 plicibus
427 1447 553 1497 palliis
570 1446 727 1484 amictos
747 1445 1046 1495 connexosque?
1076 1445 1202 1488 Quum
1223 1451 1350 1482 autem
1373 1445 1552 1495 pleraque
1571 1445 1692 1482 tristia

247 1515 286 1545 et
311 1507 501 1545 horrenda
531 1508 665 1545 fierent
697 1507 733 1544 in
766 1507 858 1544 urbe
881 1507 1038 1557 passim,
1060 1505 1240 1556 civesque
1268 1506 1304 1542 in
1325 1506 1541 1543 universum
1563 1518 1692 1544 omnes

247 1582 396 1607 summa
415 1569 636 1606 infelicitate
656 1575 930 1619 premerentur,
948 1567 1112 1604 maxime
1143 1573 1224 1604 tum
1255 1567 1337 1617 quis
1367 1566 1554 1605 doluisset
1579 1568 1692 1604 uber·

245 1632 391 1682 timque
411 1631 576 1668 fudisset
596 1631 785 1682 lacrymas
814 1642 928 1680 super
958 1629 1074 1667 tantis
1095 1629 1199 1667 urbis
1219 1629 1515 1675 calamitatibus,
1533 1629 1694 1680 quando

245 1693 371 1731 videre
391 1699 472 1730 erat
491 1692 676 1743 populum
697 1691 965 1729 decernentem
992 1703 1122 1729 servos
1143 1691 1285 1729 debere
1305 1704 1391 1729 esse
1409 1691 1560 1737 liberos,
1582 1703 1692 1742 pere-

244 1755 373 1805 grinos
393 1753 657 1799 Athenienses,
676 1753 884 1804 ignominia
908 1759 1061 1791 notatos
1081 1753 1183 1791 fama
1202 1753 1398 1804 integros:
1428 1753 1493 1803 qui
1513 1753 1691 1804 primum,

244 1816 350 1867 quod
369 1815 554 1866 indigena
573 1821 687 1861 esset,
707 1815 913 1866 plurimum
933 1814 1002 1852 sibi
1030 1814 1160 1865 gloriae
1180 1815 1412 1852 vindicabat.
1470 1814 1514 1851 In
1544 1821 1693 1852 tantam

245 1885 373 1916 autern
393 1877 711 1928 permutationem
731 1883 793 1914 est
810 1877 900 1914 urbs
919 1875 1070 1921 adacta,
1092 1882 1136 1914 ut
1159 1889 1277 1926 quum
1307 1876 1413 1926 prius
1444 1888 1512 1926 pro
1533 1875 1694 1913 aliorum

249 1938 472 1977 Graecorum
495 1939 619 1976 salute
639 1937 851 1984 dimicaret,
864 1937 1031 1976 contenti
1046 1938 1126 1989 jam
1140 1944 1282 1984 essent,
1299 1937 1331 1975 si
1349 1951 1418 1989 pro
1438 1950 1508 1975 sua
1527 1937 1696 1989 ipsorum

248 2001 368 2040 salute
394 2007 478 2038 tuto
509 2000 687 2038 dimicare
706 2007 880 2052 possent.
937 1999 989 2037 Et
1007 2000 1072 2050 qui
1092 1999 1256 2038 antehac
1274 2013 1426 2050 magnae
1446 2000 1694 2037 barbarorum

249 2063 395 2113 regioni
416 2062 716 2108 dominarentur,
735 2068 828 2099 tunc
853 2061 1032 2112 temporis
1063 2061 1248 2099 adversus
1277 2061 1520 2100 Macedonas
1538 2074 1606 2113 pro
1626 2074 1696 2099 sua

250 2130 349 2161 terra
366 2123 545 2174 periculis
568 2124 876 2161 involverentur:
908 2130 946 2160 et
965 2135 1079 2173 quem
1107 2122 1270 2160 antehac
1298 2123 1481 2174 populum
1515 2123 1698 2161 Lacedae-

251 2186 379 2231 monii,
399 2185 682 2236 Peloponnesii,
703 2185 905 2236 Asiamque
924 2184 1137 2223 incolentes
1170 2184 1297 2222 Graeci
1327 2184 1600 2223 auxiliaturum
1626 2184 1698 2221 im-

251 2247 464 2299 plorabant,
483 2247 545 2284 hic
569 2247 651 2297 jam
679 2260 776 2298 opus
803 2247 962 2285 haberet
988 2259 1036 2284 ex
1056 2247 1206 2290 Andro,
1229 2246 1323 2292 Ceo,
1344 2247 1528 2285 Troezene
1548 2253 1587 2285 et
1606 2246 1698 2297 Epi-

253 2309 372 2349 dauro
389 2309 531 2348 auxilia
549 2309 617 2347 sibi
637 2322 845 2347 accersere.
886 2308 1068 2355 Proinde,
1081 2308 1249 2359 judices,
1263 2321 1351 2346 eum
1368 2310 1433 2359 qui
1452 2309 1490 2346 in
1511 2308 1697 2359 ejusmodi
1729 2330 1731 2333 v

253 2373 475 2418 terroribus,
496 2372 533 2409 in
554 2372 669 2409 tantis
690 2371 880 2422 periculis,
901 2377 1009 2409 tanta
1028 2369 1264 2422 turpitudine
1283 2371 1417 2408 urbem
1439 2370 1698 2420 dereliquerit,

251 2439 376 2485 neque
396 2447 481 2472 sese
501 2446 570 2485 pro
589 2433 712 2484 patria
731 2432 932 2469 armaverit
960 2445 1084 2482 neque
1112 2445 1253 2483 corpus
1283 2444 1395 2469 suum
1427 2431 1631 2483 praebuerit
1649 2431 1699 2469 ad

246 2496 373 2535 aciem
393 2495 699 2547 imperatoribus,
719 2493 786 2531 sed
805 2493 1053 2543 transfugerit
1083 2499 1198 2543 atque
1226 2492 1358 2544 populi
1388 2493 1549 2531 salutem
1570 2491 1697 2543 prodi-

249 2559 361 2604 derit,
380 2557 557 2609 quisnam
571 2556 694 2607 judex
712 2554 815 2593 urbis
835 2567 967 2592 amans
987 2561 1054 2592 aut
1068 2555 1152 2605 pius
1168 2567 1254 2592 esse
1269 2555 1404 2593 volens
1426 2554 1615 2592 sententia
1628 2567 1699 2592 sua

250 2622 470 2669 absolverit,
500 2628 564 2660 aut
592 2620 767 2671 quisnam
800 2625 926 2657 orator
955 2618 1030 2656 buc
1061 2619 1209 2656 accitus
1241 2617 1424 2669 proditori
1454 2618 1558 2655 urbis
1587 2631 1699 2668 opem

251 2684 404 2723 tulerit?
433 2684 497 2735 qui
517 2695 642 2734 neque
658 2695 770 2733 super
786 2680 898 2719 tantis
911 2680 1043 2732 patriae
1058 2680 1338 2718 calamitatibus
1353 2692 1431 2716 una
1442 2678 1572 2730 lugere
1586 2692 1701 2718 ausus

251 2746 379 2791 fuerit,
399 2758 523 2797 neque
544 2745 752 2796 quicquam
778 2742 983 2781 contulerit
1002 2741 1051 2780 ad
1071 2741 1173 2779 urbis
1193 2748 1232 2779 et
1252 2740 1384 2792 populi
1416 2740 1603 2778 salutem?
1649 2742 1702 2779 At

252 2819 342 2845 vero
367 2806 440 2843 illis
460 2805 696 2857 temporibus
724 2817 801 2841 non
822 2811 896 2849 est,
915 2817 1002 2854 quae
1021 2809 1116 2841 aetas
1135 2815 1211 2840 non
1230 2801 1444 2840 exhibuerit
1463 2801 1628 2853 seipsam
1650 2802 1699 2840 ad

255 2869 358 2907 urbis
385 2867 549 2906 salutem
579 2866 774 2911 tuendam,
791 2865 946 2916 quando
967 2865 1072 2917 regio
1090 2864 1176 2902 haec
1196 2864 1349 2902 arbores
1369 2863 1543 2908 contulit,
1563 2863 1700 2902 mortui

256 2944 343 2969 vero
361 2929 553 2980 sepulcra,
573 2928 717 2979 templa
736 2934 863 2966 autem
883 2939 999 2965 arma.
1057 2925 1198 2964 Curam
1213 2925 1314 2963 enirn
1336 2925 1519 2976 gerebant
1539 2924 1599 2962 alii
1619 2924 1699 2975 qui-
