1870 3277
211 185 260 219 48
558 185 841 223 ISOCRA'PIS
876 186 1284 224 PANEGYRJCUS.

214 286 488 324 inferendum?
520 288 658 326 Annon
688 289 732 326 iis
761 290 825 339 qui
860 297 896 327 et
926 291 1015 327 olim
1039 290 1229 327 Graeciam
1265 289 1483 326 afflixerunt
1509 294 1549 326 et
1580 300 1685 325 nunc

213 349 442 387 insidiantur
461 350 586 389 etlioc
607 364 701 401 erga
718 366 787 389 uos
810 366 895 390 esse
914 353 1042 390 animo
1066 365 1263 403 nunquam
1285 350 1541 389 destiterunt?
1589 351 1686 392 Qui·

211 412 281 447 bus
304 424 392 448 vero
418 411 587 450 invidere
610 426 676 463 pai·
695 419 755 450 est
783 414 957 451 homines
987 427 1062 451 non
1089 427 1241 464 prorsus
1263 412 1529 457 effoeniinatos,
1551 412 1620 450 sed
1641 424 1687 449 ea

212 485 252 509 re
275 474 468 510 moderate
491 475 670 512 utentes?
730 475 868 511 Nonne
900 475 974 512 illis
1007 477 1069 526 qui
1102 477 1230 513 diviua
1259 488 1376 525 prope
1399 475 1570 524 potentia
1589 487 1687 524 prae·

213 535 281 572 diti
305 537 508 585 nequiores
531 544 621 574 sunt
642 538 862 575 hominibus
885 539 987 588 apud
1009 553 1078 576 nos
1102 538 1368 576 calamitosis?
1426 538 1577 580 Quibus
1599 550 1687 575 vero

212 597 356 634 bellum
374 598 511 635 inferre
533 599 675 636 debent
701 600 767 636 viri
791 608 829 637 et
857 600 1008 650 pietatis
1032 601 1194 639 studiosi
1217 609 1255 638 et
1284 614 1362 637 suae
1386 600 1561 638 utilitatis
1582 600 1687 637 haud

212 660 484 710 negligentes?
545 661 682 698 Nonne
711 669 750 699 et
779 669 915 699 natura
937 662 1111 700 l10stibus
1132 671 1171 701 et
1192 663 1361 714 paternis
1389 661 1566 707 inimicis,
1586 668 1624 699 et
1644 661 1688 698 iis

212 721 275 770 qui
298 722 485 759 maximas
513 735 607 773 opes
628 722 787 769 liabent,
808 737 927 774 quum
957 724 1003 761 ad
1039 738 1103 762 eas
1137 725 1402 763 defendendas
1434 724 1588 762 minime
1613 724 1691 761 sint

211 782 364 833 parati?
423 785 544 833 Atqui
570 784 651 822 liaec
667 785 703 822 in
725 785 810 823 illos
832 786 1070 823 conveniunt
1091 787 1231 825 onmia.

217 874 239 882 -,
268 847 332 882 50.
365 845 557 884 Prceterea
599 847 821 885 civitatibus
857 848 1066 898 deligendo
1103 861 1150 885 ex
1191 849 1244 886 eis
1285 848 1402 886 milite
1436 860 1512 885 non
1549 847 1689 885 erimus

214 907 381 952 molesti,
401 921 517 958 quam
540 922 618 947 rem
639 910 674 946 in
697 909 755 947 his
777 910 967 947 intestinis
996 910 1105 947 bellis
1138 911 1363 960 gravissime
1383 917 1422 948 et
1441 910 1690 960 iniquissimis

214 968 349 1007 animis
371 970 595 1020 patiuntur:
628 971 748 1009 multo
768 973 867 1010 enim
902 972 1074 1022 (opinor)
1096 973 1294 1022 pauciores
1315 978 1428 1010 erunt
1448 972 1511 1022 qui
1534 984 1689 1009 manere

216 1031 332 1069 velint
361 1045 477 1081 quam
511 1033 574 1082 qui
604 1033 861 1083 expeditionis
894 1034 1008 1085 liujus
1041 1035 1203 1072 comites
1236 1048 1322 1072 esse
1361 1034 1533 1084 cupiant.
1593 1032 1691 1075 Quis

215 1094 314 1130 enim
338 1094 416 1131 sive
431 1095 588 1145 juvenis
614 1095 691 1132 sive
712 1108 831 1131 senex
853 1095 906 1132 ita
934 1097 1098 1145 ignavus
1120 1104 1193 1140 est,
1216 1104 1258 1133 ut
1277 1097 1310 1133 ei
1340 1096 1483 1133 militiae
1505 1096 1691 1133 interesse

216 1155 328 1201 nolit,
348 1155 458 1206 cujus
486 1156 607 1194 duces
635 1157 712 1193 sint
731 1156 987 1194 Athenienses
1019 1164 1133 1206 atque
1154 1157 1478 1194 Lacedaemonii?
1507 1171 1594 1207 quae
1624 1171 1693 1208 pro

217 1217 410 1254 sociorum
431 1217 607 1255 libertate
628 1217 892 1268 suscipiatur?
922 1231 1010 1268 quae
1040 1231 1234 1256 consensu
1270 1219 1389 1256 totius
1419 1218 1583 1257 Graeciae
1606 1219 1693 1257 mit-

215 1277 347 1315 tatur?
377 1291 465 1328 quae
486 1279 535 1316 ad
557 1279 804 1317 ulciscendos
824 1280 1010 1317 barbaros
1039 1278 1332 1329 proficiscatur?
1391 1279 1587 1323 Quantam
1604 1294 1694 1319 vero

214 1340 371 1384 famam,
393 1350 580 1390 quantam
602 1341 825 1378 memoriam
844 1347 883 1378 et
907 1340 1068 1392 gloriam
1090 1341 1330 1379 censendum
1352 1348 1411 1379 est
1431 1349 1497 1379 aut
1518 1342 1694 1381 viventes

216 1400 415 1438 habituros
436 1409 503 1439 aut
522 1409 611 1452 post
631 1401 776 1439 obitum
794 1401 994 1439 relicturos
1009 1415 1097 1440 esse
1117 1416 1183 1441 eos
1205 1403 1271 1453 qui
1291 1404 1328 1440 in
1352 1403 1493 1440 talibus
1514 1405 1695 1454 operibus

217 1475 298 1513 prae
319 1462 404 1500 aliis
426 1464 611 1514 praeclare
640 1476 680 1500 se
697 1463 916 1514 gesserint?
974 1464 1102 1507 Quum
1124 1465 1223 1502 enim
1246 1465 1283 1510 ii,
1305 1465 1369 1516 qui
1390 1465 1578 1503 adversus
1599 1466 1695 1504 Ale-

219 1523 412 1561 xandrum
450 1524 675 1570 militarunt,
715 1537 791 1562 una
824 1525 917 1563 urbe
956 1532 1181 1576 expugnata
1223 1526 1338 1563 tantis
1379 1525 1559 1564 laudibus
1596 1527 1698 1565 cele·

218 1587 394 1632 iurentur,
415 1587 507 1638 quid
524 1587 568 1625 iis
590 1587 670 1625 fore
690 1586 930 1625 credendum
953 1593 1013 1625 est
1028 1588 1093 1637 qui
1116 1595 1197 1625 tota
1218 1588 1308 1626 Asia
1323 1588 1544 1639 potientur?
1601 1590 1697 1633 Quis

219 1650 322 1688 enim
344 1649 422 1688 sive
441 1658 559 1702 poeta
589 1650 668 1688 sive
697 1657 827 1688 orator
857 1664 935 1688 non
963 1650 1155 1688 laborabit
1174 1659 1212 1688 et
1236 1651 1496 1697 meditabitur,
1523 1658 1567 1690 ut
1586 1652 1698 1690 simul

218 1719 258 1750 et
281 1712 340 1749 sui
360 1712 505 1761 ingenii
524 1719 563 1750 et
578 1712 729 1751 virtutiS
750 1712 902 1751 illorum
923 1719 1109 1750 aeternum
1133 1712 1327 1762 relinquat
1347 1713 1671 1750 monumentum?

276 1775 343 1812 51.
378 1775 463 1825 Ego
495 1782 597 1813 certe
630 1775 789 1826 quidem
816 1788 895 1812 non
925 1775 978 1812 ita
1005 1788 1109 1812 nunc
1142 1774 1266 1812 sentio
1298 1782 1340 1812 ut
1369 1775 1552 1813 orationis
1576 1775 1696 1813 initio.

225 1837 327 1874 Tum
353 1837 454 1875 enirn
483 1850 546 1874 me
575 1850 644 1888 pro
677 1837 866 1887 dignitate
896 1850 1024 1874 rerum
1053 1850 1166 1887 posse
1197 1836 1323 1874 dicere
1352 1837 1563 1887 putabam:
1595 1851 1699 1876 nunc

223 1912 313 1937 vero
334 1899 640 1949 magnitudinem
659 1912 790 1937 earum
812 1912 887 1936 non
909 1912 1106 1948 assequor,
1127 1898 1326 1948 multaque
1348 1898 1438 1936 mihi
1457 1912 1589 1936 eorum
1614 1913 1700 1950 quae

222 1960 350 1999 dicere
379 1960 619 1999 institueram
646 1961 888 1999 exciderunt.
930 1960 1070 1998 ‘Vobis
1098 1961 1215 2011 igitur
1241 1961 1334 2011 ipsis
1362 1962 1619 2012 reputandum
1639 1970 1701 2001 est

223 2037 311 2061 cum
344 2023 478 2061 animis
499 2024 651 2068 vestris,
674 2032 860 2073 quantam
890 2022 1117 2060 felicitatem
1154 2022 1314 2073 adipisci
1345 2023 1475 2070 liceat,
1503 2024 1534 2062 si
1552 2024 1699 2062 bellum

221 2086 330 2136 quod
347 2085 463 2123 modo
485 2098 556 2123 nos
578 2092 691 2136 urget
709 2086 745 2122 in
767 2085 936 2122 Asianos
952 2085 1272 2130 converterimus,
1293 2091 1333 2122 et
1351 2085 1584 2123 Asianorum
1604 2100 1700 2138 opes

222 2147 259 2184 in
284 2147 480 2197 Europam
500 2146 824 2190 transtulerimus‚
847 2159 973 2196 neque
992 2160 1081 2183 vero
1101 2146 1160 2183 his
1181 2146 1323 2184 auditis
1344 2147 1536 2185 duntaxat
1556 2149 1701 2186 abeun-

224 2207 316 2245 dum
334 2215 405 2254 est,
424 2209 495 2246 sed
516 2215 554 2246 et
574 2208 640 2258 qui
660 2208 698 2245 in
719 2209 834 2245 rebus
849 2208 1032 2258 gerendis
1046 2214 1247 2245 versantur
1267 2208 1330 2246 alii
1351 2208 1447 2246 alios
1460 2209 1700 2250 cohortando
1728 2233 1730 2237 ·

224 2282 380 2320 operam
401 2270 553 2307 dabunt
573 2277 613 2306 ut
632 2276 804 2307 nostram
818 2275 858 2307 et
872 2269 1257 2307 Lacedaemoniorum
1274 2269 1548 2321 rempublicam
1562 2285 1700 2310 recon-

225 2333 371 2377 cilient,
395 2340 433 2370 et
453 2331 686 2382 eloquentiae
707 2331 869 2370 studiosi
885 2333 1054 2370 scribere
1075 2332 1259 2370 adversus
1281 2332 1502 2383 depositum
1524 2333 1703 2373 desinent

227 2395 456 2445 caeterisque
471 2395 587 2445 nugis
604 2394 781 2432 omnibus
798 2394 950 2432 omissis
972 2394 1112 2445 quibus
1132 2407 1235 2432 nunc
1257 2394 1418 2432 student
1436 2395 1472 2431 in
1493 2395 1566 2432 hoc
1587 2408 1700 2447 argu-

228 2464 358 2495 mento
389 2457 487 2494 inter
517 2469 602 2494 sese
633 2457 851 2502 certabunt,
884 2469 1119 2506 operamque
1154 2456 1307 2494 dabunt
1339 2463 1383 2494 ut
1410 2455 1469 2494 his
1505 2456 1554 2494 de
1585 2458 1701 2495 rebus

227 2520 366 2557 melius
389 2532 503 2570 quam
525 2533 599 2570 ego
625 2518 786 2563 dicant;
819 2518 910 2556 satis
936 2519 1037 2556 enim
1065 2519 1295 2570 intelligitur
1315 2532 1381 2557 eos
1402 2532 1480 2556 non
1501 2519 1642 2558 decere
1660 2526 1705 2557 ut

228 2595 372 2633 magna
404 2582 563 2633 professi
594 2581 859 2633 parvisrebus
894 2588 1149 2632 occupentur,
1174 2594 1268 2619 eave
1295 2581 1430 2620 dicant
1458 2594 1528 2631 per
1557 2594 1645 2631 quae
1679 2581 1703 2619 ii

228 2644 369 2694 quibus
389 2644 657 2694 persuaserint
687 2643 807 2681 nihilo
828 2643 947 2681 futuri
975 2643 1051 2680 sint
1080 2643 1287 2688 feliciores,
1311 2643 1382 2681 sed
1408 2644 1443 2680 in
1465 2642 1541 2680 illis
1572 2644 1702 2693 potius

230 2712 291 2742 est
310 2705 605 2752 elaborandum,
626 2705 766 2757 quibus
787 2705 966 2757 perfectis
986 2711 1026 2742 et
1047 2705 1116 2755 ipsi
1138 2705 1268 2757 inopia
1285 2704 1467 2757 praesenti
1494 2705 1704 2743 liberentur

230 2773 270 2805 et
284 2766 333 2805 de
355 2767 435 2806 aliis
455 2768 643 2819 praeclare
658 2768 782 2807 meriti
803 2781 887 2807 esse
907 2767 1121 2806 videantur.
