1870 3277
594 171 812 210 CONTRA
844 168 1188 206 LEOCRATEM.
1530 166 1602 201 471

172 286 265 325 erga
284 273 446 324 patriam
469 271 722 310 inflammatos
744 283 840 316 esse,
862 281 985 318 neque
1005 268 1187 318 fugiendo
1207 269 1327 318 ipsam
1346 267 1607 316 derelinquere

172 347 296 385 neque
323 333 551 372 dedecorare
577 333 680 383 apud
707 343 835 370 omnes
864 330 1035 373 Graecos,
1065 328 1219 379 perinde
1251 335 1366 378 atque
1393 328 1482 366 fecit
1512 327 1607 364 Leo-

175 404 312 432 crates.

227 457 292 493 26.
316 455 414 493 Volo
430 461 555 492 autem
571 460 610 491 et
624 453 729 491 vobis
746 451 901 489 Homeri
917 450 1103 501 quasdam
1119 450 1295 487 exhibere
1312 449 1608 486 adhortationes.

177 518 284 556 Adeo
311 518 410 556 enim
429 522 613 567 putarunt
635 521 761 566 patres
780 513 898 550 nostri
918 512 1120 554 honestum
1139 524 1224 549 esse
1243 517 1407 561 poetam,
1429 517 1469 547 ut
1488 510 1610 560 legem
1666 515 1673 519 ”

177 587 399 625 sanxerunt,
418 592 485 629 per
512 577 664 628 singula
683 574 982 626 quinquennalia
1009 573 1353 610 Panathenaeorum
1380 571 1478 607 festa
1497 570 1612 606 solius

176 641 289 691 hujus
308 654 386 691 prae
407 639 487 677 aliis
507 638 682 676 omnibus
703 643 824 686 poetae
843 635 1011 672 earmina
1029 647 1113 671 esse
1130 632 1380 677 concinenda,
1397 632 1543 668 Graecis
1563 631 1614 668 ita

177 708 441 751 argumentum
471 700 682 750 praebentes
710 703 752 732 ut
778 695 1033 746 pulcherrima
1069 706 1183 744 opera
1221 693 1437 743 seligerent.
1494 692 1615 743 quue

178 762 337 800 merito:
367 762 470 810 leges
491 759 588 797 enim
612 758 660 795 ob
681 758 902 794 brevitatem
931 769 1037 793 suam
1064 768 1141 792 non
1170 755 1310 792 docent
1336 754 1403 791 sed
1431 754 1618 802 imperant

176 836 264 873 quae
283 823 362 859 fieri
381 827 574 871 oporteat;
604 825 727 870 poetae
748 824 874 855 autem
890 817 1081 854 imitantes
1101 816 1306 853 humanam
1320 814 1448 860 vitam,
1464 813 1619 864 praecla-

177 883 345 921 rissimas
376 894 434 919 res
467 881 666 931 eligentes,
689 892 775 916 cum
804 878 949 916 ratione
979 884 1017 914 et
1043 876 1366 914 demonstratione
1397 874 1617 912 mortalibus

176 944 417 995 persuadent.
474 942 620 979 Hector
636 953 813 989 namque,
831 937 1003 986 Trojanis
1020 937 1207 975 mandans
1229 943 1269 974 ut
1287 949 1354 988 pro
1374 935 1496 986 patria.
1511 934 1620 972 dimi-

179 1011 281 1051 cent,
299 1005 382 1042 haec
404 1002 515 1047 dixit,

391 1087 504 1118 Verum
523 1093 658 1127 pugnate
674 1085 713 1116 ad
730 1096 823 1115 naves
836 1086 974 1116 conferti.
1021 1085 1083 1121 Qui
1098 1091 1198 1115 autem
1216 1090 1346 1115 vestrum

392 1136 580 1167 Vulneratus
596 1136 643 1166 vel
661 1146 818 1176 percussus
835 1141 958 1166 mortem
973 1141 1004 1165 et
1019 1136 1114 1165 fatum
1131 1141 1286 1165 assecutus
1301 1135 1403 1170 fuerit,

391 1189 552 1220 Moriatur.
598 1188 669 1218 Non
686 1189 711 1218 ei
727 1188 904 1218 indecorum
920 1187 1070 1228 pugnanti
1087 1197 1140 1227 pro
1156 1188 1254 1227 patria

391 1239 472 1270 Mori
486 1251 495 1278 ;
518 1239 572 1269 sed
588 1249 660 1269 uxor
675 1239 757 1269 salva
773 1244 806 1268 et
821 1239 905 1268 liberi
923 1239 954 1268 in
970 1243 1136 1278 posterum,

388 1291 430 1322 Et
443 1292 550 1322 domus
565 1297 596 1321 et
612 1291 824 1331 patrimonium
839 1291 1001 1331 integrum,
1025 1291 1050 1320 si
1064 1290 1178 1320 Achivi

391 1342 518 1373 Abeant
533 1352 602 1372 cum
619 1341 746 1372 navibus
761 1341 903 1372 dilectam
917 1341 949 1370 in
964 1341 1095 1381 patriam
1111 1345 1230 1370 terram.

235 1426 300 1462 27.
339 1424 437 1462 Haec
469 1424 637 1462 carmina
671 1423 886 1467 audientes,
915 1422 1079 1474 judiees,
1111 1423 1275 1473 majores
1307 1422 1423 1460 vestri
1458 1421 1625 1473 taliaque

183 1498 300 1537 opera
326 1485 550 1523 aemulantes
580 1486 632 1522 ita
661 1497 746 1522 sese
773 1490 974 1534 gesserunt
1000 1495 1093 1532 erga
1118 1483 1309 1527 virtutem,
1332 1488 1375 1519 ut
1402 1494 1477 1519 non
1504 1482 1627 1519 solum

182 1560 252 1598 pro
278 1559 347 1584 sua
374 1547 446 1597 ipsi
477 1548 609 1597 patria,
636 1559 766 1583 verum
792 1545 905 1582 etiam
936 1545 1114 1581 universa
1140 1543 1294 1581 Graecia
1321 1556 1391 1580 ceu
1419 1543 1627 1588 communi,

184 1608 370 1646 voluerint
389 1608 496 1646 mori.
554 1608 597 1644 In
618 1606 758 1644 Atticae
778 1605 906 1656 itaque
929 1604 1162 1642 Marathone
1183 1610 1422 1655 opponentes
1445 1616 1528 1640 sese
1550 1604 1631 1641 bar-

183 1669 282 1707 baris
312 1669 427 1706 totius
449 1668 549 1706 Asiae
576 1668 781 1707 exercitum
804 1667 990 1712 vicerunt,
1010 1666 1168 1717 propriis
1189 1666 1364 1717 periculis
1385 1678 1628 1703 communem

186 1730 428 1768 securitatem
449 1730 624 1767 omnibus
645 1728 793 1767 Graecis
814 1734 1092 1778 comparantes,
1110 1740 1186 1765 non
1207 1728 1255 1765 ob
1276 1727 1438 1764 nominis
1459 1726 1515 1764 sui
1535 1726 1632 1764 cele-

183 1791 358 1828 britatem
380 1804 464 1828 sese
484 1790 717 1835 attollentes,
735 1789 802 1828 sed
822 1788 925 1839 quod
942 1802 1001 1826 res
1019 1788 1138 1838 gloria
1154 1802 1223 1826 sua
1239 1788 1373 1839 dignas
1389 1794 1628 1839 peragerent,

187 1850 412 1889 Graecorum
429 1852 582 1902 quidem
602 1851 800 1902 praesides,
816 1849 1060 1887 barbarorum
1081 1857 1208 1887 autem
1228 1849 1420 1894 dominos,
1439 1861 1523 1886 sese
1538 1861 1631 1886 con-

188 1912 409 1950 stituentes:
441 1926 518 1951 non
538 1912 636 1950 enim
658 1913 772 1950 verbo
791 1911 919 1949 virtuti
939 1910 1160 1957 studebant,
1181 1910 1249 1948 sed
1269 1923 1381 1961 opere
1402 1910 1550 1948 cunctis
1570 1909 1633 1947 de-

189 1975 465 2012 monstrabant.

242 2036 307 2072 28.
338 2034 503 2072 Proinde
533 2035 630 2073 adeo
655 2034 809 2072 fuerunt
827 2033 893 2072 viri
919 2034 1114 2072 honestati
1135 2033 1254 2071 dediti
1274 2040 1313 2071 et
1330 2033 1482 2084 publice
1501 2040 1540 2071 et
1557 2033 1632 2084 pri-

188 2096 303 2134 vatim
326 2096 455 2133 urbem
476 2102 556 2133 tum
576 2095 800 2140 incolentes,
821 2102 864 2132 ut
885 2095 1095 2133 fortissimis
1121 2094 1424 2133 Lacedaemoniis
1451 2095 1634 2145 prioribus

189 2158 423 2210 temporibus
450 2158 593 2196 bellum
622 2158 842 2208 gerentibus
866 2157 1067 2195 adversum
1090 2157 1306 2194 Messenios
1325 2156 1519 2194 oraculum
1541 2157 1634 2194 deus

191 2220 368 2264 ediderit,
390 2233 466 2270 quo
483 2219 638 2271 jusserit
658 2226 700 2256 ut
720 2232 742 2256 a
760 2219 870 2256 nobis
892 2219 1028 2256 ducem
1049 2219 1282 2268 acciperent,
1301 2217 1495 2254 victoriam
1519 2218 1570 2255 ita
1587 2218 1635 2254 de

190 2281 361 2318 hostibus
395 2281 562 2318 relaturi.
617 2280 748 2330 Atqui,
778 2280 808 2317 si
828 2280 872 2317 iis
901 2280 964 2330 qui
984 2281 1031 2317 ab
1060 2278 1228 2316 Hercule
1248 2278 1539 2324 descenderunt,
1570 2279 1634 2328 qui

195 2354 343 2392 semper
370 2341 473 2390 regio
500 2341 650 2391 fastigio
673 2341 824 2390 fulgent
844 2341 945 2392 apud
968 2342 1193 2392 Spartanos,
1214 2353 1280 2377 eos
1300 2340 1365 2390 qui
1386 2353 1406 2376 a
1426 2340 1530 2377 vobis
1551 2353 1636 2390 pro-

194 2403 323 2454 pagati
344 2409 473 2440 essent
492 2402 608 2440 duces
627 2401 908 2452 praestantiores
929 2402 1026 2444 deus
1047 2401 1249 2452 judicavit,
1270 2399 1460 2450 quomodo
1481 2413 1555 2437 non
1580 2401 1636 2437 in-

195 2463 492 2514 exsuperabilem
531 2463 678 2500 illorum
712 2463 887 2500 virtutem
920 2470 1070 2514 oportet
1108 2460 1349 2498 existimare?
1407 2461 1502 2504 Quis
1538 2461 1637 2499 enim

195 2525 344 2575 ignorat
364 2523 603 2569 Graecorum,
623 2524 727 2573 quod
746 2524 940 2575 Tyrtaeum
965 2525 1228 2574 imperatorem
1256 2522 1474 2572 acceperint
1501 2523 1546 2559 ab
1568 2522 1638 2560 hac

196 2586 303 2629 urbe,
323 2585 430 2636 cujus
449 2597 518 2636 ope
540 2592 577 2622 et
594 2585 723 2622 hostes
743 2591 1017 2635 exsuperarunt
1037 2591 1151 2633 atque
1171 2583 1379 2633 juventutis
1405 2596 1482 2618 suae
1511 2595 1640 2620 curam

198 2646 576 2696 informationemque
605 2645 859 2690 instituerunt,
887 2658 962 2682 non
997 2644 1118 2681 solutu
1153 2643 1199 2680 ad
1231 2656 1400 2692 praesens
1433 2643 1640 2693 periculum

199 2719 330 2744 verum
360 2706 397 2743 in
423 2719 531 2744 omne
551 2720 673 2744 aevum
696 2714 795 2745 recte
817 2706 1085 2743 deliberantes.
1147 2704 1316 2754 Reliquit
1335 2705 1433 2741 enim
1453 2704 1543 2754 ipsis
1565 2703 1642 2741 ele-

203 2779 271 2817 gos
297 2779 392 2816 quos
421 2768 648 2818 composuit,
670 2781 766 2819 quos
797 2766 995 2805 audientes
1027 2765 1252 2804 erudiuntur
1282 2765 1330 2803 ad
1360 2765 1642 2802 fortitudinem:

204 2834 320 2877 atque
346 2826 504 2865 aliorum
526 2835 654 2866 vatum
681 2829 824 2866 nullam
854 2827 1037 2864 rationem
1067 2827 1266 2872 habentes,
1288 2826 1391 2864 hunc
1419 2834 1525 2864 tanto
1555 2832 1645 2863 sunt

204 2887 332 2925 studio
368 2900 569 2938 amoreque
601 2889 813 2927 vehementi
852 2887 1056 2938 prosecuti,
1097 2895 1136 2924 ut
1169 2887 1290 2936 legem
1329 2887 1494 2931 tulerint,
1535 2893 1572 2923 ut
1614 2887 1644 2924 si
