1870 3277
217 202 266 238 52
802 195 1100 235 ISOCRATIS

221 315 340 356 quum
361 313 422 339 me
443 301 656 339 orationem
679 300 728 338 ad
756 308 792 338 te
819 301 1024 337 missurum
1053 311 1137 338 esse
1162 297 1236 336 illis
1257 309 1488 345 narrassem,
1506 309 1595 349 quae
1618 311 1693 337 non

221 364 271 404 ad
291 364 586 402 ostentationem
607 369 831 413 comparata
853 369 959 400 esset
985 369 1053 400 aut
1078 361 1239 399 bellicas
1261 367 1350 398 tuas
1370 359 1507 398 laudes
1527 361 1697 399 celebra—

222 428 388 467 ret—id
418 428 518 465 enim
547 427 643 465 alios
663 440 748 464 esse
768 427 1014 472 facturos—‚
1038 426 1106 463 sed
1127 439 1205 476 qua
1233 433 1269 463 te
1298 424 1347 462 ad
1375 437 1435 462 res
1461 424 1695 462 convenien-

222 492 338 531 tiores
359 498 398 529 et
418 490 630 542 pulcriores
651 495 689 526 et
711 487 879 525 utiliores
907 488 950 525 iis
976 488 1026 525 ad
1048 500 1143 535 quas
1165 500 1266 524 nunc
1288 486 1458 524 animum
1482 486 1694 537 adjecisses

223 553 416 591 exhortari
447 564 623 596 conarer,
657 562 780 600 usquc
807 549 903 587 adeo
929 549 1037 588 veriti
1068 556 1161 587 sunt
1190 562 1237 586 ne
1266 548 1375 586 senio
1403 547 1619 592 delirarem,
1642 555 1698 592 ut,

224 615 329 666 quod
349 613 454 665 prius
477 613 603 651 facere
625 625 702 650 non
726 618 1024 655 consueverant,
1043 610 1247 661 objurgare
1269 623 1329 647 me
1351 609 1558 651 auderent;
1581 621 1700 658 quum

224 676 398 715 dicerent
433 689 492 713 me
530 674 701 712 absurda
739 682 776 711 et
813 686 973 724 prorsus
1011 672 1145 723 inepta
1178 671 1317 717 moliri,
1356 671 1434 721 qui
1476 669 1701 720 Philippo

225 739 500 777 suasionem
534 737 768 775 missurus
801 749 945 774 esses.
1015 735 1120 780 Qui,
1158 741 1208 772 ut
1238 734 1477 772 hactenus
1511 734 1564 770 ab
1601 732 1700 770 ullo

226 800 485 852 prudentia
514 799 732 850 superari
762 812 807 836 se
837 797 1124 842 censuisset,
1145 809 1272 834 nunc
1301 796 1356 833 ob
1386 807 1700 834 successuum

226 861 603 913 magnitudinem
635 860 744 898 fieri
774 872 864 897 non
894 872 1032 911 posse
1062 858 1173 909 quin
1204 871 1249 896 se
1275 858 1562 909 prudentius
1594 857 1702 894 aliis

229 924 497 963 deliberare
534 935 678 974 posse
723 922 1033 960 existimaret.
1109 918 1347 958 Praeterea
1389 919 1701 958 Macedonum

225 986 567 1038 integerrimos
608 998 825 1035 quosque
863 984 1126 1022 familiares
1171 982 1245 1019 illi
1284 995 1403 1030 esse,
1441 995 1557 1033 quos
1597 994 1701 1019 con-

229 1056 510 1086 sentaneum
540 1055 682 1093 esset,
710 1054 760 1084 ut
793 1053 1070 1084 caeterarum
1101 1058 1253 1083 rerum
1283 1045 1494 1096 imperiti
1525 1051 1703 1090 essent,

230 1111 342 1162 quid
371 1111 413 1149 ei
440 1110 694 1161 expediret
719 1110 888 1147 melius
919 1122 985 1146 me
1012 1108 1305 1159 intelligere.
1353 1109 1422 1146 Ad
1448 1108 1549 1145 haec
1578 1107 1703 1145 Grae-

227 1185 386 1210 corum
417 1173 558 1209 etiam
588 1170 763 1209 multos
797 1170 901 1208 illic
930 1170 1169 1215 habitare,
1200 1170 1327 1207 viros
1356 1182 1440 1207 nec
1469 1169 1706 1207 obscuros

230 1246 316 1271 nec
341 1233 556 1278 hebetes,
583 1245 777 1282 quorum
811 1231 896 1270 ille
927 1232 1150 1270 consiliis
1182 1243 1295 1268 usus
1331 1243 1422 1268 non
1452 1230 1707 1268 minuisset

228 1295 489 1345 imperium,
528 1294 612 1331 sed
652 1306 704 1331 ea
737 1294 980 1343 gessisset
1012 1293 1187 1343 quibus
1221 1306 1279 1330 ne
1318 1291 1477 1343 optari
1511 1292 1704 1342 quidem

229 1357 427 1396 meliora
453 1364 668 1407 possent.
708 1355 831 1397 Quid
860 1355 981 1393 enim
1002 1354 1341 1406 praetermisit?
1371 1354 1542 1392 Nonne
1563 1355 1706 1393 Thes-

230 1420 439 1458 salorum
489 1418 688 1462 animos,
734 1418 812 1468 qui
868 1417 1046 1468 pridem
1097 1430 1292 1467 regnum
1340 1416 1707 1455 Macedonicum

231 1483 544 1525 affectarunt,
583 1481 648 1518 ita
685 1480 775 1517 sibi
813 1479 1113 1524 conciliavit,
1159 1486 1207 1516 ut
1246 1490 1409 1516 eorum
1444 1490 1578 1516 nemo
1617 1492 1706 1517 non

231 1544 337 1596 plus
371 1544 411 1581 ei
439 1555 577 1593 quam
608 1542 707 1579 suis
738 1541 926 1579 civibus
955 1539 1110 1578 fidat?
1160 1552 1315 1577 nonne
1350 1539 1534 1577 urbium
1568 1540 1614 1577 in
1646 1540 1708 1578 vi-

233 1606 360 1646 cinia
386 1603 768 1650 illa‚beneficiis
799 1603 919 1641 alias
951 1602 1009 1640 ad
1039 1601 1327 1640 societatem
1354 1600 1445 1638 sibi
1475 1601 1707 1648 devinxit,

233 1669 356 1708 alias
395 1681 498 1718 quae
539 1680 585 1705 se
620 1665 918 1717 pertinacius
954 1670 1290 1716 opposuerant
1323 1662 1543 1701 funditus
1579 1677 1708 1702 ever·

231 1732 318 1770 tit?
353 1745 444 1770 non
478 1732 735 1783 Magnetes
764 1739 808 1769 et
839 1729 1166 1768 Perrhaebaeos
1187 1736 1233 1766 et
1264 1727 1464 1764 Paeones
1496 1727 1708 1778 subegit,

234 1804 281 1833 et
317 1807 482 1833 omnes
528 1794 572 1831 i'n
621 1793 854 1831 ditionem
897 1790 1116 1842 redegit?
1164 1803 1254 1828 non
1295 1789 1507 1826 maximae
1551 1789 1709 1840 partis

235 1857 535 1908 lllyriorum,
572 1856 633 1893 iis
668 1855 748 1906 qui
784 1854 983 1892 Adriam
1020 1853 1252 1892 accolunt
1284 1851 1520 1902 exceptis,
1556 1851 1709 1889 victor

235 1932 287 1958 ac
316 1918 535 1956 dominus
563 1916 748 1956 evasit?
779 1930 868 1954 non
896 1916 1134 1953 universae
1162 1913 1377 1951 Thraciae
1405 1925 1525 1963 quos
1555 1913 1708 1951 voluit

235 1980 450 2018 dominos
480 1978 617 2017 fecit?
658 1977 820 2016 Talem
848 1977 996 2028 igitur
1021 1978 1172 2015 virum
1202 1975 1353 2014 tantis
1382 1975 1524 2012 rebus
1551 1976 1708 2025 gestis

234 2056 325 2081 non
375 2041 573 2080 maxima
621 2041 840 2080 stultitia
889 2047 1179 2078 occaecatum
1227 2051 1332 2076 esse
1374 2037 1709 2089 judicaturum

233 2105 368 2142 illum
408 2116 576 2141 censes
619 2103 698 2153 qui
741 2103 957 2140 libellum
998 2102 1137 2139 istum
1180 2099 1376 2145 miserit,
1415 2099 1542 2150 quod
1585 2100 1624 2137 is
1665 2107 1711 2138 et

234 2166 530 2217 eloquentiae
560 2165 651 2203 vim
682 2171 727 2202 et
754 2165 907 2215 ipsius
938 2163 1183 2214 ingenium
1215 2174 1408 2213 prorsus
1438 2160 1656 2211 ignoret?

290 2230 327 2267 8.
359 2228 433 2265 His
453 2241 527 2278 ego
547 2227 687 2264 auditis
714 2239 792 2264 non
815 2226 955 2271 dicam,
983 2238 1109 2276 neque
1137 2231 1180 2262 ut
1208 2224 1371 2275 primum
1403 2222 1605 2273 perculsus
1625 2222 1728 2261 sues

234 2291 319 2336 rim,
340 2302 467 2339 neque
484 2301 605 2339 quum
626 2288 858 2339 recepissem
880 2288 1047 2325 animum
1063 2286 1158 2338 quid
1179 2286 1228 2324 ad
1250 2284 1407 2336 singula
1424 2284 1530 2322 dicta
1548 2297 1710 2335 respon-

236 2351 372 2398 derim,
394 2364 440 2389 ne
460 2350 599 2401 quibus
630 2350 713 2400 ipse
737 2349 829 2386 mihi
854 2348 968 2386 valde
998 2349 1154 2399 placere
1175 2348 1307 2386 videar
1334 2347 1382 2385 de
1411 2347 1559 2384 urbana
1578 2359 1711 2385 eorum

235 2412 523 2452 confutatione:
565 2425 685 2462 quum
713 2417 957 2449 autem—ut
986 2411 1078 2448 mihi
1105 2409 1262 2461 quidem
1289 2408 1710 2460 persuadebam—eos

234 2476 300 2528 qui
333 2488 393 2513 me
427 2473 710 2525 reprehendere
747 2473 830 2511 ausi
863 2474 1018 2511 fuerant
1051 2472 1231 2510 molestia
1264 2470 1448 2508 mediocri
1481 2469 1711 2517 affecissem,

234 2539 394 2576 tandem
415 2534 612 2587 pollicitus
640 2548 725 2572 sum
753 2547 813 2572 me
846 2534 937 2572 solis
967 2534 1021 2572 eis
1051 2547 1099 2572 ex
1128 2533 1307 2571 omnibus
1328 2531 1475 2569 civibus
1497 2532 1710 2570 orationem

236 2605 495 2644 ostensurum,
514 2610 588 2635 nec
605 2597 813 2647 quicquam
834 2596 938 2634 aliud
955 2595 1002 2633 de
1024 2608 1069 2633 ea
1091 2602 1261 2633 statuere
1282 2593 1381 2631 velle
1401 2593 1472 2631 nisi
1493 2593 1598 2643 quod
1618 2594 1710 2644 ipsis

238 2660 446 2698 videretur.
507 2659 580 2697 His
603 2658 656 2696 illi
676 2658 817 2697 auditis
842 2658 1034 2703 abierunt,
1061 2670 1139 2707 quo
1165 2656 1295 2695 animo
1317 2655 1460 2696 nescio,
1518 2654 1610 2699 Sed,
1632 2668 1711 2693 non

239 2721 370 2760 multis
389 2720 527 2758 diebus
549 2729 639 2772 post
657 2720 834 2759 absoluta
854 2719 1028 2758 oratione
1049 2726 1088 2756 et
1105 2718 1160 2756 eis
1181 2725 1354 2762 ostensa,
1376 2716 1430 2754 ita
1449 2716 1585 2753 mutati
1607 2724 1710 2763 sunt,

237 2791 282 2821 ut
301 2796 368 2821 eos
384 2795 522 2821 eorum
538 2796 626 2833 quae
643 2783 830 2821 audacius
847 2781 1028 2819 dixerant
1047 2780 1223 2831 puderet,
1238 2785 1278 2816 et
1296 2778 1464 2815 omnium
1482 2790 1571 2827 quae
1591 2778 1712 2816 locuti

240 2846 395 2883 fuerant
412 2844 631 2895 poeniteret,
652 2852 774 2896 utque
793 2845 1005 2882 faterentur
1025 2854 1067 2880 se
1086 2841 1194 2879 nulla
1215 2852 1387 2891 unquam
1408 2846 1518 2877 tanta
1536 2839 1574 2876 in
1597 2853 1637 2878 re
1656 2840 1713 2879 ita

237 2905 359 2944 fuisse
386 2904 586 2957 deceptos,
609 2906 891 2957 studerentque
910 2904 1078 2943 innixius
1098 2916 1215 2955 quam
1242 2915 1316 2954 ego
1342 2907 1385 2940 ut
1406 2901 1625 2940 mitteretur
1643 2902 1710 2941 tibi

238 2967 325 3007 haec
343 2966 488 3012 oratio;
519 2967 678 3007 aiebant
697 2967 799 3007 enirn
820 2980 973 3019 sperare
993 2979 1034 3005 se
1059 2977 1137 3004 non
1165 2971 1201 3003 te
1222 2964 1347 3003 solum
1369 2971 1409 3003 et
1428 2963 1709 3015 rempublicam
