1870 3277
620 182 1050 220 AREOPAGITICA.
1512 177 1560 211 97

102 283 228 334 Halyn
262 296 412 321 amnem
446 284 743 329 descenderent,
775 283 845 321 sed
874 283 910 319 in
944 294 1092 320 summo
1124 281 1202 318 otio
1233 294 1273 318 se
1303 279 1561 318 continerent.

100 345 215 382 Nunc
235 357 279 381 eo
300 357 359 382 res
381 346 592 391 redierunt,
613 353 653 383 ut
672 345 779 382 alteri
808 352 982 382 nostram
1005 344 1139 380 urbem
1163 341 1328 386 oderint,
1349 340 1459 378 alteri
1490 352 1561 377 nos

98 413 362 444 contemnant.
421 408 483 444 Ac
504 407 551 444 de
573 406 800 443 Graecorum
818 405 974 455 quidem
997 404 1085 441 odio
1106 410 1290 453 praetores
1323 403 1423 451 ipsos
1451 401 1561 439 audi-

98 467 225 504 vistis:
257 482 321 504 rex
343 468 549 505 Persarum
577 474 704 504 autem
735 479 848 504 suum
876 479 970 516 erga
998 479 1068 503 nos
1098 464 1269 502 animum
1298 462 1416 500 literis
1437 463 1564 501 missis

99 528 322 566 declaravit.

156 592 219 627 38.
251 591 377 628 Etiam
394 589 488 626 iilud
506 589 728 627 addendum
749 596 822 633 est,
845 589 938 626 dum
956 588 1019 626 ille
1042 587 1249 638 praeclarus
1269 585 1365 623 ordo
1385 584 1423 621 in
1449 597 1563 634 repu-

100 652 203 689 blica
224 653 461 696 servabatur,
476 652 528 688 ita
549 651 652 688 cives
673 651 721 688 ad
736 651 914 688 virtutem
932 651 1050 688 fuisse
1065 648 1273 690 institutos,
1291 652 1332 683 ut
1352 646 1449 683 inter
1464 645 1566 695 ipsos

100 714 218 751 nullae
237 713 423 750 molestiae
441 713 644 757 orirentur,
660 713 728 750 sed
751 719 791 749 ut
810 725 943 749 omnes
967 725 1032 749 eos
1054 711 1120 761 qui
1142 710 1179 747 in
1198 709 1363 746 Atticam
1381 707 1567 757 impeturn

101 774 285 812 fecissent
304 774 514 825 pugnando
537 781 775 825 superarent.
820 774 902 811 Nos
927 781 1063 812 contra
1084 773 1178 810 alios
1195 771 1258 810 alii
1274 771 1466 808 lacessere
1481 769 1566 806 nul-

101 835 180 872 lum
202 836 302 873 diem
324 835 621 880 intermittimus,
644 849 722 872 rem
743 848 832 873 vero
856 835 1057 872 militarem
1078 835 1131 872 ita
1159 833 1404 883 negligimuS‚
1424 838 1466 868 ut
1494 843 1567 868 nec

102 897 246 934 militiae
266 896 356 934 dare
377 898 533 943 nomina
552 897 780 942 audeamus,
802 896 875 934 nisi
895 903 1056 947 accepta
1076 895 1253 947 pecunia.
1298 894 1351 931 Et
1366 892 1472 943 quod
1492 905 1569 929 ma-

103 958 249 995 ximum
270 965 348 996 est:
381 971 426 995 eo
449 966 620 1010 tempore
641 972 754 996 nemo
774 958 866 996 civis
888 959 941 996 rei
959 957 1155 995 familiaris
1169 956 1331 1008 penuria
1351 955 1572 999 laborabat,

103 1033 228 1070 neque
249 1021 296 1057 ab
318 1019 437 1057 obviis
459 1021 555 1071 stipe
578 1020 753 1070 roganda
769 1020 901 1057 urbem
924 1020 1064 1070 probro
1086 1019 1294 1063 afficiebat,
1316 1030 1417 1054 nuuc
1438 1016 1568 1067 plures

104 1089 194 1119 sunt
213 1082 277 1131 qui
297 1089 439 1134 egeant
458 1094 575 1131 quam
594 1081 660 1131 qui
687 1095 767 1118 rem
787 1081 973 1124 habeant;
1005 1081 1147 1131 quibus
1168 1080 1342 1130 profecto
1362 1078 1454 1116 vitio
1475 1076 1570 1115 verti

104 1157 181 1182 non
203 1144 330 1189 debet,
354 1144 386 1181 si
405 1143 684 1194 rempublicam
711 1143 805 1180 nihil
833 1143 989 1181 omnino
1008 1149 1157 1188 curant,
1175 1142 1243 1180 sed
1265 1154 1417 1191 semper
1435 1140 1472 1177 in
1491 1139 1568 1177 hoc

105 1219 223 1243 unum
247 1213 338 1243 sunt
359 1205 508 1251 intenti,
529 1205 668 1255 quibus
690 1204 902 1243 rationibus
924 1211 1126 1254 urgentem
1147 1203 1318 1254 quotidie
1338 1203 1478 1239 famem
1500 1201 1567 1238 de-

103 1266 246 1318 pellere
261 1267 390 1304 liceat.

161 1331 224 1366 39.
257 1329 341 1380 Ego
360 1328 490 1378 itaque
511 1341 630 1378 quum
652 1341 721 1365 nos
751 1334 945 1377 putarem,
967 1327 997 1363 si
1027 1327 1192 1377 majores
1222 1332 1376 1369 nostros
1403 1324 1570 1361 imitare-

106 1405 205 1436 mur,
223 1398 260 1429 et
279 1391 337 1428 his
359 1390 468 1428 malis
490 1390 691 1427 liberatum
720 1389 776 1435 iri,
799 1401 871 1426 nec
892 1394 1033 1425 nostrae
1060 1394 1211 1425 tantum
1232 1385 1376 1423 civitati
1397 1384 1466 1422 sed
1486 1384 1570 1421 uni-

105 1453 222 1491 versis
242 1453 357 1491 etiam
377 1452 529 1489 Graecis
550 1452 631 1490 fore
650 1451 779 1496 saluti,
799 1464 845 1488 ea
865 1450 912 1487 de
933 1462 1055 1487 causa
1073 1456 1111 1487 et
1131 1449 1205 1486 huc
1228 1446 1373 1485 accessi
1403 1452 1443 1483 et
1469 1445 1571 1483 hanc

106 1515 318 1553 orationem
338 1513 473 1551 habui:
505 1526 572 1551 vos
595 1520 723 1551 autem
739 1512 798 1550 his
814 1512 992 1549 omnibus
1007 1509 1257 1550 consideratis
1274 1521 1320 1547 ea
1332 1507 1572 1547 decernitote

106 1589 194 1627 quae
211 1589 231 1614 e
253 1575 453 1627 republica
468 1575 548 1613 fore
568 1574 732 1612 maxime
754 1573 968 1612 videantur.
1373 1580 1376 1583 ’
