1870 3277
608 181 831 221 CONTRA
862 182 1208 223 LEOCRATEM.
1545 188 1617 224 461

183 287 272 325 dem
301 287 481 325 moenium
510 287 819 333 constructionis,
848 286 910 324 alii
942 286 1214 336 sepulcrorum,
1250 287 1311 325 alii
1342 287 1450 327 valli:
1495 301 1620 341 neque

185 347 381 398 quisquam
402 361 446 386 ex
466 347 639 387 omnibus
659 347 725 398 qui
743 347 782 385 in
801 349 891 385 urbe
919 353 1027 385 erant
1052 348 1195 384 otiosus
1222 353 1424 398 torpensve
1450 349 1616 390 invenie-

182 411 307 449 batur.
364 412 415 450 At
432 412 566 449 horum
587 423 742 461 operum
763 408 856 447 nulli
875 421 1015 459 corpus
1035 421 1145 445 suum
1166 409 1330 458 praebuit
1345 409 1619 448 admovendum

186 472 399 511 Leocrates.
456 472 554 516 Quae
572 484 640 508 vos
666 470 910 509 recordantes
939 482 1040 515 eum,
1061 469 1125 520 qui
1154 482 1277 520 neque
1303 470 1471 509 conferre
1501 486 1621 523 neque

184 534 311 571 venire
331 534 510 584 dignatus
538 533 586 570 sit
615 532 664 570 ad
696 544 762 569 eos
791 530 1003 569 efferendos
1031 531 1097 581 qui
1124 543 1191 580 pro
1217 531 1391 568 libertate
1418 533 1622 584 populique

185 595 309 633 salute
330 595 367 632 in
387 594 600 631 Chaeronea
619 593 892 638 occubuerunt,
908 600 1030 630 morte
1050 592 1234 629 mulctare
1250 604 1318 642 par
1338 598 1410 638 est,
1429 600 1620 645 tanquam,

185 655 291 705 quod
311 655 360 693 ad
385 656 506 706 ipsum
527 654 678 698 attinet,
699 654 876 705 insepulti
896 653 964 691 viri
985 653 1038 691 illi
1057 653 1176 691 relicti
1195 653 1290 697 sint;
1320 666 1481 704 quorum
1502 668 1623 706 neque

184 716 246 755 hic
267 717 435 755 tumulos
454 716 671 768 praeteriens
699 716 851 754 erubuit
874 723 1011 754 octavo
1037 714 1191 758 demum
1210 727 1310 753 anno
1336 716 1495 766 patriam
1521 717 1622 768 ipso·

186 791 269 816 rum
291 778 495 829 appellare.

242 840 303 876 12.
336 839 396 876 De
426 838 580 889 quibus,
607 838 772 890 judices,
804 838 920 890 paulo
948 839 1057 890 plura
1090 852 1240 877 narrare
1269 839 1462 885 constitui,
1483 853 1626 891 vosque

184 899 317 937 audire
333 912 464 950 precor
476 912 548 938 nec
564 900 708 938 alienas
723 906 857 951 putare
869 900 964 938 tales
979 915 1002 939 a
1020 901 1181 951 publicis
1197 900 1459 939 contentiones
1473 914 1481 944 ;
1512 901 1626 952 siqui-

184 961 273 998 dem
301 961 486 998 bonorum
516 961 678 999 virorum
712 961 903 1012 praeconia
936 962 1180 1000 manifestum
1206 962 1387 1000 indicium
1415 962 1463 1000 de
1492 962 1537 1000 iis
1563 964 1627 1013 qui

184 1022 377 1059 contraria
390 1021 596 1059 moliuntur
612 1022 772 1060 faciunt.
805 1022 1154 1074 Praetereajustum
1168 1023 1431 1074 laudem,quae
1443 1037 1520 1062 una
1530 1037 1627 1074 prae-

188 1083 304 1120 mium
317 1083 570 1133 periculorum
583 1091 641 1120 est
654 1085 763 1121 bonis
778 1084 881 1129 viris,
897 1084 995 1122 hanc
1010 1085 1142 1135 ipsam,
1155 1085 1463 1136 quandoquidem
1476 1093 1514 1123 et
1525 1085 1577 1122 illi
1589 1086 1627 1123 in

186 1157 429 1183 communem
451 1144 531 1182 salu
539 1151 613 1182 tem
629 1145 732 1183 urbis
747 1146 893 1183 animas
908 1158 996 1183 suas
1009 1144 1241 1194 effuderunt,
1253 1147 1290 1184 in
1306 1148 1464 1198 publicis
1479 1154 1517 1184 et
1530 1160 1629 1185 com-

186 1205 365 1244 munibus
381 1206 647 1243 certaminibus
665 1207 770 1244 urbis
787 1206 890 1244 haud
902 1206 1201 1257 praetermittere.
1268 1208 1366 1245 Nam
1385 1208 1438 1245 illi
1454 1208 1626 1245 hostibus

184 1274 430 1304 occurrerunt
442 1267 544 1317 apud
556 1267 723 1305 confinia
736 1268 897 1306 Boeotiae
910 1280 977 1318 pro
991 1268 1214 1306 Graecorum
1230 1269 1405 1308 libertate
1419 1271 1629 1321 pugnaturi,

187 1340 263 1364 non
291 1328 329 1365 in
357 1328 539 1366 moenibus
560 1341 665 1380 spem
685 1329 819 1367 salutis
838 1329 1038 1375 habentes,
1064 1342 1189 1380 neque
1208 1337 1345 1368 terram
1371 1332 1630 1383 populandam

187 1389 393 1438 prodentes
418 1389 604 1438 hostibus,
623 1398 805 1428 caeterum
836 1403 943 1427 suam
969 1390 1228 1429 fortitudinem
1247 1393 1436 1443 propriam
1458 1393 1631 1431 tutiorem

186 1463 272 1488 esse
292 1450 539 1487 munitionem
559 1458 739 1501 putantes
766 1451 928 1501 lapideis
947 1452 1262 1501 propugnaculis,
1280 1454 1488 1504 meritoque
1508 1454 1630 1504 pude-

186 1510 278 1550 facti
293 1511 414 1548 solum
430 1511 531 1562 quod
546 1525 586 1549 se
598 1511 771 1550 educarit
784 1525 942 1550 cernere
955 1512 1107 1550 vastari.
1162 1513 1275 1551 Jure:
1306 1515 1632 1564 quemadmodum

187 1572 285 1609 enirn
306 1586 396 1623 erga
414 1572 605 1610 naturales
624 1579 804 1623 parentes
823 1581 861 1610 et
881 1573 1134 1624 *adoptativos
1155 1587 1228 1612 non
1252 1587 1384 1612 omnes
1405 1589 1515 1626 aeque
1535 1571 1632 1614 ¹sunt

185 1633 374 1678 benevoli,
397 1633 445 1671 ad
467 1634 569 1672 hunc
589 1633 744 1671 modum
760 1647 851 1685 erga
869 1634 1056 1685 regioneS,
1079 1648 1165 1685 quae
1185 1642 1319 1674 natura
1333 1650 1402 1674 nos
1421 1650 1498 1675 non
1518 1639 1632 1676 attin·-

187 1701 298 1744 gunt,
319 1694 385 1733 sed
407 1704 494 1745 post
520 1696 719 1746 acquisitae
747 1702 848 1742 sunt,
870 1697 994 1734 minus
1015 1695 1140 1735 affecti
1161 1704 1250 1735 sunt
1275 1698 1460 1738 homines.
1519 1700 1631 1748 Ejus-

189 1755 291 1792 modi
319 1756 514 1794 sententiis
547 1756 710 1807 impulsi,
741 1769 829 1794 cum
858 1757 1008 1808 optimis
1037 1757 1123 1795 viris
1155 1772 1201 1797 ex
1232 1772 1343 1810 aequo
1374 1760 1630 1811 periculorum

185 1824 387 1854 consortes
419 1817 523 1863 facti,
559 1830 636 1855 non
671 1817 751 1868 pari
781 1818 925 1856 ratione
961 1819 1165 1870 participes
1204 1828 1293 1859 sunt
1324 1822 1413 1860 facti
1440 1822 1628 1861 fortunae:

188 1876 325 1914 virtute
354 1891 517 1928 namque
545 1891 621 1916 non
643 1878 820 1916 fruuntur
845 1893 932 1917 cum
959 1881 1183 1927 viventibus,
1209 1883 1277 1920 sed
1311 1884 1445 1921 mortui
1473 1885 1629 1934 gloriam

188 1938 435 1989 reliquerunt,
458 1940 561 1977 haud
584 1939 687 1986 victi,
717 1941 786 1978 sed
812 1943 951 1979 mortui
971 1943 1035 1980 ubi
1061 1943 1099 1980 in
1121 1943 1199 1981 acie
1229 1943 1405 1982 collocati
1433 1945 1538 1984 fuere
1561 1960 1631 1998 pro

188 1999 364 2037 libertate
393 2001 621 2039 dimicaturi.
690 2002 805 2045 Quod
838 2003 868 2040 si
900 2004 1068 2041 omnium
1100 2004 1216 2055 longe
1250 2006 1630 2054 admirabilissimum,

189 2074 318 2098 verum
335 2068 477 2108 autem,
498 2061 624 2100 dicere
648 2069 835 2113 oporteat,
861 2063 913 2101 illi
932 2065 1128 2103 vincentes
1155 2067 1293 2104 mortui
1312 2075 1412 2105 sunt.
1470 2068 1632 2107 Praemia

187 2123 289 2160 enim
308 2123 396 2160 belli
425 2124 534 2161 bonis
562 2124 649 2161 viris
672 2132 762 2162 sunt
790 2125 944 2164 libertas
971 2133 1009 2163 et
1030 2126 1168 2164 virtus:
1198 2126 1282 2166 haec
1308 2141 1400 2166 sane
1429 2130 1540 2167 ambo
1568 2130 1631 2168 de-

188 2183 326 2221 functis
340 2184 417 2221 vita
433 2191 573 2235 praesto
593 2191 694 2222 sunt.
751 2185 887 2236 Neque
906 2187 986 2224 fieri
1006 2194 1145 2238 potest,
1164 2195 1205 2225 ut
1219 2189 1270 2226 illi
1287 2188 1465 2228 dicantur
1483 2192 1630 2229 amissae

187 2245 358 2283 victoriae
378 2253 566 2292 auctores,
586 2247 650 2297 qui
673 2247 863 2286 mentibus
884 2249 962 2287 suis
982 2263 1057 2288 non
1080 2251 1351 2302 trepidaverint
1365 2254 1414 2290 ob
1432 2253 1628 2291 imminen-

188 2306 281 2343 tium
310 2307 494 2344 malorum
527 2319 720 2358 pavorem.
793 2308 905 2347 Solos
937 2310 1038 2348 enim
1067 2323 1134 2349 eos
1165 2312 1229 2362 qui
1259 2312 1296 2349 in
1329 2313 1439 2351 bellis
1470 2314 1628 2353 honeste

188 2367 400 2405 moriuntur
419 2380 529 2405 nemo
548 2368 667 2406 victos
687 2381 771 2407 esse
785 2372 870 2418 ¹iure
891 2369 1050 2409 dixerit:
1087 2385 1176 2410 narn
1203 2373 1420 2410 servitutem
1439 2374 1628 2424 fugientes

187 2429 376 2466 celebrem
396 2436 556 2467 mortem
584 2430 763 2480 seligunt.
821 2431 1041 2470 Declaravit
1059 2446 1171 2483 porro
1190 2433 1290 2471 istud
1311 2434 1444 2472 horum
1464 2436 1627 2473 virorum

189 2490 330 2527 virtus:
368 2490 439 2528 soli
468 2490 570 2528 enim
601 2492 767 2529 omniurn
800 2491 962 2531 Graeciae
987 2494 1200 2531 libertatem
1231 2494 1308 2532 suis
1339 2495 1375 2532 in
1406 2497 1627 2547 corporibus

189 2551 396 2589 habebant.
465 2551 552 2590 Una
584 2553 683 2591 enim
720 2553 772 2591 illi
802 2554 916 2592 vitam
949 2562 1213 2606 permutarunt
1242 2569 1375 2607 resque
1404 2557 1626 2596 Graecorum

189 2612 240 2650 ad
275 2613 494 2651 servitutem
523 2613 771 2657 deciderunt:
820 2615 931 2653 simul
970 2616 1070 2653 enim
1099 2617 1250 2667 sepulta
1279 2625 1336 2655 est
1374 2631 1460 2655 cum
1493 2619 1627 2658 horum

188 2675 408 2724 corporibus
439 2675 669 2726 reliquorum
694 2676 915 2715 Graecorum
943 2676 1113 2715 libertas.
1181 2677 1292 2716 Unde
1319 2687 1357 2716 et
1384 2679 1626 2730 perspicuum

191 2735 368 2773 omnibus
392 2736 565 2774 fecerunt
590 2750 630 2775 se
651 2750 726 2775 non
754 2737 928 2789 privatim
954 2738 1087 2775 fecisse
1112 2738 1268 2784 bellum,
1289 2741 1354 2776 sed
1380 2753 1447 2790 pro
1474 2743 1627 2792 publica

190 2796 362 2833 libertate
391 2797 533 2835 tuenda
564 2811 647 2836 sese
674 2812 752 2849 prae
778 2798 859 2836 aliis
884 2799 1054 2849 pericula
1082 2799 1254 2837 subiisse.
1310 2801 1498 2842 Quocirca
1523 2804 1625 2841 haud

189 2855 369 2907 puduerit
387 2869 460 2902 me,
484 2857 648 2908 judices,
668 2859 794 2897 dicere
820 2871 1001 2897 coronam
1021 2860 1154 2910 patriae
1172 2874 1256 2898 esse
1278 2861 1428 2900 illorum
1453 2864 1624 2902 amimas.

190 2920 446 2970 Quapropter,
474 2932 521 2958 ex
543 2919 585 2958 iis
608 2934 694 2971 quae
714 2927 817 2960 recte
838 2929 1039 2971 gesserunt
1058 2922 1177 2967 scitis,
1201 2921 1466 2970 Athenienses,
1488 2924 1556 2962 soli
1574 2938 1621 2963 ex
