1870 3277
665 177 1141 215 PANATHENAICUS.
1564 180 1634 214 177

223 280 287 318 89.
309 279 443 322 Quod
465 278 618 332 ipsum
638 280 694 319 de
713 279 978 319 concordia
997 291 1186 330 quoque
1208 279 1301 317 dici
1322 286 1499 331 potest:
1531 293 1633 319 nam

170 342 309 392 liujus
329 342 467 379 etiam
498 355 589 380 non
609 342 833 380 estaliud
861 353 998 392 quam
1023 348 1304 378 caeterarum
1332 355 1483 380 rerum
1506 343 1634 394 inge-

169 403 318 446 nium;
350 404 587 454 quandam
621 404 738 442 enim
771 402 1083 440 concordiam
1111 402 1318 453 plurima
1345 403 1467 441 bona
1499 417 1635 455 pepe-

166 454 288 505 risse
322 468 632 518 reperiemus,
668 465 907 518 quandam
941 466 1221 517 ingentibus
1257 466 1396 505 malis
1432 474 1478 504 et
1508 469 1633 507 cala-

164 528 415 568 mitatibus
441 529 707 580 praebu1sse
730 528 1053 567 occasionem.
1112 528 1398 579 Cujusmodi
1427 535 1473 566 et
1493 530 1635 579 Spar-

164 597 381 627 tanorum
412 590 551 628 istam
581 603 686 628 esse
717 590 854 628 dieo:
885 602 971 628 non
1006 590 1126 627 enim
1160 590 1485 628 dissimulabo
1516 592 1634 629 veri-

163 658 320 696 tatem,
356 651 548 690 tametsi
577 651 822 702 aliquibus
856 664 996 702 supra
1030 652 1215 690 modum
1247 652 1457 690 absurda
1489 659 1537 690 et
1567 652 1634 689 in-

162 713 418 752 credibilia
447 713 605 752 dicere
626 713 836 751 videbor.
895 713 952 750 Hi
981 713 1102 752 enim
1133 727 1218 752 suo
1247 727 1488 752 consensu
1517 715 1633 752 freti

162 773 217 812 de
236 775 376 812 rebus
397 774 629 820 externis,
663 782 888 825 tanquam
917 774 1180 815 artificium
1206 776 1635 822 exercentes,effi-

161 835 353 873 ciebant
398 843 448 874 ut
491 836 657 874 caeteri
695 835 852 874 Graeci
891 835 1022 874 inter
1063 850 1170 874 sese
1216 837 1532 882 dissiderent,
1571 845 1630 882 et,

160 898 289 947 quod
319 897 428 936 aliis
461 898 753 936 civitatibus
781 897 986 936 omnium
1019 898 1253 936 malorum
1288 900 1629 950 gravissimum

159 958 309 1003 est,id
335 959 542 997 omnium
570 959 887 997 utilissimum
913 959 1006 997 sibi
1026 972 1131 998 esse
1153 960 1492 998 crediderunt.
1516 961 1631 1005 Quae

157 1019 394 1059 civitates
425 1021 575 1072 igitur
607 1020 910 1060 factionibus
946 1020 1200 1059 distractae
1235 1029 1389 1068 erant,
1422 1036 1504 1060 eas
1536 1023 1631 1073 ipsi

158 1081 399 1120 arbitratu
427 1095 513 1120 suo
540 1088 753 1121 tractare
780 1088 1022 1133 poterant.
1062 1083 1220 1125 Quare
1248 1096 1384 1121 nemo
1415 1096 1496 1121 eos
1525 1097 1629 1135 pro-

157 1149 262 1194 pter
294 1143 605 1181 concordiam
636 1143 743 1195 jure
778 1143 1072 1189 laudaverit,
1113 1144 1267 1183 nihilo
1299 1145 1452 1196 magis
1491 1159 1629 1197 quam

158 1203 343 1254 piratas
380 1210 463 1242 aut
499 1217 580 1242 eos
618 1204 694 1254 qui
735 1204 989 1242 maleficio
1028 1213 1074 1242 et
1108 1205 1292 1243 scelere
1329 1214 1626 1257 pascuntur:

157 1277 260 1301 nam
298 1264 343 1302 hi
380 1278 570 1315 quoque
600 1266 731 1303 inter
769 1278 817 1303 se
855 1266 1234 1304 consentientes
1275 1267 1400 1305 alios
1435 1268 1629 1307 interfi-

156 1325 303 1363 ciunt.
362 1326 410 1363 Si
433 1327 611 1377 quibus
642 1333 797 1364 autem
827 1327 926 1364 haec
947 1327 1151 1366 collatio
1179 1328 1413 1367 indecora
1433 1329 1630 1368 videtur

156 1400 311 1437 neque
359 1387 553 1425 illorum
602 1388 961 1426 existimationi
1005 1402 1115 1426 esse
1158 1397 1499 1436 consentanea,
1538 1391 1626 1430 hac

155 1448 332 1486 omissa
372 1448 427 1486 de
465 1449 706 1487 Triballis
744 1449 867 1495 dico,
903 1463 1022 1500 quos
1058 1462 1221 1488 omnes
1259 1451 1397 1490 aiunt
1430 1465 1626 1491 concor-

156 1510 317 1549 diores
353 1524 459 1550 esse
494 1525 632 1562 quam
670 1512 798 1550 ullos
836 1511 962 1550 alios
998 1511 1238 1558 homines,
1277 1513 1360 1551 sed
1394 1527 1487 1552 non
1522 1515 1628 1552 fini-

156 1573 297 1610 timos
319 1579 506 1611 tantum
532 1573 640 1611 etin
669 1574 848 1613 vicinia
872 1586 957 1611 sua
986 1572 1271 1612 habitantes
1299 1574 1518 1625 perdere,
1543 1576 1629 1615 sed

155 1647 238 1672 eos
280 1647 445 1672 omnes
484 1634 540 1673 ad
578 1648 697 1685 quos
736 1642 994 1686 penetrare
1030 1643 1251 1685 possunt.
1311 1635 1479 1686 Neque
1517 1650 1627 1676 vero

156 1694 299 1732 decet
344 1701 396 1732 ut
431 1695 630 1733 virtutis
679 1696 892 1734 studium
942 1695 1156 1746 professi
1195 1696 1310 1734 illos
1354 1696 1627 1745 imitentur,

155 1757 238 1795 sed
269 1757 360 1795 vim
393 1757 562 1808 potius
601 1770 652 1795 ac
685 1766 903 1796 naturam
937 1757 1192 1808 sapientiae
1227 1765 1272 1794 et
1298 1758 1514 1808 justitiae
1542 1771 1627 1797 cae-

156 1826 462 1869 terarumque
492 1819 740 1858 virtutum.
799 1820 881 1857 Hae
914 1819 1037 1857 euim
1068 1833 1160 1857 non
1195 1819 1522 1870 sibimetipsis
1550 1822 1626 1860 be·

157 1881 430 1926 nefaciunt,
465 1881 543 1919 sed
576 1894 774 1931 quorum
810 1881 983 1919 animis
1017 1887 1304 1919 constanter
1336 1880 1625 1928 insederint,

155 1955 234 1980 eos
271 1942 447 1980 felices
485 1942 698 1980 reddunt
735 1950 782 1980 et
817 1943 1014 1979 beatos:
1060 1941 1413 1980 Lacedaemonii
1444 1950 1625 1990 contra,

153 2016 463 2055 quoscunque
494 2004 805 2049 accesserint,
826 2002 1047 2054 perdunt,
1067 2002 1364 2054 aliorumque
1395 2004 1517 2042 bona
1540 2017 1626 2041 om-

153 2066 229 2104 nia
250 2065 304 2103 ad
326 2078 372 2103 se
392 2065 688 2116 pertrahunt.

207 2128 272 2165 90.
306 2128 378 2165 His
400 2127 529 2172 dictis,
552 2140 641 2165 eum
664 2140 751 2166 cum
775 2140 852 2179 quo
877 2127 1127 2179 colloquebar
1151 2126 1329 2178 repressi,
1353 2128 1474 2165 virum
1495 2141 1622 2167 acrem

151 2196 189 2228 et
209 2189 415 2228 multarum
448 2203 576 2227 rerum
608 2190 771 2240 peritum
800 2196 838 2227 et
866 2189 903 2227 in
935 2196 1014 2227 arte
1042 2190 1208 2227 oratoria
1242 2203 1317 2228 non
1353 2191 1479 2228 minus
1513 2204 1621 2229 exer-

150 2252 310 2290 citatum
343 2264 460 2302 quam
491 2251 666 2302 quemvis
699 2264 872 2290 meorum
906 2251 1197 2302 discipulorum.
1256 2252 1452 2290 Caeterum
1489 2253 1622 2291 adole-

151 2313 326 2359 scentuli,
353 2313 417 2364 qui
448 2313 507 2351 his
537 2313 717 2351 omnibus
745 2313 1011 2359 interfuerant,
1038 2326 1115 2351 non
1147 2313 1251 2350 idem
1285 2321 1490 2352 senserunt
1516 2314 1623 2365 quod

151 2391 249 2429 ego3
280 2390 370 2415 nam
389 2390 450 2415 me
470 2377 624 2428 quidem
646 2377 857 2415 laudarunt
878 2385 920 2415 ut
939 2377 1229 2429 quijuvenilius
1251 2378 1544 2428 exspectatione
1564 2378 1622 2428 ip-

150 2453 278 2479 sorum
300 2438 570 2477 disseruissem
586 2439 676 2476 etin
693 2452 738 2477 eo
759 2438 966 2477 certamine
987 2451 1049 2476 me
1070 2438 1255 2489 praeclare
1277 2438 1621 2489 gessissem,illum

150 2509 277 2540 autem
298 2507 629 2552 contempserunt,
651 2514 728 2539 non
756 2514 844 2539 vero
869 2501 1032 2552 judicio,
1059 2501 1126 2538 sed
1146 2513 1273 2538 errore
1292 2500 1340 2537 de
1361 2508 1522 2551 utroque
1552 2513 1621 2538 no·
1655 2537 1661 2544 ,

150 2570 284 2602 strum.
343 2563 443 2601 Nam
478 2563 542 2601 ille
570 2563 727 2614 quidem
757 2562 985 2601 discedebat
1016 2562 1242 2614 prudentior
1272 2562 1395 2599 factus
1423 2569 1462 2599 et
1492 2562 1620 2602 animo

151 2625 202 2664 ita
235 2632 433 2663 contracto
469 2625 739 2676 modestoque,
769 2632 812 2662 ut
845 2625 1039 2675 sapientes
1071 2624 1199 2668 decet,
1233 2630 1283 2667 et,
1317 2623 1422 2673 quod
1454 2623 1618 2675 Delphis

152 2687 335 2738 scriptum
370 2693 444 2732 est,
481 2694 521 2724 et
559 2687 726 2737 seipsum
761 2694 798 2725 et
838 2685 1219 2724 Lacedaemoniorum
1260 2684 1456 2734 ingenium
1495 2687 1618 2736 magis

150 2760 265 2799 quam
294 2748 397 2797 prius
428 2755 684 2798 cognoverat:
716 2760 790 2798 ego
810 2760 914 2793 vero,
936 2753 978 2784 ut
1002 2747 1165 2783 fortasse
1193 2758 1269 2782 non
1301 2745 1419 2784 invita
1444 2745 1621 2784 Minerva

151 2808 403 2858 disputaram‚
433 2808 488 2846 sic
506 2809 555 2846 ob
581 2808 654 2847 hoc
687 2809 810 2859 ipsum
838 2807 1026 2846 amentior
1053 2807 1178 2844 sactus
1201 2819 1319 2851 eram,
1348 2813 1385 2845 et
1413 2807 1619 2846 animosior

151 2881 266 2919 quam
301 2875 470 2906 nostram
497 2877 652 2907 aetatem
682 2869 808 2914 decet,
834 2875 872 2906 et
897 2868 1034 2918 plenus
1061 2867 1349 2918 perturbatione
1375 2881 1420 2906 ac
1451 2868 1616 2906 tumultu

150 2929 324 2979 juvenili.

851 2993 872 3026 ‘2
899 3006 920 3027 Α
