1870 3277
594 195 664 232 DE
696 192 1156 232 PERMUTATIONE.
1543 189 1616 228 231

148 295 367 348 vituperent
384 296 629 335 communem
650 304 689 335 et
703 295 854 340 utilem,
872 303 915 333 ut
933 294 1146 334 stultissimi
1168 293 1344 332 homines
1364 293 1512 337 solent;
1544 305 1623 332 non

153 358 244 407 quia
263 357 347 408 ejus
364 358 438 395 vim
459 357 653 408 ignorant,
675 358 856 408 quodque
876 355 1042 395 celerius
1063 356 1147 392 haec
1166 368 1258 393 suos
1278 355 1623 406 asseclasjuvabit,

151 419 221 456 sed
238 419 331 469 quia
356 426 526 470 sperant,
547 421 618 458 hac
640 421 675 457 in
698 420 842 457 crimen
862 418 1053 469 conjecta,
1074 430 1115 454 se
1137 429 1245 454 suam
1267 424 1387 453 artem
1403 416 1629 454 honoratio·

152 493 229 518 rem
265 494 353 518 esse
375 481 595 519 effecturos.
654 481 799 517 Contra
817 493 915 529 quos
945 491 1097 530 possem
1119 478 1241 515 multo
1263 477 1426 514 fortasse
1450 476 1625 514 acerbius

148 541 339 580 disserere
360 555 475 593 quam
497 549 631 580 contra
650 554 721 577 nos
743 541 820 583 illi;
852 546 1030 578 neutrum
1052 547 1197 585 tamen,
1216 545 1260 576 ut
1282 539 1458 584 arbitror,
1478 537 1625 576 facien-

153 603 244 640 dum
277 610 350 650 est,
369 617 495 653 neque
525 602 676 640 scilicet
695 602 717 638 ii
746 601 918 639 imitandi
948 601 1012 652 qui
1034 600 1178 638 invidia
1207 600 1428 644 tabescunt,
1449 611 1576 649 neque
1602 599 1626 636 ii

155 664 458 716 reprehendendi
478 665 543 715 qui
565 663 657 700 nihil
685 663 843 713 quidem
867 663 1108 700 auditoribus
1131 661 1209 699 suis
1233 667 1390 708 nocent,
1412 660 1481 698 sed
1501 660 1627 698 minus

155 740 272 777 quam
295 725 425 763 caeteri
449 724 581 763 valent
608 725 657 761 ad
685 724 1024 762 benefaciendum.
1083 724 1216 762 Pauca
1235 722 1485 760 nihilominus
1505 722 1554 760 de
1583 722 1628 760 iis

157 788 297 832 dicam,
325 786 492 825 maxime
518 786 622 836 quod
644 785 743 823 idem
767 786 790 823 ii
818 787 855 822 in
882 798 954 823 nos
985 786 1186 829 fecerunt3
1217 791 1298 822 tum
1326 791 1369 822 ut
1395 797 1464 822 vos
1486 783 1627 822 clarius

152 849 308 900 cognita
321 861 453 887 eorum
468 848 669 893 facultate,
688 849 744 886 sic
759 848 805 885 de
822 849 1022 898 utriusque
1038 853 1209 885 nostrum
1226 845 1400 883 sentiatis
1415 851 1459 883 ut
1473 857 1627 895 aequum

152 919 235 961 est3
266 912 313 950 ad
335 911 419 950 haec
440 918 483 950 ut
501 911 706 950 ostendam
728 924 799 949 nos
820 911 884 962 qui
905 911 944 948 in
965 909 1141 948 civilibus
1163 908 1398 947 orationibus
1418 919 1628 953 versamur,

151 970 250 1025 quas
271 974 324 1012 illi
342 974 432 1013 odia
452 975 621 1013 excitare
641 974 835 1020 dictitant,
850 973 973 1011 multo
992 972 1084 1024 ipsis
1106 985 1193 1010 esse
1214 970 1382 1009 mitiores
1399 984 1408 1010 ε
1440 970 1511 1021 ipsi
1525 969 1627 1008 enim

155 1049 306 1087 semper
325 1036 374 1074 de
395 1037 506 1074 nobis
533 1036 707 1087 ineptum
733 1035 878 1086 aliquid
900 1035 1089 1086 garriunt,
1109 1046 1182 1085 ego
1206 1046 1296 1071 vero
1315 1032 1407 1070 nihil
1435 1031 1627 1084 ejusmodi

156 1099 297 1146 dicam,
324 1100 393 1138 sed
413 1113 504 1138 vera
524 1100 572 1138 de
599 1100 641 1137 iis
662 1100 839 1137 narrabo.
900 1098 1088 1145 Existimo
1107 1097 1209 1135 enirn
1237 1109 1303 1135 eos
1322 1096 1388 1147 qui
1413 1095 1451 1133 in
1476 1103 1632 1134 conten-

157 1160 266 1198 tiosis
287 1161 610 1213 disputationibus
631 1161 893 1206 dominantur,
910 1167 992 1198 tum
1009 1172 1075 1198 eos
1096 1159 1161 1210 qui
1181 1157 1402 1209 astrologiae
1423 1164 1462 1195 et
1478 1170 1630 1208 geome-

156 1224 240 1261 triae
260 1230 298 1262 et
316 1224 539 1276 hujusmodi
569 1224 786 1275 disciplinis
808 1236 963 1275 operam
990 1222 1099 1267 dant,
1129 1234 1207 1259 non
1229 1233 1382 1265 nocere,
1404 1220 1521 1257 immo
1541 1230 1631 1270 pro-

156 1284 269 1323 desse
290 1287 542 1331 auditoribus,
567 1287 692 1323 minus
722 1286 881 1336 quidem
911 1297 1026 1335 quam
1049 1283 1122 1334 ipsi
1154 1282 1363 1334 spondent,
1386 1281 1471 1332 plus
1498 1287 1628 1318 autem

158 1360 273 1398 quam
295 1347 378 1386 aliis
392 1348 589 1385 videntur.
646 1347 807 1384 Plurimi
835 1347 935 1383 enim
967 1345 1164 1383 hominum
1194 1343 1414 1382 existimant
1439 1355 1564 1393 nugas
1592 1347 1633 1379 et

155 1410 271 1448 tricas
292 1422 379 1448 esse
399 1410 470 1447 has
491 1409 740 1460 disciplinas:
772 1408 878 1445 nulla
899 1408 999 1446 enim
1022 1420 1111 1458 pars
1131 1419 1263 1445 earum
1281 1406 1360 1443 sive
1381 1404 1430 1442 ad
1453 1417 1533 1441 rem
1553 1404 1631 1454 pri-

157 1479 284 1510 vatam
313 1472 392 1510 sive
421 1473 469 1510 ad
496 1471 692 1523 publicam
720 1471 885 1515 confert,
904 1469 965 1507 vel
998 1468 1195 1507 memoriae
1226 1468 1275 1506 ad
1302 1467 1422 1505 ullum
1445 1465 1630 1516 temporis

158 1533 324 1584 spatium
358 1533 502 1571 insidet
529 1533 778 1578 discentium,
804 1544 850 1568 eo
878 1530 983 1581 quod
1012 1543 1068 1567 eae
1100 1542 1225 1580 neque
1247 1528 1364 1566 vitam
1398 1527 1633 1565 comitentur

159 1593 285 1645 neque
307 1595 419 1632 rebus
436 1593 615 1645 gerendis
629 1592 880 1643 opitulentur,
897 1591 966 1629 sed
981 1591 1139 1628 omnino
1155 1598 1265 1628 extra
1284 1602 1485 1627 numerum
1505 1600 1631 1626 rerum

160 1655 464 1694 necessariarum
501 1654 591 1691 sint.
649 1654 734 1704 Ego
762 1659 890 1690 autem
924 1665 1049 1702 neque
1070 1651 1126 1690 sic
1151 1663 1277 1702 neque
1302 1651 1418 1702 longe
1448 1650 1557 1688 aliter
1582 1650 1632 1689 de

161 1717 245 1755 istis
272 1716 430 1768 judico;
463 1716 532 1753 sed
561 1721 601 1753 et
626 1715 690 1766 qui
720 1721 860 1765 putant
891 1706 984 1751 niliil
1013 1714 1197 1764 prodesse
1223 1713 1325 1751 hanc
1351 1712 1635 1751 institutionem

161 1780 274 1816 rebus
294 1777 489 1829 gerendis,
513 1777 536 1814 ii
558 1785 664 1814 recte
685 1776 777 1813 mihi
803 1776 979 1827 judicare
1000 1774 1192 1821 videntur,
1212 1780 1250 1813 et
1267 1774 1332 1826 qui
1352 1787 1437 1812 eam
1456 1774 1634 1821 laudant,

160 1853 251 1879 vera
270 1840 412 1878 dicere.
469 1838 682 1889 Propterea
694 1851 784 1875 vero
799 1850 877 1875 non
895 1837 1202 1876 consentientem
1222 1836 1293 1874 sibi
1310 1849 1525 1874 sermonem
1542 1835 1633 1882 dixi,

161 1901 267 1952 quod
297 1914 346 1939 ne
378 1901 439 1938 hae
473 1900 686 1950 disciplinae
718 1898 872 1950 quidem
907 1898 1070 1936 similem
1097 1904 1274 1936 naturam
1306 1911 1463 1950 prorsus
1487 1898 1636 1936 habent

164 1971 390 2002 caeterarum
423 1962 562 2013 quibus
590 1961 802 1999 erudimur.
861 1961 1035 1999 Caeteras
1062 1961 1164 1998 enim
1191 1968 1275 1999 tum
1307 1961 1420 1999 nobis
1445 1961 1632 2012 prodesse

163 2032 428 2076 comparatum
444 2030 513 2069 est,
526 2036 645 2074 quum
665 2036 795 2061 earum
812 2023 985 2074 peritiam
1001 2022 1337 2073 acquisiverimus3
1366 2036 1412 2060 ex
1426 2022 1486 2060 his
1501 2032 1632 2060 autem

167 2086 439 2125 studiosissimi
461 2085 617 2136 quidem
640 2097 771 2123 earum
793 2084 885 2122 nihil
902 2084 1078 2122 utilitatis
1095 2083 1321 2135 percipient,
1340 2084 1411 2122 nisi
1429 2084 1525 2122 forte
1545 2083 1631 2135 quis

167 2148 384 2188 decreverit
402 2148 493 2185 hinc
515 2147 656 2185 victum
685 2146 840 2193 lucrari,
861 2145 930 2184 sed
954 2152 1083 2184 tamen
1098 2146 1261 2197 juvenes
1282 2145 1634 2196 discentesjuvan-

166 2218 249 2249 tur:
279 2223 367 2248 narn
387 2222 506 2260 quum
538 2208 578 2245 hi
600 2208 638 2245 in
666 2207 928 2259 superfluitate
948 2213 986 2245 et
1015 2207 1218 2245 severitate
1245 2206 1467 2258 astrologiae
1487 2214 1525 2245 et
1544 2220 1634 2258 geo-

167 2273 315 2311 metriae
346 2271 487 2310 versati
520 2270 662 2308 fuerint
691 2276 808 2321 atque
842 2269 1143 2309 abstrusioribus
1171 2269 1286 2308 rebus
1316 2270 1439 2308 coacti
1465 2276 1633 2307 mentem

169 2334 381 2379 advertere,
409 2337 596 2384 praeterea
626 2330 771 2369 assueti
800 2331 927 2369 dicere
954 2337 993 2369 et
1017 2344 1103 2369 sese
1129 2321 1308 2369 exercere
1334 2330 1439 2368 circa
1464 2330 1570 2368 dicta
1596 2337 1634 2368 et

168 2395 435 2433 demonstrata
454 2400 492 2431 et
510 2400 677 2432 mentem
697 2393 802 2431 haud
822 2400 1029 2444 vagantem
1049 2393 1205 2439 habere,
1226 2392 1286 2430 his
1302 2392 1456 2442 inquam
1477 2391 1635 2429 exerciti

168 2464 208 2496 et
241 2456 392 2495 exacuti
420 2456 568 2494 facilius
608 2455 846 2505 celeriusque
878 2455 1070 2506 graviores
1101 2461 1141 2493 et
1175 2454 1380 2492 nobiliores
1410 2452 1635 2504 disciplinas

167 2518 363 2570 suscipere
384 2530 429 2555 ac
444 2518 592 2556 discere
612 2523 807 2569 poterunt.
866 2516 1154 2568 Philosophiam
1177 2516 1292 2567 igitur
1312 2528 1390 2553 non
1411 2522 1503 2566 puto
1518 2527 1635 2566 posse

169 2579 355 2632 appellari
370 2591 455 2617 eam
471 2593 560 2630 quae
581 2579 675 2617 nihil
695 2579 732 2616 in
752 2579 934 2630 praesenti
955 2579 1034 2617 sive
1056 2578 1105 2616 ad
1125 2577 1335 2615 dicendum
1357 2576 1434 2614 sive
1450 2576 1500 2614 ad
1521 2589 1637 2628 agen-

167 2642 259 2680 dum
275 2641 410 2693 prosit;
438 2641 751 2680 exercitationem
766 2648 896 2679 autem
917 2640 1113 2691 quandam
1133 2639 1246 2677 animi
1261 2646 1299 2677 et
1313 2639 1634 2690 praeparationem

171 2702 425 2754 philosophiae
457 2716 555 2742 voco
583 2702 828 2754 disciplinam
854 2702 969 2746 hanc,
1004 2701 1261 2740 robustiorem
1293 2700 1450 2751 quidem
1481 2714 1526 2739 ea
1557 2715 1636 2753 qua

170 2765 279 2815 pueri
301 2771 461 2803 utuntur
487 2766 523 2802 in
554 2765 709 2810 scholis,
731 2765 799 2803 sed
818 2765 985 2803 maxima
1010 2776 1056 2801 ex
1084 2769 1192 2814 parte
1219 2762 1409 2801 similem:
1441 2775 1544 2810 nam,
1570 2764 1636 2815 qui

172 2827 445 2877 grammaticae,
463 2828 635 2872 musicae,
655 2833 694 2865 et
709 2827 866 2877 reliquoe
882 2825 1017 2877 puerili
1038 2824 1265 2863 institutioni
1286 2825 1380 2863 dant
1395 2838 1565 2877 operam,
1586 2826 1636 2864 ad

173 2887 309 2925 melius
339 2888 495 2937 quidem
537 2889 745 2927 dicendum
779 2888 837 2926 vel
870 2886 1159 2925 deliberandum
1189 2886 1376 2925 nihildum
1411 2887 1637 2926 incrementi

174 2948 347 3000 capiunt,
383 2949 455 3000 ipsi
492 2959 619 2988 tamen
652 2951 701 2988 ad
734 2950 898 3001 majores
935 2949 1205 3000 gravioresque
1240 2948 1434 2989 doctrinas
1465 2949 1638 2988 evadunt
