1870 3277
573 178 644 216 DE
676 178 1117 216 PERMUTATIONE.
1494 177 1570 212 223

127 282 336 324 excedere;
368 282 397 318 is
416 281 516 318 enim
537 282 601 332 qui
621 281 760 319 habeat
787 288 952 318 mentem
972 279 1214 323 inveniendo,
1244 279 1440 323 discendo,
1467 279 1572 316 labo-

128 342 258 386 rando,
278 343 459 380 memoria
483 343 652 380 tenendo
673 349 814 393 aptam,
832 354 963 379 vocem
991 347 1177 391 praeterea
1197 347 1234 377 et
1253 353 1296 377 os
1316 340 1413 377 adeo
1433 353 1572 390 purga-

128 410 210 441 tum
229 410 272 441 ut
289 416 362 441 non
392 404 562 442 oratione
582 410 729 441 tantum
752 402 821 440 sed
850 402 1019 450 ejusdem
1040 407 1240 439 venustate
1260 401 1487 450 persuadere
1509 415 1575 439 au-

129 463 315 501 ditoribus
334 465 469 515 possit,
490 465 538 502 ad
558 464 642 501 haec
667 463 937 500 confidentiam
961 476 1036 499 non
1066 475 1148 500 eam
1175 462 1328 512 quidem
1348 476 1432 511 quae
1453 463 1576 513 impu-

131 524 268 562 dentiae
295 532 562 575 argumentum
591 532 663 570 est,
692 524 757 561 sed
791 538 878 574 quae
903 537 979 561 non
1008 523 1086 560 sine
1120 523 1308 561 modestia
1328 523 1380 560 ita
1409 522 1576 560 animum

132 585 246 623 afficit
265 593 307 623 ut
326 586 569 624 nihilominus
587 585 726 622 audeat
741 585 819 623 sive
838 585 899 622 hic
915 585 952 622 in
969 591 1158 622 conventu
1179 583 1314 622 civium
1331 584 1446 620 verba
1463 583 1579 620 faciat

132 647 211 685 sive
231 647 333 698 apud
353 660 393 684 se
415 653 705 691 commentetur,
729 646 815 696 quis
841 659 918 683 non
936 646 1057 690 videt,
1090 645 1235 682 etiamsi
1263 645 1294 682 is
1321 657 1397 682 non
1417 644 1580 695 exquisi-

132 708 315 746 tissimam
334 708 607 746 institutionem
629 707 783 745 sortitus
803 707 864 752 sit,
886 708 951 745 sed
975 707 1172 757 vulgarem
1193 713 1231 744 et
1250 706 1397 744 cunctis
1413 718 1582 744 commu-

133 783 235 816 nem,
263 778 391 807 tamen
418 769 608 807 rhetorem
639 769 753 806 talem
785 769 953 806 futurum
979 769 1099 819 qualis
1127 768 1231 805 haud
1254 768 1334 806 scio
1365 781 1411 805 an
1443 767 1580 818 aliquis

134 829 356 867 Graecorum
375 829 591 868 exstiterit?
648 830 725 867 Sed
746 836 784 867 et
803 830 887 867 illos
910 830 1051 867 scimus
1072 829 1136 880 qui
1157 829 1343 867 deteriore
1356 828 1509 880 quidem
1530 829 1584 865 in-

134 891 248 940 genio
267 897 377 928 erant
404 891 569 941 praediti,
595 891 729 929 studiis
750 898 878 929 tamen
904 898 941 928 et
961 891 1295 929 exercitationibus
1326 890 1431 928 fuere
1450 889 1585 935 dediti,

134 966 211 990 non
240 966 280 990 se
309 953 410 1004 ipsos
442 953 563 990 solum
596 967 809 1004 superasse,
829 966 958 990 verum
988 953 1100 991 etiam
1131 953 1349 1004 ingeniosos
1378 953 1442 1003 qui
1470 951 1584 990 animi

135 1013 281 1052 cultum
301 1014 413 1052 valde
433 1014 713 1065 neglexissent:
744 1027 860 1065 quare
873 1015 1008 1052 horum
1026 1015 1246 1053 alterutrum
1266 1016 1391 1053 facere
1412 1021 1538 1065 potest
1548 1020 1587 1051 et

138 1075 187 1112 ad
204 1075 407 1114 dicendum
427 1084 466 1113 et
485 1075 532 1113 ad
553 1076 745 1126 agendum
763 1076 964 1122 valentem,
986 1083 1189 1126 utrumque
1206 1084 1334 1114 autem
1351 1077 1380 1114 si
1399 1076 1436 1113 in
1450 1076 1586 1114 eodem

139 1136 199 1182 sit,
219 1150 306 1174 eum
325 1137 682 1188 praestantissimum
703 1138 799 1175 inter
822 1145 988 1176 caeteros
1014 1137 1161 1175 reddet.
1220 1138 1278 1176 De
1299 1137 1454 1188 ingenio
1473 1138 1588 1188 igitur

139 1205 178 1236 et
197 1198 243 1236 de
264 1199 532 1237 exercitatione
552 1200 635 1237 haec
658 1200 808 1237 sentio:
839 1199 886 1237 de
905 1199 1144 1237 institutione
1165 1206 1289 1237 autem
1311 1213 1377 1250 per
1395 1206 1589 1250 praecepta

138 1259 240 1297 idem
259 1260 386 1298 dicere
406 1274 570 1311 nequeo,
590 1274 662 1298 nec
684 1274 729 1298 ea
759 1261 919 1299 similem
940 1269 1006 1299 aut
1035 1261 1247 1311 proximam
1278 1261 1334 1298 his
1364 1261 1481 1298 habet
1498 1261 1587 1298 vim.

141 1321 181 1358 Si
199 1320 282 1371 quis
304 1322 404 1359 enim
424 1321 600 1359 didicerit
618 1329 777 1359 cunctas
790 1321 896 1371 leges
916 1321 1096 1359 orationis
1110 1334 1227 1371 seque
1244 1322 1287 1359 iis
1303 1321 1590 1360 accuratissime

141 1383 309 1420 omnium
329 1382 518 1428 imbuerit,
547 1383 762 1420 orationum
785 1383 940 1433 quidem
966 1383 1126 1433 scriptor
1151 1383 1342 1433 plerisque
1371 1383 1592 1422 concinnior

141 1444 302 1483 fortasse
323 1445 419 1487 erit;
450 1457 570 1494 quum
590 1457 680 1482 vero
701 1444 750 1482 ad
770 1444 954 1496 populum
975 1444 1195 1491 accesserit,
1216 1445 1247 1482 si
1267 1458 1344 1482 una
1362 1445 1593 1484 confidentia

141 1514 283 1553 careat,
303 1506 395 1544 nihil
415 1506 542 1544 dicere
562 1513 690 1556 queat.

197 1571 288 1608 26.*
321 1571 382 1608 15.
412 1569 550 1620 Neque
566 1582 678 1621 porro
698 1569 833 1619 aliquis
848 1576 956 1620 putet
975 1583 1035 1608 me
1050 1570 1152 1621 apud
1164 1582 1233 1608 vos
1253 1569 1407 1620 quidem
1426 1569 1595 1608 minuere

143 1630 454 1682 pollicitationes,
475 1644 561 1669 cum
588 1637 716 1668 autem
744 1643 872 1668 coram
903 1630 948 1669 iis
975 1631 1110 1682 loquor
1128 1632 1192 1681 qui
1224 1631 1271 1669 ad
1299 1644 1361 1670 me
1392 1632 1595 1669 convenire

145 1692 413 1738 decreverunt,
440 1705 592 1730 omnem
621 1692 711 1729 mihi
737 1691 811 1730 vim
840 1692 1031 1731 tribuere:
1075 1706 1216 1731 cavens
1245 1693 1345 1730 enim
1376 1693 1596 1744 hujusmodi

144 1754 409 1793 accusationes
425 1768 511 1792 cum
531 1753 631 1792 hanc
644 1753 866 1792 facultatem
882 1761 1045 1793 tractare
1061 1755 1171 1806 coepi,
1189 1754 1364 1805 scriptam
1386 1754 1594 1793 orationem

145 1815 259 1861 edidi,
279 1817 316 1854 in
338 1829 413 1866 qua
432 1816 642 1866 comperiar
660 1822 700 1853 et
717 1828 784 1853 eos
805 1816 870 1866 qui
885 1816 1090 1867 grandiora
1107 1816 1255 1854 faciunt
1274 1815 1460 1867 promissa
1479 1816 1598 1854 incre-

145 1890 237 1928 pare
258 1884 296 1915 et
324 1891 446 1915 meam
469 1877 699 1915 sententiam
727 1878 886 1928 aperire.
945 1878 1042 1922 Quae
1066 1878 1182 1929 igitur
1200 1878 1239 1916 in
1258 1878 1340 1916 aliis
1361 1891 1478 1929 arguo
1499 1891 1596 1930 prae-

146 1939 371 1982 termittam3
402 1952 490 1976 nam
507 1939 710 1989 prolixiora
725 1945 815 1976 sunt
829 1952 946 1989 quam
961 1953 1128 1991 praesens
1146 1946 1297 1991 tempus
1312 1939 1474 1991 patitur:
1504 1939 1595 1990 quid

148 2013 238 2038 vero
253 1999 334 2051 ipse
363 2000 552 2038 declarem
576 2000 778 2051 aggrediar
795 2001 902 2039 vobis
922 2002 1094 2040 recitare.
1152 2001 1294 2039 Ordior
1315 2009 1443 2039 autem
1462 2002 1577 2041 hinc:

388 2094 458 2130 EX
488 2093 777 2132 ORATIONE
807 2095 1030 2134 CONTRA
1057 2096 1366 2135 SOPHISTAS.

194 2163 288 2200 Quod
305 2163 329 2193 si
344 2173 406 2194 non
421 2167 536 2194 tantam
559 2164 610 2194 alii
623 2165 787 2195 accusandi
803 2171 884 2201 sunt,
901 2166 955 2196 sed
970 2177 1038 2197 mea
1052 2177 1177 2208 quoque
1194 2169 1346 2198 sententia
1361 2168 1543 2208 explicanda
1556 2175 1602 2200 est

600 2225 618 2243 v
705 2225 723 2243 w
810 2225 830 2244 ε
916 2227 935 2244 ι
1021 2226 1040 2245 ι
1128 2227 1148 2246 υ

151 2279 241 2316 prout
263 2274 430 2315 quidquam
453 2285 488 2306 ex
511 2275 557 2305 his
580 2275 816 2313 desiderabitur,
832 2287 959 2309 necesse
984 2279 1040 2309 erit
1064 2283 1096 2309 et
1116 2279 1156 2309 ab
1171 2290 1208 2310 ea
1228 2285 1314 2321 parte
1337 2281 1509 2322 discipulos
1536 2293 1601 2313 esse

153 2325 332 2356 deteriores.

155 2394 253 2431 Haee
285 2394 508 2432 concinnius
532 2403 623 2433 sunt
649 2396 752 2434 dicta
780 2411 893 2448 quam
924 2412 1011 2450 quae
1032 2407 1146 2438 antea
1170 2400 1328 2438 recitata
1356 2401 1485 2439 fuere:
1517 2403 1602 2441 volo

155 2462 283 2494 autem
311 2468 379 2506 per
397 2455 482 2494 haec
501 2456 596 2494 illud
616 2457 823 2505 declarare,
848 2460 952 2510 quod
969 2461 1077 2498 vobis
1102 2462 1309 2499 maximum
1337 2470 1603 2513 argumentum

155 2531 242 2557 esse
261 2518 377 2556 debet
396 2519 588 2570 aequitatis
607 2533 721 2564 meae;
752 2534 876 2572 neque
894 2523 992 2560 enim
1013 2536 1131 2574 quum
1146 2537 1268 2562 essem
1285 2523 1424 2574 junior,
1437 2525 1606 2576 jactator

156 2580 273 2618 fuisse
302 2580 458 2619 videbor
486 2588 526 2619 et
553 2581 756 2632 grandium
785 2584 1018 2634 promissor;
1056 2592 1257 2635 postquam
1292 2592 1417 2624 autem
1449 2600 1486 2624 re
1520 2600 1603 2626 sum

156 2641 294 2679 fruitus
327 2642 528 2693 seniorque
548 2643 687 2689 factus,
710 2644 792 2695 jam
823 2645 972 2684 elevare
1000 2646 1193 2697 loquendo
1223 2647 1515 2698 philosophiam,
1536 2650 1604 2688 sed

159 2702 293 2740 eodem
307 2715 484 2741 sermone
500 2717 590 2742 usus
602 2711 639 2742 et
649 2718 765 2756 quum
782 2718 903 2744 essem
920 2707 1146 2745 adolescens
1161 2715 1200 2746 et
1218 2721 1304 2746 curn
1325 2708 1428 2747 illam
1442 2709 1605 2757 dimitto,

160 2769 200 2800 et
218 2763 416 2802 incolumis
430 2771 469 2802 et
488 2765 525 2803 in
545 2765 763 2805 discrimine
784 2767 1029 2813 constitutus,
1044 2775 1082 2805 et
1102 2768 1202 2818 apud
1219 2769 1429 2820 discipulos
1447 2779 1484 2809 et
1504 2774 1605 2824 apud

162 2836 228 2862 eos
249 2825 313 2874 qui
332 2825 379 2862 de
405 2839 466 2863 me
486 2827 714 2865 sententiam
739 2828 850 2866 laturi
870 2836 981 2871 sunt;
1013 2842 1130 2878 quare
1150 2829 1253 2868 haud
1273 2832 1350 2870 scio
1369 2846 1444 2882 qua
1463 2834 1607 2873 ratione

164 2884 298 2934 aliquis
319 2886 487 2924 veracior
505 2895 573 2925 aut
591 2888 732 2938 justior
751 2902 844 2939 erga
868 2888 970 2926 illam
1001 2889 1119 2927 fuisse
1148 2890 1298 2929 ostendi
1325 2893 1454 2943 possit.
1513 2893 1606 2934 Haec

165 2945 280 2996 igitur
300 2945 343 2984 iis
364 2946 591 2996 adjiciantur
611 2962 698 3000 quae
714 2950 815 3001 prius
837 2949 885 2988 de
904 2949 1014 2988 nobis
1029 2949 1132 2989 dicta
1150 2958 1252 2990 sunt.
