1870 3277
256 168 334 203 436
836 169 1106 206 DINARCHI

260 269 450 319 Perempti
489 277 579 306 sunt
614 269 784 307 homines
817 271 950 308 cives?
1007 270 1197 319 Perempti
1230 276 1330 306 sunt.
1391 269 1527 306 Ratum
1567 275 1699 305 contra

257 330 342 369 illos
361 331 556 368 decretum
577 339 681 368 tuum
704 331 799 368 suit?
857 332 1055 382 Refragari
1076 331 1180 368 nullo
1200 330 1312 368 modo
1333 337 1454 381 potes.

317 393 375 429 15.
406 392 490 442 Age
507 393 631 430 denuo
647 393 683 430 id
701 393 815 431 recita
831 392 932 442 quod
950 392 1228 430 Demosthenes
1248 400 1381 429 contra
1398 392 1697 430 Demosthenem

257 452 419 503 scripsit.
477 453 775 491 Animadvertite
797 453 1060 490 Athenienses,

818 557 1138 596 DECRETUM.

259 635 423 672 Senatus
443 647 546 672 reum
567 634 709 671 invenit
730 634 1047 672 Demosthenem.
1091 633 1193 676 Quid
1214 634 1342 672 multis
1361 633 1483 671 verbis
1503 639 1561 671 est
1579 631 1700 683 opus?

260 693 409 732 Detulit
423 707 522 741 eum,
538 695 805 732 Athenienses.
864 695 908 733 Id
923 695 1036 746 igitur
1050 695 1112 745 jus
1128 695 1165 732 in
1180 696 1347 745 seipsum
1366 694 1498 732 statuit
1516 700 1557 730 ut
1574 692 1701 730 statim

258 755 523 793 occideretur:
560 762 762 806 postquam
800 762 927 794 autern
965 756 1002 793 in
1038 763 1183 793 vestras
1220 769 1355 794 manus
1386 756 1501 800 venit,
1531 754 1595 805 qui
1634 766 1702 804 pro

258 816 403 867 populo
433 816 678 862 convenistis,
704 816 768 866 qui
795 829 862 854 vos
889 817 1037 867 legibus
1066 824 1105 853 et
1137 815 1345 866 plebiscitis
1374 816 1701 865 obtempetaturos

255 877 426 926 jurastis,
443 877 535 927 quid
555 877 731 915 facietis?
783 877 997 927 Negligetis
1017 876 1172 914 deorum
1193 876 1458 914 immortalium
1480 876 1702 926 religionem

259 946 300 976 et
330 952 373 976 ea
404 952 491 989 quae
522 952 543 976 a
572 938 794 976 mortalibus
822 939 998 976 omnibus
1030 944 1275 977 sacrosancta
1307 937 1523 975 habentur?
1579 937 1701 981 Absit,

259 999 528 1049 Athenienses,
550 999 673 1037 absit:
702 1006 812 1050 turpe
843 1000 943 1037 enim
968 999 1081 1037 fuerit
1105 1005 1220 1049 atque
1244 998 1430 1048 iniquum,
1449 1011 1536 1036 cum
1556 997 1618 1034 alii
1637 1009 1704 1047 per

261 1060 534 1099 Demosthenis
563 1060 728 1106 decreta,
749 1060 868 1099 nihilo
893 1060 968 1099 isto
1000 1061 1206 1099 deteriores
1239 1073 1365 1110 neque
1394 1066 1450 1098 tot
1474 1058 1703 1097 facinoribus

258 1121 469 1168 constricti,
483 1121 674 1172 perierint,
690 1122 819 1168 istum,
833 1122 896 1172 qui
915 1128 954 1160 et
971 1135 1038 1160 vos
1061 1128 1100 1160 et
1118 1121 1225 1172 leges
1246 1122 1468 1168 contemnit,
1483 1121 1703 1159 indemnem

258 1181 297 1219 in
329 1183 422 1220 urbe
452 1183 697 1221 obambulare
724 1196 747 1221 a
774 1183 981 1234 semetipso
1013 1190 1050 1221 et
1080 1183 1243 1221 decretis
1276 1184 1355 1221 suis
1388 1183 1703 1222 condemnatum.

259 1244 348 1282 Hoc
377 1245 880 1292 concilium‚Athenienses,
908 1245 970 1284 hic
997 1246 1079 1297 ipse
1109 1246 1235 1292 locus,
1262 1245 1345 1284 haec
1373 1246 1458 1297 ipsa
1478 1246 1579 1296 jura,
1604 1245 1706 1283 idem

257 1304 329 1343 iste
357 1312 485 1345 orator
510 1314 548 1344 et
573 1306 644 1344 illis
669 1314 801 1344 auctor
819 1307 890 1345 fuit
909 1307 1094 1345 malorum
1114 1307 1264 1345 illorum
1283 1314 1322 1344 et
1340 1320 1471 1345 eorum
1491 1319 1578 1357 quae
1598 1305 1706 1343 dein·

257 1378 349 1417 ceps
367 1368 603 1418 contingent.
660 1368 765 1406 Idem
792 1368 873 1418 ipse
900 1381 968 1419 pro
995 1368 1180 1406 concione
1208 1368 1298 1405 huic
1329 1367 1490 1406 concilio
1516 1366 1704 1417 judicium

259 1426 308 1465 de
327 1441 367 1466 se
386 1429 568 1479 permisit,
592 1430 700 1467 vobis
722 1431 882 1468 testibus
902 1430 1096 1468 adhibitis.
1152 1429 1313 1467 Pactum
1334 1429 1425 1467 fecit
1442 1442 1528 1467 cum
1549 1428 1703 1480 populo,

259 1488 404 1540 scripto
434 1491 771 1528 senatusconsulto
798 1499 928 1528 contra
955 1504 1051 1537 sese,
1077 1491 1192 1541 idque
1217 1491 1321 1540 apud
1350 1491 1516 1528 Matrem
1545 1490 1704 1528 deorum

258 1548 450 1600 deposuit,
465 1565 553 1602 quae
568 1552 792 1602 omniajura
807 1552 842 1589 in
861 1552 989 1589 literas
1005 1552 1124 1590 relata
1136 1552 1305 1590 custodit
1319 1552 1551 1600 reipublicae.
1577 1552 1706 1595 Quare

257 1611 368 1649 nefas
385 1612 494 1650 vobis
514 1612 585 1650 erit
604 1612 642 1650 id
661 1619 815 1663 pactum
837 1613 1001 1658 abolere,
1021 1620 1088 1651 aut
1106 1626 1192 1651 cum
1218 1613 1373 1651 deorum
1402 1626 1543 1651 numen
1567 1612 1604 1649 in
1633 1611 1706 1650 hoc

251 1672 399 1722 judicio
423 1674 642 1721 juraveritis
669 1675 900 1712 contrarium
931 1675 1022 1725 ipsis
1048 1674 1206 1712 deorum
1231 1675 1326 1711 actis
1352 1675 1450 1712 ferre
1472 1672 1705 1724 suffragium.

260 1732 466 1784 Neptunus
479 1733 625 1782 judicio
639 1735 762 1772 victus
781 1735 819 1772 in
839 1748 956 1773 causa
977 1734 1226 1773 Halirrhothii
1245 1743 1381 1773 contra
1400 1734 1562 1773 Martem
1583 1734 1709 1784 acqui-

259 1795 336 1833 evit
352 1809 362 1833 :
391 1809 534 1834 severae
554 1797 638 1834 deae
657 1797 751 1847 ipsae
772 1797 873 1847 apud
891 1797 1033 1834 factam
1053 1797 1092 1833 in
1111 1797 1185 1834 hoc
1200 1797 1362 1834 concilio
1377 1803 1512 1835 contra
1527 1796 1706 1834 Orestem

258 1857 518 1907 cognitionem
547 1861 706 1910 ejusque
726 1858 923 1896 veritatem
950 1858 1123 1895 habitare
1151 1858 1331 1908 deinceps
1357 1858 1568 1896 voluerunt.
1607 1856 1707 1894 Vos

259 1924 386 1956 autem
408 1918 501 1969 quid
520 1919 656 1969 agetis,
676 1920 741 1970 qui
761 1932 826 1957 vos
843 1919 1011 1957 omnium
1035 1919 1338 1970 religiosissimos
1358 1919 1544 1970 perhiberi
1564 1916 1707 1956 vultis?

259 1978 422 2018 concilii
450 1981 677 2018 sententiam
707 1981 848 2019 irritam
874 1979 1035 2024 facietis,
1055 1980 1178 2018 secuti
1196 1980 1470 2018 Demosthenis
1489 1979 1704 2030 improbita-

258 2039 365 2077 tem?
415 2041 520 2087 Non,
539 2042 570 2079 si
591 2042 738 2092 sapitis,
753 2041 1009 2079 Athenienses
1026 2054 1034 2078 ε
1065 2054 1190 2092 neque
1209 2041 1308 2079 enim
1324 2041 1450 2091 parvis
1463 2048 1529 2079 aut
1543 2039 1706 2091 vulgari-

258 2102 330 2139 bus
351 2102 466 2141 hodie
494 2104 543 2141 de
571 2105 684 2141 rebus
711 2102 909 2154 judicatis,
934 2102 1003 2140 sed
1031 2101 1080 2140 de
1110 2103 1232 2140 salute
1257 2102 1373 2140 totius
1401 2102 1563 2139 civitatis
1589 2108 1705 2151 atque

259 2162 374 2200 etiam
400 2163 447 2201 de
477 2164 664 2210 sordibus,
685 2177 802 2214 prava
830 2163 1109 2202 consuetudine
1129 2170 1167 2201 et
1185 2176 1223 2201 re
1243 2163 1351 2201 vobis
1371 2162 1580 2214 perniciosa
1600 2175 1707 2212 quae-

258 2235 333 2273 que
363 2225 585 2263 mortalibus
615 2225 792 2264 omnibus
823 2225 938 2263 exitio
964 2225 1049 2263 fuit.
1106 2225 1222 2268 Quod
1247 2224 1291 2271 si,
1320 2230 1504 2275 quantum
1531 2223 1707 2274 potestis,

261 2284 353 2322 urbe
373 2285 529 2336 ejicietis
550 2292 588 2323 et
612 2278 919 2325 coercebitis‘eos
937 2285 1003 2335 qui
1022 2292 1165 2324 temere
1184 2291 1315 2323 contra
1331 2298 1401 2323 vos
1420 2296 1581 2322 munera
1599 2296 1708 2322 acce·
1727 2323 1730 2327 Χ

259 2351 383 2395 ptant,
401 2346 611 2384 incolumes
637 2346 778 2383 erimus
804 2347 876 2383 diis
902 2346 1144 2385 volentibus:
1175 2346 1234 2384 sin
1253 2346 1466 2385 oratoribus
1486 2344 1707 2397 permittetis

259 2412 303 2444 ut
316 2408 569 2458 vosmetipsos
584 2407 847 2458 vendant,.per
863 2414 1030 2445 vestram
1049 2407 1235 2446 incuriam
1253 2408 1341 2446 urbs
1361 2408 1408 2446 ab
1429 2407 1483 2445 eis
1503 2413 1706 2445 evertetur.

317 2469 377 2506 16.
408 2469 496 2519 Ipse
521 2469 806 2506 Demosthenes
831 2481 899 2519 pro
924 2468 1108 2507 concione
1133 2477 1267 2508 auctor
1290 2469 1375 2516 fuit,
1402 2469 1508 2519 quasi
1526 2481 1585 2506 res
1599 2468 1707 2518 justa

262 2540 378 2578 esset,
405 2533 582 2583 pecuniae
610 2545 697 2571 cum
722 2532 894 2583 Harpalo
920 2532 958 2570 in
982 2533 1151 2571 Atticam
1177 2534 1302 2572 allatae
1328 2532 1548 2571 Alexandro
1574 2537 1705 2570 custo-

261 2594 425 2632 diendae.
483 2594 547 2631 Sic
577 2607 683 2644 ergo,
706 2593 769 2632 dic
793 2593 898 2640 mihi,
925 2593 979 2630 vir
1005 2594 1161 2644 optime,
1187 2608 1271 2633 eam
1303 2593 1576 2639 custodiemus,
1602 2592 1634 2630 si
1664 2598 1706 2630 tu

261 2655 434 2705 privatim
459 2655 594 2706 viginti
625 2656 769 2694 talenta
800 2662 945 2700 teneas,
972 2655 1068 2693 alius
1099 2655 1329 2706 quindecim,
1360 2654 1554 2693 Demades
1585 2654 1706 2692 sexies

260 2715 363 2753 mille
389 2723 550 2754 stateres
575 2730 726 2762 aureos,
745 2716 807 2755 alii
827 2723 990 2763 tantum,
1009 2724 1194 2767 quantum
1216 2730 1262 2754 ex
1282 2715 1420 2754 indicio
1441 2715 1599 2753 relatum
1620 2713 1708 2753 est?

262 2776 363 2814 Nam
384 2777 529 2815 talenta
547 2778 910 2829 sexagintaquatuOt
933 2777 1014 2829 jam
1037 2783 1232 2828 comperta
1251 2785 1353 2823 sunt,
1373 2789 1532 2826 quorum
1552 2776 1706 2826 culpam

260 2838 298 2875 in
327 2837 420 2875 istos
448 2838 720 2877 conferendam
745 2839 923 2876 censetis.
986 2839 1122 2876 Utrum
1148 2850 1260 2889 porro
1282 2838 1479 2877 honestius
1500 2844 1572 2883 est,
1592 2843 1705 2887 atque

260 2898 374 2936 etiam
392 2899 553 2948 aequius,
572 2901 698 2937 omnia
721 2901 758 2937 in
782 2899 915 2938 aerario
941 2899 1141 2944 asservari,
1161 2898 1284 2937 donec
1310 2898 1473 2950 populus
1500 2898 1536 2934 id
1565 2903 1707 2936 statuat
