1870 3277
724 151 798 188 DE
829 151 982 188 PACE.
1499 154 1571 190 103

110 252 244 290 mirum
265 251 302 288 id
322 259 400 289 est:
433 263 522 289 nam
549 251 656 301 prius
675 249 790 288 etiam
817 251 1037 302 hujusmodi
1063 251 1235 303 inquieta
1260 253 1422 291 consilia
1441 267 1510 291 nos
1533 254 1570 291 in

108 320 278 352 extrema
297 311 518 350 discrimina
538 312 806 363 conjecerunt;
838 312 930 349 dum
947 319 1076 350 autem
1093 313 1248 364 publice
1262 315 1425 364 justitiae
1444 316 1574 355 stude-

110 386 251 420 remus,
268 373 361 411 dum
392 387 502 425 opem
531 374 719 411 ferremus
742 374 952 424 oppressiS,
976 374 1067 412 dum
1090 374 1182 412 nihil
1202 375 1367 413 alienum
1389 377 1573 429 concupi-

111 449 320 483 sceremus,
343 437 472 475 Graeci
501 436 760 488 principatum
792 437 890 474 ultro
918 437 1029 475 nobis
1063 437 1306 476 detulerunt:
1337 452 1435 489 quos
1469 454 1571 479 nunc

109 501 226 551 longo
242 500 322 552 jam
337 507 510 552 tempore
528 498 814 538 inconsiderate
834 499 1022 551 nimisque
1038 500 1258 551 petulanter
1273 503 1571 541 contemnimus.

168 563 227 600 12.
259 561 427 605 Quidam
449 561 550 598 enim
572 573 618 598 eo
638 560 846 599 dementiae
867 568 1072 607 venerunt,
1095 568 1139 599 ut
1170 562 1390 600 existiment
1423 563 1573 613 injusti-

107 623 198 660 tiam
227 624 452 674 probrosam
481 621 639 673 quidem
665 635 765 669 esse,
786 622 853 661 sed
883 622 1019 661 afferre
1048 623 1197 662 lucrum
1229 631 1267 661 et
1287 624 1323 660 in
1347 624 1574 674 quotidiana

107 685 188 722 vita
203 697 290 722 cum
310 683 441 735 primis
458 696 543 722 esse
561 683 1058 735 couducibilem,justitiam
1078 698 1166 722 vero
1188 686 1260 723 etsi
1275 685 1422 723 laudari
1438 686 1573 732 soleat,

108 746 200 784 nihil
220 745 467 784 emolumenti
486 759 619 797 parere
640 753 679 785 et
698 746 780 785 aliis
803 747 990 784 utiliorem
1009 761 1097 785 esse
1117 761 1232 798 quam
1253 748 1297 786 iis
1318 748 1384 798 qui
1405 761 1450 785 ea
1476 763 1573 799 prae-

107 807 178 845 diti
199 815 308 853 sunt3
338 821 468 846 verum
491 808 542 846 illi
561 821 637 846 non
658 808 881 859 intelligunt
900 823 1027 859 neque
1050 809 1098 847 ad
1120 810 1312 860 parandas
1337 823 1428 860 opes
1449 825 1574 861 neque

108 869 156 906 ad
175 869 335 920 gloriam
348 870 661 920 consequendam
678 883 804 920 neque
821 870 870 908 ad
886 884 963 908 rem
981 872 1078 908 bene
1093 872 1303 921 gerendam
1320 885 1393 909 nec
1407 872 1575 924 denique

106 929 156 968 ad
182 929 408 968 felicitatem
431 931 722 982 adipiscendam
743 939 891 969 tantam
913 946 996 970 esse
1020 932 1092 969 vim
1121 933 1158 970 in
1180 933 1329 984 injuria,
1349 942 1496 984 quanta
1517 943 1575 972 est

107 993 145 1030 in
166 993 306 1031 virtute
327 1000 365 1031 et
382 994 464 1045 ejus
481 994 670 1045 partibus.
730 994 829 1032 Nam
850 994 908 1032 his
928 995 1038 1032 bonis
1056 1008 1142 1045 quae
1156 995 1284 1032 animo
1301 995 1445 1042 insunt,
1461 996 1573 1034 etiam

108 1061 268 1094 caeteras
291 1055 477 1094 utilitates
491 1057 632 1107 quibus
651 1069 749 1107 opus
762 1064 822 1094 est
841 1070 1038 1108 paramus:
1061 1070 1181 1107 quare
1197 1057 1263 1108 qui
1281 1066 1451 1096 mentem
1468 1071 1575 1097 suam

109 1117 325 1168 negligunt,
345 1117 384 1154 hi
412 1130 490 1155 non
521 1118 836 1156 animadvertunt
856 1132 896 1156 se
918 1117 955 1155 id
977 1118 1173 1169 negligere
1205 1126 1247 1156 ut
1267 1119 1350 1157 aliis
1372 1133 1497 1171 neque
1518 1134 1576 1158 re-

109 1178 211 1217 ctius
231 1179 403 1216 sentiant
425 1192 492 1217 nec
514 1179 669 1217 meliore
688 1180 842 1218 fortuna
863 1186 1034 1217 utantur.
1067 1181 1194 1230 Atque
1214 1180 1312 1218 adeo
1330 1182 1464 1218 mirum
1488 1182 1578 1220 mibi

107 1242 259 1279 videtur
278 1254 362 1279 esse
381 1241 445 1292 qui
471 1249 609 1293 putent
625 1255 705 1287 eos,
726 1242 792 1292 qui
820 1243 857 1279 in
878 1242 1079 1293 proposito
1101 1250 1140 1279 et
1159 1244 1379 1280 constantia
1401 1244 1577 1281 colendae

110 1303 262 1354 pietatis
292 1311 332 1340 et
355 1303 517 1354 justitiae
538 1303 690 1341 labores
711 1304 924 1355 suscipiant
955 1311 994 1341 et
1020 1303 1195 1354 pericula
1212 1304 1367 1350 adeant,
1390 1304 1578 1343 deteriore

109 1364 329 1404 conditione
352 1365 431 1402 fore
452 1378 568 1415 quam
585 1365 798 1416 improbos,
820 1377 892 1403 nec
913 1365 951 1402 in
969 1365 1112 1417 majore
1132 1378 1247 1416 quam
1270 1366 1366 1404 alios
1383 1373 1461 1404 tam
1484 1367 1578 1405 deo-

109 1440 192 1465 rum
213 1440 328 1477 quam
358 1427 556 1464 hominum
586 1428 709 1477 gratia
741 1427 907 1465 futuros.
967 1428 1051 1478 Ego
1073 1440 1162 1465 vero
1192 1440 1422 1479 persuasum
1452 1428 1578 1466 habeo

110 1488 214 1526 solos
236 1488 305 1525 hos
326 1489 370 1526 iis
392 1489 504 1526 rebus
527 1489 758 1526 antecellere
784 1502 872 1539 quae
892 1502 1001 1527 veras
1021 1489 1206 1527 utilitates
1225 1490 1388 1541 pariant,
1408 1490 1578 1542 reliquos

110 1550 208 1587 falsa
236 1551 405 1600 quadam
436 1557 474 1587 et
500 1550 602 1588 inani
635 1550 763 1601 specie
784 1551 874 1589 boni
904 1550 1071 1602 gloriari.
1130 1551 1247 1598 Nam,
1267 1551 1332 1603 qui
1352 1551 1579 1604 injustitiam

109 1611 230 1663 pluris
251 1613 397 1650 faciunt
416 1620 454 1650 et
470 1625 663 1650 summum
682 1614 827 1650 bonum
848 1614 885 1651 in
903 1627 948 1652 eo
966 1621 1117 1666 ponunt
1132 1622 1176 1652 ut
1195 1615 1332 1653 alienis
1355 1615 1495 1666 opibus
1510 1629 1579 1666 po-

110 1673 268 1719 tiantur,
290 1687 356 1712 eos
377 1673 523 1712 similes
545 1687 629 1712 esse
643 1674 756 1713 video
773 1675 861 1713 feris
883 1689 972 1727 quae
989 1676 1226 1723 inescantur,
1244 1689 1288 1715 ac
1303 1677 1411 1715 initio
1423 1677 1579 1728 quidem

112 1735 169 1772 his
186 1748 272 1786 quae
289 1734 561 1786 prehenderint
576 1748 664 1773 cum
681 1736 883 1786 voluptate
904 1736 991 1782 frui,
1013 1737 1083 1774 sed
1099 1737 1218 1788 paulo
1239 1745 1329 1789 post
1343 1737 1381 1776 in
1403 1738 1579 1776 maximis

109 1809 196 1835 esse
217 1797 346 1834 malis:
379 1809 446 1834 eos
467 1804 596 1834 autem
617 1797 682 1847 qui
703 1796 886 1848 pietatem
907 1805 945 1835 et
959 1798 1149 1848 justitiam
1175 1799 1310 1837 colunt
1331 1807 1369 1837 et
1394 1806 1580 1851 perpetuo

108 1859 245 1898 intuto
262 1873 348 1897 esse
366 1867 405 1897 et
424 1859 473 1897 de
494 1860 641 1910 reliquo
657 1860 728 1896 aevi
748 1861 874 1911 spatio
890 1861 1069 1899 universo
1086 1875 1192 1913 spem
1212 1862 1350 1901 habere
1368 1863 1579 1902 meliorem.

112 1922 211 1963 Quae
231 1922 261 1959 si
282 1935 357 1959 non
380 1921 416 1959 in
438 1922 617 1959 omnibus
637 1922 691 1959 ita
710 1923 862 1959 evenire
884 1931 1181 1969 consueverunt,
1201 1932 1239 1961 at
1262 1925 1475 1976 plerunque
1504 1925 1579 1963 hoc

111 1983 229 2020 modo
250 1984 358 2020 fiunt.
418 1982 492 2020 Est
522 1990 651 2020 autem
681 1983 931 2021 cordatorum
961 1984 1160 2022 hominum
1190 1986 1374 2030 officium,
1397 1987 1579 2037 quoniam

111 2044 204 2093 quid
225 2044 468 2094 profuturum
490 2044 540 2081 sit
560 2057 710 2095 semper
731 2057 807 2082 non
829 2046 1096 2096 perspicimus,
1113 2047 1218 2097 quod
1239 2047 1482 2098 frequentius
1498 2061 1582 2099 pro-

111 2104 213 2149 dest,
233 2104 271 2142 id
294 2104 486 2155 amplecti.
546 2105 649 2148 Quid
671 2113 797 2143 autem
820 2114 880 2144 est
900 2119 1030 2144 eorum
1064 2108 1245 2159 opinione
1277 2110 1496 2155 absurdius,
1515 2110 1579 2161 qui

110 2179 227 2216 quum
257 2165 515 2204 honestiorem
546 2175 585 2205 et
616 2167 690 2204 deo
722 2168 928 2218 gratiorem
962 2170 1183 2207 existiment
1207 2170 1398 2221 justitiam
1429 2171 1579 2223 injuria,

111 2241 242 2266 eorum
265 2229 330 2279 qui
351 2228 415 2266 illa
435 2236 594 2266 utuntur
613 2230 730 2267 vitam
751 2230 832 2268 fore
860 2231 1093 2270 miseriorem
1125 2239 1290 2271 censent
1309 2247 1424 2284 quam
1447 2247 1578 2273 eorum

112 2289 176 2340 qui
197 2303 238 2327 se
258 2290 490 2341 improbitati
509 2292 799 2341 manciparunt?

170 2352 230 2388 13.
261 2351 415 2388 Vtinam
437 2364 527 2389 vero
548 2359 624 2389 tam
646 2352 759 2390 facile
781 2359 883 2391 esset
904 2353 1099 2392 auditores
1114 2367 1243 2393 amore
1257 2356 1406 2393 virtutis
1427 2355 1577 2393 inflam-

112 2423 231 2457 mare,
252 2425 368 2462 quam
389 2425 474 2449 eam
496 2413 607 2451 facile
630 2420 689 2451 est
708 2413 950 2453 collaudare:
982 2429 1083 2453 nunc
1105 2424 1232 2454 metuo
1256 2431 1303 2454 ne
1324 2418 1466 2454 frustra
1495 2417 1578 2455 haec

109 2484 132 2510 a
153 2486 213 2511 me
235 2473 423 2512 dicantur.
482 2475 659 2527 Corrupti
680 2477 780 2513 enim
804 2483 843 2514 et
865 2477 1062 2528 depravati
1085 2491 1216 2516 sumus
1240 2480 1321 2531 jam
1343 2479 1459 2528 longo
1480 2485 1578 2516 tem-

109 2547 201 2586 pore
220 2535 268 2573 ab
290 2535 507 2573 hominibus
527 2549 690 2587 quorum
713 2551 828 2576 omne
850 2539 1051 2576 artificium
1075 2541 1111 2577 in
1134 2540 1364 2590 decipiendo
1384 2541 1578 2578 consumi-

112 2602 184 2642 tur,
198 2596 338 2647 quique
358 2597 546 2648 populum
568 2611 687 2649 usque
705 2599 802 2637 adeo
823 2608 1076 2638 contemnunt
1097 2609 1151 2647 ut,
1171 2614 1288 2651 quum
1311 2601 1577 2652 largitionibus

111 2655 181 2708 ipsi
199 2659 369 2709 corrupti
387 2659 533 2697 bellum
555 2659 747 2711 aliquibus
768 2661 906 2699 inferre
927 2662 1101 2706 student,
1124 2663 1289 2713 majores
1320 2676 1403 2701 esse
1427 2664 1577 2702 imitan-

108 2718 184 2757 dos
203 2720 374 2758 audeant
393 2720 534 2768 dicere,
548 2735 677 2773 neque
692 2724 1011 2761 committendum
1031 2732 1072 2760 ut
1089 2724 1252 2762 ludibrio
1272 2726 1392 2762 simus
1414 2725 1493 2763 aliis
1511 2733 1579 2763 aut

115 2778 199 2817 ullis
221 2793 325 2819 mare
344 2788 478 2832 pateat
497 2783 562 2833 qui
583 2784 690 2822 vobis
710 2783 881 2834 pendere
902 2784 1044 2822 tributa
1065 2784 1202 2824 nolint.

173 2842 233 2878 14.
265 2841 348 2893 Ego
367 2856 458 2881 vero
477 2857 665 2896 perquam
685 2858 735 2884 ex
763 2844 836 2883 illis
867 2845 998 2883 audire
1030 2847 1157 2896 cupio,
1181 2859 1341 2899 quorum
1374 2848 1578 2900 superioris

115 2902 242 2941 aetatis
259 2902 455 2942 hominum
478 2919 549 2944 nos
567 2906 711 2945 similes
730 2918 816 2945 esse
832 2906 1018 2957 jubeant?
1067 2907 1263 2947 Eorumne
1289 2909 1353 2959 qui
1375 2910 1475 2948 cirea
1496 2909 1577 2947 bel-
