1870 3277
519 178 592 215 DE
628 176 907 217 MENECLIS
939 175 1306 215 HEREDITATE
1557 176 1634 214 317

167 279 260 317 Mea
273 279 375 317 enim
390 279 568 330 opinione
583 280 670 319 istic
683 280 804 318 multo
819 279 944 330 magis
952 279 1069 317 homo
1083 279 1271 330 dictisque
1283 279 1473 329 factisque
1483 278 1635 318 delirat.

169 341 344 393 Legibus
360 343 462 380 enim
477 350 517 382 et
534 343 733 391 institutis,
747 349 787 382 et
803 355 891 393 quae
906 342 993 393 ipse
1007 341 1177 387 fecisset,
1192 354 1350 393 prorsus
1366 342 1492 381 aliena
1509 342 1547 380 bl
1555 349 1636 382 ate-

165 410 240 451 rat,
263 417 390 456 neque
421 419 508 444 eum
533 406 668 458 pudet,
695 417 825 456 quam,
848 404 955 455 quod
979 404 1029 442 ad
1054 404 1213 442 fratrem
1235 404 1384 452 attinet,
1405 404 1452 443 de
1473 405 1637 457 adopta-

165 466 270 504 tione
292 468 521 518 abrogatum
542 468 570 505 it
588 468 728 518 legem,
749 479 835 504 eam
854 467 997 504 bonam
1019 475 1143 504 ratam
1165 465 1235 503 sibi
1256 478 1421 504 servare.

220 529 258 566 9.
289 528 370 566 Cur
404 528 560 579 insuper
592 528 808 578 obloquens
838 527 948 578 cupit
984 527 1058 565 iste
1088 527 1248 565 fratrem
1284 540 1397 565 suum
1438 527 1638 579 improlem

166 588 306 634 facere,
327 601 455 640 operae
488 589 655 640 pretium
686 594 761 633 est,
785 587 870 633 viri,
899 594 944 626 ut
974 587 1156 627 audiatis.
1215 586 1388 632 Etenim,
1422 587 1452 625 si
1483 595 1640 639 propter

165 662 307 687 nomen
326 650 481 700 quidem
502 650 630 687 animo
652 649 743 686 mihi
762 649 917 688 inimico
938 656 998 687 est
1016 656 1132 700 atque
1153 662 1201 687 ne
1231 649 1331 687 filius
1353 648 1546 686 Meneclis
1568 649 1640 686 sim

142 708 144 711 ’
166 711 367 750 habendus
387 718 550 757 recusat,
566 724 694 750 nonne
706 711 823 763 plane
840 711 1052 749 invidiosus
1067 710 1153 749 est?
1183 711 1215 749 si
1229 723 1319 749 vero
1334 710 1383 749 de
1397 710 1508 748 bonis
1523 711 1642 749 verba

165 773 273 820 facit,
293 773 451 824 planum
470 773 579 812 vobis
601 773 720 812 faciat
739 786 860 824 ecquo
883 773 1031 824 praedio
1052 779 1119 811 aut
1138 773 1268 811 insula
1289 773 1452 811 domove
1474 773 1644 812 decessit

169 834 388 881 Menecles,
409 848 497 885 quae
517 847 590 886 ego
611 848 715 873 nunc
736 835 931 886 possideo.
972 835 1041 873 Sin
1062 835 1212 872 nullum
1228 835 1367 873 horum
1384 834 1642 886 dereliquerit,

166 898 236 936 sed
256 911 345 949 quae
365 899 399 936 ei
418 898 566 949 reliqua
586 905 708 945 erant,
725 898 884 949 quando
901 898 1048 950 pupillo
1068 898 1274 949 pecuniam
1291 898 1483 949 praestitit,
1501 899 1571 937 iste
1593 910 1640 936 eo

168 958 298 998 adhuc
325 960 412 998 vivo
439 960 647 1012 acceperit,
680 974 810 999 nonne
839 960 925 999 istic
946 960 1145 1011 improbus
1174 966 1213 998 et
1240 959 1448 998 trifurcifer
1465 959 1641 998 videtur?

168 1020 505 1065 Quemadmodum
526 1029 654 1060 autem
675 1035 735 1060 res
752 1035 794 1061 se
813 1022 944 1068 habet,
959 1035 1032 1073 ego
1053 1021 1273 1073 explicabo.
1307 1021 1521 1072 Postquam
1539 1022 1641 1060 enim

167 1082 319 1134 pupillo
334 1083 506 1135 oportuit
520 1082 724 1135 pecuniam
739 1091 938 1136 praestare,
957 1084 1068 1136 eique
1082 1084 1185 1121 unde
1202 1085 1409 1135 praestaret
1422 1084 1642 1130 deficiebat,

168 1150 207 1183 et
227 1145 363 1183 fenora
388 1158 504 1197 porro
533 1153 622 1198 post
641 1146 803 1198 longum
831 1153 982 1198 tempus
1013 1146 1275 1192 confluebant,
1295 1158 1435 1184 venum
1451 1145 1642 1197 praedium

171 1205 289 1244 dedit.
343 1208 403 1245 Ac
430 1207 502 1246 iste
521 1215 672 1260 arrepta
692 1207 898 1247 occasione
918 1207 1088 1246 vexandi
1109 1221 1212 1254 eum,
1227 1214 1386 1258 propter
1406 1219 1532 1245 meam
1548 1207 1644 1244 ado-

169 1268 398 1319 ptationem,
412 1281 489 1319 quo
510 1269 636 1306 minus
658 1269 844 1320 praedium
858 1282 1001 1306 venum
1022 1269 1093 1307 iret
1112 1269 1345 1314 intercessit,
1366 1274 1408 1305 ut
1427 1267 1641 1319 obligatum

170 1336 276 1367 esset
298 1336 414 1379 atque
431 1342 478 1368 eo
496 1329 646 1381 pupillo
666 1329 803 1367 cedere
822 1336 1041 1380 cogeretur.
1099 1330 1200 1365 Cum
1221 1341 1266 1366 eo
1283 1328 1399 1378 igitur
1415 1342 1530 1379 super
1545 1342 1642 1379 qua-

169 1390 260 1428 darn
275 1398 384 1442 parte
396 1391 531 1443 praedii
548 1390 762 1436 contendit,
781 1391 856 1428 etsi
870 1391 1014 1428 nullam
1033 1402 1202 1441 unquam
1218 1388 1324 1427 litem
1340 1389 1432 1427 olim
1447 1391 1645 1437 movisset,

170 1452 485 1503 emptoribusque
506 1452 704 1491 interdixit
723 1465 771 1490 ne
792 1451 966 1490 emerint.
1024 1452 1152 1501 Atque
1169 1450 1198 1488 is
1214 1450 1370 1501 quidem
1391 1453 1642 1502 querebatur,

166 1520 277 1564 put0‚
306 1519 345 1551 et
375 1521 498 1565 parte,
520 1527 637 1565 super
655 1527 733 1565 qua
755 1513 827 1551 iste
847 1512 1065 1558 contendit,
1086 1512 1224 1550 cedere
1246 1513 1473 1564 cogebatur,
1494 1523 1535 1551 et
1555 1513 1643 1552 reli«-

170 1587 290 1626 quum
307 1575 553 1627 septuaginta
567 1575 678 1613 minis
693 1575 875 1626 Philippo
892 1574 1084 1612 Pitthensi
1101 1573 1314 1625 assignare.
1345 1575 1396 1612 Et
1415 1575 1483 1621 sic,
1497 1582 1645 1626 septem

170 1643 210 1675 et
237 1637 486 1689 septuaginta
511 1638 623 1675 minis
648 1637 696 1675 de
724 1637 848 1688 pretio
870 1636 1006 1688 praedii
1035 1636 1232 1687 depensis,
1257 1637 1404 1689 pupillo
1430 1637 1644 1676 satisfecit:

171 1699 363 1738 actionem
386 1707 516 1738 autem
535 1699 814 1738 interdictionis
836 1712 923 1737 cum
939 1699 1012 1737 isto
1029 1698 1210 1736 instituit.

230 1762 292 1798 10.
324 1761 376 1798 At
395 1774 486 1799 vero
507 1761 638 1799 multis
657 1761 835 1813 utrinque
852 1761 968 1812 jactis
990 1760 1226 1800 clamoribus
1248 1774 1294 1800 ac
1316 1760 1513 1807 conviciis,
1535 1761 1646 1800 nobis

171 1823 294 1861 visum
328 1829 386 1862 est
417 1832 607 1875 oportere,
627 1832 671 1862 ut
700 1838 747 1863 ne
778 1824 864 1876 quis
899 1837 960 1862 me
989 1824 1157 1862 avaritiae
1182 1824 1332 1862 incuset
1351 1830 1390 1862 et
1414 1823 1478 1874 qui
1509 1824 1645 1862 fratres

171 1885 314 1924 fuerint
339 1885 514 1924 inimicos
535 1885 664 1932 faciat,
683 1886 903 1925 necessario
923 1887 1035 1925 istius
1062 1894 1178 1938 atque
1202 1887 1334 1924 amicis
1356 1885 1554 1924 arbitrium
1576 1886 1644 1924 de-

170 1946 285 1985 ferre.
343 1947 404 1985 Illi
423 1961 443 1986 e
459 1948 623 1999 vestigio
644 1948 753 1986 nobis
774 1948 1037 1994 declarabant,
1059 1948 1095 1986 ni
1113 1961 1244 1986 causae
1263 1948 1398 1986 merita
1414 1948 1648 1998 perscrutari

169 2008 246 2046 illis
266 2009 569 2059 permiserimus,
589 2023 630 2048 se
650 2009 953 2060 haudquaquam
982 2010 1181 2048 arbitrium
1213 2016 1485 2059 suscepturos3
1519 2022 1646 2060 neque

173 2070 273 2107 enim
294 2082 453 2108 necesse
479 2084 565 2109 esse
587 2079 630 2109 ut
649 2072 697 2109 ab
718 2072 903 2109 alterutro
925 2076 1100 2106 nostrum
1123 2069 1159 2106 in
1186 2069 1276 2107 odio
1296 2070 1557 2109 haberentur:
1588 2072 1648 2110 sin

171 2143 263 2169 vero
283 2144 349 2170 eos
370 2132 540 2169 sinamus
570 2144 656 2181 quae
677 2131 859 2168 omnibus
885 2130 1149 2168 conducibilia
1179 2130 1256 2168 sint
1281 2130 1478 2177 decidere,
1500 2145 1541 2170 se
1566 2145 1645 2170 rem

173 2192 471 2244 disceptaturos.
529 2193 587 2230 Ac
607 2205 693 2237 nOS,
714 2205 791 2243 quo
811 2192 1010 2229 molestias
1033 2191 1242 2237 diluamus,
1264 2214 1282 2232 a.
1300 2214 1318 2232 ι
1334 2216 1353 2234 s
1384 2205 1428 2230 ea
1453 2193 1541 2244 lege
1561 2207 1648 2245 per-

172 2257 375 2295 mittimus.
403 2257 608 2307 Quumque
623 2255 675 2293 illi
692 2255 741 2293 ad
756 2255 1040 2301 aramVeneris,
1053 2268 1141 2305 quae
1157 2260 1205 2301 ††
1221 2255 1257 2291 in
1273 2268 1375 2306 pago
1393 2256 1564 2307 Cephala
1577 2263 1647 2301 est,

173 2325 298 2356 semet
326 2319 430 2370 ipsos
457 2317 709 2369 jurejurando
737 2316 1037 2355 obstrinxissent
1064 2330 1105 2355 se
1137 2318 1442 2355 controversiam
1472 2324 1646 2355 nostram

173 2392 286 2430 aeque
313 2380 523 2426 decisuros,
544 2380 737 2418 sententia
757 2392 827 2417 sua
853 2379 1103 2417 decreverunt
1132 2386 1173 2417 ut
1203 2392 1274 2416 nos
1296 2386 1401 2430 parte
1430 2392 1544 2430 super
1568 2392 1646 2429 qua

171 2441 245 2480 iste
266 2442 468 2480 contendit
487 2441 713 2480 cederemus
743 2442 924 2492 donoque
955 2441 1162 2480 daremus:
1206 2441 1350 2478 nullam
1374 2441 1475 2478 enim
1507 2453 1645 2478 recon-

172 2504 406 2542 ciliationem
426 2505 507 2542 fore
527 2504 723 2550 dixerunt,
744 2505 782 2542 ni
801 2504 864 2542 isti
885 2505 1076 2543 bonorum
1099 2503 1304 2555 participes
1327 2502 1480 2541 fuerint.
1525 2503 1646 2554 Inque

171 2573 371 2617 posterum
396 2566 601 2617 jusserunt
630 2566 740 2604 nobis
762 2579 833 2604 nos
860 2566 1021 2605 invicem
1055 2566 1247 2616 dictisque
1280 2572 1319 2602 et
1350 2564 1465 2602 factis
1485 2565 1646 2603 benefa-

172 2634 316 2673 cturos,
337 2634 376 2665 et
390 2628 498 2666 istaec
517 2629 620 2666 bona
637 2627 711 2666 fide
731 2628 903 2667 facturos
926 2628 974 2666 ad
997 2639 1100 2665 aram
1116 2625 1373 2677 jurejurando
1389 2638 1459 2663 nos
1481 2625 1644 2664 invicem

174 2689 486 2727 obstrinxerunt:
517 2696 555 2727 et
588 2703 660 2728 nos
688 2689 964 2741 jusjurandum
996 2688 1190 2732 dedimus,
1212 2688 1248 2724 in
1281 2693 1493 2738 posterum,
1514 2687 1645 2739 quoad

173 2751 274 2801 potis
295 2763 484 2799 essemus,
499 2765 570 2790 nos
594 2752 756 2791 invicem
777 2753 889 2791 dictis
910 2752 1101 2802 factisque
1123 2751 1329 2790 amicitiam
1350 2752 1537 2792 culturos.
1596 2753 1644 2790 Et

165 2812 261 2863 jam,
296 2819 456 2864 accepto
489 2815 753 2866 jurejurando,
788 2815 972 2865 quodque
1013 2813 1403 2864 cornpromissionarii
1432 2814 1494 2852 isti
1528 2815 1640 2866 liujus

169 2872 375 2911 familiares
395 2873 662 2925 adjudicarant
681 2883 844 2920 asserto,
867 2888 953 2912 mox
981 2876 1085 2913 hisce
1120 2875 1316 2913 beneficiis
1350 2889 1419 2913 nos
1449 2875 1636 2921 afficiunt,

165 2935 321 2973 fratrem
342 2935 490 2973 scilicet
510 2949 620 2975 suum
650 2938 879 2976 defunctum
906 2937 1030 2974 facere
1060 2936 1258 2987 improlem
1278 2937 1468 2983 volentes,
1495 2950 1634 2988 meque
