1870 3277
724 178 1079 217 AEGINETICUS.
1547 180 1622 216 265

173 285 299 315 autem
317 278 464 328 magnis
483 278 620 328 opibus
637 279 754 330 partis
777 278 909 329 patrioe
930 277 1121 315 desiderio
1139 285 1374 315 moveretur:
1407 277 1471 314 illa
1490 284 1527 314 et
1548 291 1623 315 cae-

171 338 259 376 teris
281 338 460 388 dimissis,
478 338 514 376 in
536 339 721 390 Siphnum
737 339 890 389 trajecit
908 350 1143 388 uxoremque
1164 338 1269 375 duxit
1290 338 1407 388 patris
1429 339 1500 376 mei
1517 351 1621 376 soro·

170 413 263 445 rem,
282 414 398 450 quum
428 401 511 451 ipse
541 401 694 451 quidem
723 401 859 438 civium
888 400 1100 436 ditissimus
1129 406 1244 444 esset,
1266 400 1334 436 sed
1362 400 1559 438 nobilitate
1585 407 1622 437 et

172 461 253 498 aliis
275 462 524 511 dignitatibus
545 468 711 499 nostram
734 461 914 497 familiam
935 460 1031 497 inter
1052 461 1145 498 alias
1162 460 1325 497 eminere
1346 461 1472 497 sciret.
1520 461 1620 497 Tan-

172 529 300 572 topere
318 530 441 560 autem
458 524 574 574 patris
596 523 666 560 mei
683 522 845 560 amicitia
866 521 1082 558 delectatus
1102 528 1173 566 est,
1195 528 1249 565 ut,
1265 534 1383 570 quum
1402 521 1517 558 amita
1536 535 1622 559 mea

172 583 252 619 sine
272 583 396 620 liberis
416 584 656 628 decessisset,
679 595 807 620 rursus
833 583 951 633 patris
979 583 1247 621 consobrinam
1275 583 1440 628 duxerit,
1459 596 1535 633 quo
1555 597 1620 622 ne-

170 647 366 685 cessitudo
387 648 482 684 inter
504 660 574 684 nos
591 653 629 684 et
645 646 807 683 affinitas
823 654 1076 697 permaneret.
1134 649 1257 688 Quam
1273 660 1390 696 quum
1408 659 1484 684 non
1501 647 1566 684 diu
1582 647 1619 683 in

171 708 407 745 matrimonio
427 708 637 752 habuisset,
659 708 794 745 eodem
823 707 901 745 fato
922 708 1020 753 haec,
1041 721 1117 758 quo
1141 708 1252 745 etiam
1281 708 1396 758 prior,
1415 708 1469 745 illi
1492 715 1622 758 erepta

171 776 242 806 est.
300 770 394 806 Post
415 768 515 806 hanc
539 768 748 819 Seripliiam
778 769 888 806 duxit
914 769 1121 819 quandam,
1145 781 1193 805 ex
1222 769 1364 806 familia
1387 769 1500 819 longe
1524 783 1621 819 prae-

171 830 350 867 stantiore
369 843 480 880 quarn
504 843 572 879 pro
593 830 869 867 existimatione
883 830 982 867 illius
1002 829 1121 874 urbis,
1141 842 1188 866 ex
1208 842 1285 880 qua
1305 830 1478 880 suscepit
1498 831 1621 880 Sopo-

168 889 281 927 lidem
303 898 342 928 et
356 890 657 941 Thrasylochum
680 898 720 928 et
739 891 854 927 filiam
875 903 1031 928 uxorem
1053 902 1189 927 meam.
1245 890 1471 941 Thrasyllus
1492 890 1620 940 igitur,

166 950 225 988 his
241 951 331 988 solis
347 951 524 1001 legitimis
545 951 670 989 liberis
693 951 834 989 relictis
853 951 1002 1001 illisque
1022 964 1061 988 re
1082 950 1256 988 familiari
1276 951 1418 1001 legata,
1438 951 1619 990 decessit.

220 1014 257 1049 3.
289 1013 371 1064 Ego
388 1027 476 1051 vero
498 1021 534 1050 et
552 1013 836 1064 Thrasylochus
858 1023 934 1050 tam
957 1020 1100 1050 arctam
1120 1013 1323 1051 amicitiam
1341 1020 1382 1051 ut
1396 1013 1512 1064 paulo
1529 1020 1617 1052 ante

167 1074 326 1124 exposui
347 1088 369 1112 a
388 1075 558 1125 patribus
587 1081 798 1126 acceptam,
821 1075 1018 1112 arctiorem
1046 1074 1158 1112 etiam
1187 1075 1395 1113 effecimus.
1453 1075 1552 1113 Nam
1581 1083 1620 1113 et

166 1137 272 1186 pueri
289 1136 426 1181 adbuc,
443 1137 562 1187 pluris
580 1145 740 1187 uterque
762 1137 921 1174 alterurn
943 1137 1102 1174 fecimus
1118 1149 1233 1187 quam
1250 1137 1398 1182 fratres,
1417 1150 1542 1187 neque
1557 1138 1618 1175 vel

166 1198 390 1235 sacrificium
411 1198 471 1235 vel
493 1198 756 1248 spectaculum
775 1198 830 1235 vel
855 1198 968 1236 alium
989 1198 1129 1235 festum
1152 1198 1250 1235 diem
1274 1198 1429 1236 seorsim
1447 1198 1617 1236 celebra-

166 1259 313 1297 vimus:
345 1267 383 1297 et
400 1259 608 1310 adultijam
627 1273 821 1310 nunquam
838 1260 933 1297 alter
953 1259 1113 1297 alterum
1134 1259 1212 1297 ulla
1230 1273 1271 1297 re
1291 1259 1533 1304 offendimus,
1549 1260 1619 1298 sed

165 1327 204 1357 et
222 1321 369 1370 privata
389 1321 753 1358 communicavimus
775 1327 813 1357 et
834 1321 881 1357 de
902 1334 940 1358 re
960 1320 1116 1371 publica
1141 1320 1406 1357 consensimus
1427 1326 1463 1357 et
1484 1320 1618 1358 amicis

162 1379 294 1417 iisdem
316 1388 430 1431 atque
447 1381 662 1431 hospitibus
681 1382 738 1418 usi
756 1394 900 1418 sumus.
959 1380 1034 1418 Sed
1051 1380 1144 1430 quid
1163 1381 1211 1418 de
1227 1380 1443 1418 domestica
1458 1380 1619 1418 familia-

163 1441 272 1479 ritate
294 1441 406 1479 dico?
436 1455 554 1492 quum
577 1455 646 1479 nec
667 1442 706 1479 in
726 1442 860 1481 exsilio
881 1441 1114 1479 voluerimus
1136 1441 1279 1480 divelli.
1335 1442 1506 1480 Tandem
1529 1455 1616 1479 eum

162 1505 248 1541 tabe
265 1511 477 1554 correptum
494 1513 532 1541 et
548 1503 665 1554 longo
683 1511 854 1554 tempore
868 1503 1176 1549 decumbentem,
1191 1516 1307 1553 quum
1325 1502 1481 1552 quidem
1500 1503 1617 1540 frater

164 1566 246 1615 ejus
266 1565 416 1615 Sopolis
431 1566 511 1616 jam
537 1565 703 1610 obiisset,
724 1573 843 1603 mater
862 1578 950 1602 vero
978 1572 1016 1602 et
1047 1577 1153 1602 soror
1182 1564 1353 1601 nondum
1383 1563 1615 1608 advenisset,

162 1627 214 1664 ita
229 1625 453 1664 destitutum
473 1627 520 1664 ab
540 1627 714 1663 omnibus
732 1633 838 1664 tanta
857 1624 1045 1663 industria
1063 1631 1102 1662 et
1120 1624 1195 1662 fide
1212 1624 1356 1670 curavi,
1372 1631 1414 1662 ut
1428 1624 1509 1675 ipse
1525 1624 1616 1662 mihi

162 1700 231 1738 pro
250 1688 393 1725 meritis
412 1688 519 1726 nullo
535 1688 648 1726 modo
665 1701 791 1739 parem
807 1700 921 1738 posse
939 1687 1067 1724 referri
1087 1686 1248 1737 gratiam
1265 1686 1452 1725 erederet.
1510 1687 1618 1725 Nihil

161 1758 288 1787 tamen
309 1750 345 1787 iu
371 1763 410 1787 se
434 1750 639 1788 desiderari
663 1763 798 1800 passus
826 1755 899 1794 est,
920 1749 989 1787 sed
1011 1748 1302 1799 ingravescente
1330 1749 1475 1793 morbo,
1496 1761 1616 1798 quum

158 1813 236 1861 jam
261 1811 405 1849 nullam
427 1812 513 1848 vitae
540 1825 647 1862 spem
673 1811 844 1857 haberet,
864 1810 1026 1848 testibus
1056 1809 1251 1848 advocatis
1274 1822 1332 1847 me
1355 1808 1550 1859 adoptavit
1576 1818 1617 1846 et

162 1880 243 1910 tum
261 1886 426 1911 sororem
448 1880 529 1910 tum
551 1872 755 1911 facultates
774 1885 865 1910 suas
885 1872 975 1909 mihi
995 1871 1116 1909 dedit.
1175 1871 1281 1921 Cape
1297 1877 1587 1908 testamentum.

673 1980 1101 2018 TESTAMENTUM.

215 2055 254 2090 4.
286 2052 420 2090 Recita
441 2052 555 2090 etiam
577 2051 841 2102 AEginetarum
860 2050 1009 2100 legem:
1041 2063 1128 2087 nam
1153 2049 1202 2086 ad
1222 2049 1332 2098 hujus
1348 2049 1612 2100 praescriptum

162 2114 380 2154 faciendum
399 2114 472 2152 suit
493 2120 778 2159 testamentum,
799 2125 918 2163 quum
939 2112 999 2149 hic
1021 2111 1193 2162 inquilini
1214 2123 1403 2149 essemus.

826 2223 944 2261 LEX.

213 2299 250 2334 5.
281 2296 366 2334 Hac
384 2296 484 2347 lege,
506 2295 708 2346 AEginetae,
730 2293 1016 2344 Thrasylochus
1043 2306 1102 2330 me
1129 2291 1341 2343 adoptavit,
1361 2292 1481 2329 civem
1502 2304 1612 2329 suum

163 2364 202 2396 et
230 2358 408 2404 amicum,
429 2365 477 2403 et,
499 2357 530 2395 si
557 2370 678 2408 genus
706 2357 902 2407 spectetis,
925 2355 1170 2407 Siphniorum
1196 2355 1349 2393 nemine
1373 2354 1611 2397 deteriorem,

161 2427 201 2460 et
220 2421 355 2460 eodem
380 2421 496 2465 modo
525 2434 655 2458 secum
680 2420 895 2457 institutum
919 2427 957 2457 et
976 2419 1198 2457 educatum.
1255 2419 1384 2460 Quare
1405 2416 1510 2454 haud
1532 2417 1613 2454 scio

160 2483 353 2533 quomodo
373 2482 496 2532 legem
514 2481 636 2532 magis
658 2482 862 2519 observare
878 2479 1079 2531 potuisset,
1096 2492 1180 2531 quae
1194 2479 1305 2525 jubet
1326 2477 1498 2528 ejusdem
1520 2490 1612 2515 con—

161 2543 314 2581 ditionis
335 2543 508 2581 homines
529 2542 715 2593 adoptari.
773 2542 881 2593 Cape
902 2541 1100 2592 Siphniam
1129 2539 1242 2578 etiarn
1262 2539 1401 2589 legem,
1424 2539 1486 2577 cui
1503 2538 1612 2577 nobis

162 2604 249 2642 olim
269 2605 358 2643 dum
381 2605 432 2642 ibi
452 2604 664 2643 viveremus
685 2603 897 2655 parendum
917 2602 1002 2640 fuit.

827 2720 942 2757 LEX.

216 2791 253 2830 6,
283 2791 398 2833 Quod
417 2792 462 2838 si,
492 2792 696 2842 AEginetae,
715 2790 784 2828 has
804 2789 911 2839 leges
938 2788 991 2824 ita
1018 2791 1297 2837 oppugnarent,
1320 2791 1360 2822 ut
1378 2784 1512 2836 patriae
1533 2797 1612 2822 suae

162 2851 249 2902 lege
265 2851 488 2899 niterentur,
501 2853 627 2890 minus
642 2859 745 2890 esset
763 2849 1000 2889 mirandum:
1034 2861 1136 2886 nunc
1156 2847 1221 2887 illa
1235 2847 1348 2886 etiam
1364 2860 1450 2886 curn
1466 2847 1510 2885 iis
1525 2860 1612 2897 quae

156 2913 237 2963 jam
257 2913 426 2951 recitatae
442 2920 530 2952 sunt
549 2913 740 2952 convenit.
798 2912 903 2962 Cape
923 2909 1106 2948 libellum.

831 2975 852 3008 2
888 2984 915 3007 M
