1870 3277
594 177 665 214 DE
698 171 1155 214 PERMUTATIONE.
1536 165 1613 203 233

149 275 319 315 humano
334 276 465 329 generi
486 277 616 316 utilem
635 284 751 327 atque
769 276 816 314 ad
838 288 957 326 remp.
977 273 1229 324 pertinentem
1247 269 1393 321 capiet:
1425 267 1497 305 nisi
1511 267 1613 316 enim

150 339 266 377 talem
288 340 493 390 excogitet,
510 339 602 377 nihil
620 345 882 390 opportunum
900 335 1095 374 conficiet.
1140 332 1294 370 Deinde
1315 343 1440 368 rerum
1463 342 1550 380 quae
1564 327 1613 365 ad

149 407 420 450 argumentum
451 401 600 438 faciunt
626 398 959 450 splendidissimas
991 403 1029 434 et
1061 392 1446 433 convenientissimas
1474 390 1614 440 eliget:

144 459 225 509 jam
240 473 328 498 vero
344 461 408 510 qui
428 473 486 498 res
505 461 603 498 tales
623 458 792 497 assuevit
811 457 983 495 contueri
999 463 1037 494 et
1056 455 1307 506 perpendere,
1322 452 1350 490 is
1366 464 1443 489 non
1463 456 1614 488 tantum

150 520 199 558 ad
228 533 315 558 eum
337 522 401 572 qui
428 535 509 572 prae
535 521 711 558 manibus
733 526 791 557 est
811 530 1041 564 sermonem,
1062 517 1132 555 sed
1151 516 1200 554 ad
1222 515 1317 553 alias
1338 514 1451 551 etiam
1474 519 1614 549 tracta-

150 581 274 620 tiones
295 583 458 620 eandem
478 583 551 619 vim
574 580 768 623 retin‘ebit;
799 593 918 630 quare
940 579 1053 617 simul
1074 585 1113 616 et
1133 578 1260 615 dicere
1286 582 1324 613 et
1351 574 1492 612 sentire
1513 579 1615 610 recte

149 644 350 695 continget
369 643 413 682 iis
433 643 498 694 qui
517 642 784 694 philosophIce
797 649 835 679 et
848 640 1020 679 studiose
1037 639 1085 677 ad
1099 637 1359 690 eloquentiam
1375 634 1615 673 incumbent.

151 704 250 742 Nam
272 718 398 755 neque
417 704 479 755 qui
501 705 694 755 aliquibus
716 702 880 742 suadere
908 702 1053 753 aliquid
1076 701 1171 745 vult,
1194 699 1368 750 negliget
1394 697 1475 748 ipse
1496 695 1615 732 virtu-

150 772 241 812 tem,
268 766 337 804 sed
362 766 478 817 longe
511 766 600 817 plus
632 765 691 803 his
721 765 756 802 ei
783 765 970 809 studebit,
993 770 1036 800 ut
1065 775 1181 813 quam
1214 758 1476 810 aequissimam
1513 756 1616 807 apud

148 827 269 865 bonos
291 827 393 866 cives
413 827 736 866 existimationem
757 826 943 864 obtineat.
983 825 1079 869 Quis
1101 823 1199 862 enim
1219 821 1343 860 nescit
1364 827 1403 858 et
1418 830 1616 857 sermones

149 888 267 926 videri
288 889 454 927 veriores
475 890 682 940 proborum
702 901 815 939 quam
844 900 979 926 eorum
1009 885 1074 936 qui
1106 884 1204 922 male
1235 882 1412 927 audiunt,
1434 887 1472 918 et
1502 892 1616 930 argu-

148 958 278 989 menta
297 950 383 1002 plus
405 964 521 1002 posse
549 964 638 1001 quae
657 963 706 988 ex
725 950 803 988 vita
822 956 1065 999 consurgunt
1085 960 1201 998 quam
1222 958 1310 996 quae
1332 943 1456 982 verbis
1477 955 1617 993 suppe-

148 1013 346 1052 ditantur?
374 1014 427 1052 ita
447 1021 490 1051 ut
514 1020 660 1064 quanto
682 1013 768 1063 quis
787 1010 1055 1050 vehementius
1077 1016 1185 1061 optat
1210 1006 1443 1060 persuadere
1465 1004 1617 1043 audito-

148 1077 267 1123 ribus,
289 1083 397 1115 tanto
417 1076 538 1127 magis
568 1075 698 1114 conari
727 1075 867 1112 debeat
894 1075 1019 1111 bonus
1049 1085 1136 1110 esse
1164 1078 1202 1109 et
1229 1071 1418 1108 honestus
1438 1081 1492 1110 vac
1518 1067 1617 1105 bene

149 1138 255 1190 apud
275 1138 379 1177 cives
409 1138 555 1176 audire.
613 1137 672 1174 Ac
702 1149 814 1174 nemo
836 1142 1004 1173 vestrum
1036 1140 1143 1185 putet
1172 1132 1267 1170 alios
1298 1130 1454 1182 quidem
1481 1141 1617 1167 omnes

149 1212 384 1250 cognoscere
405 1199 539 1250 quanti
561 1197 743 1236 momenti
764 1197 812 1235 sit
831 1197 881 1235 ad
901 1194 1217 1247 persuadendum
1237 1192 1389 1243 placere
1404 1189 1617 1241 judicibus,

148 1262 397 1313 philosophos
424 1267 553 1299 autem
581 1260 684 1298 solos
716 1260 894 1309 ignorare
924 1256 1208 1296 benevolentiae
1240 1255 1337 1292 vim:
1376 1266 1464 1290 nam
1497 1252 1618 1289 multo

148 1322 298 1360 caeteris
328 1321 543 1360 accuratius
566 1328 649 1358 tum
675 1319 749 1358 hoc
776 1319 916 1362 sciunt,
943 1325 1024 1356 tum
1047 1319 1162 1356 etiam
1183 1314 1396 1368 probabilia
1421 1321 1461 1352 et
1486 1313 1617 1364 conje-

148 1391 279 1422 cturas
293 1391 332 1421 et
344 1384 563 1421 universum
584 1388 902 1433 argumentorum
920 1393 1041 1430 genus
1055 1392 1140 1417 eam
1156 1378 1282 1416 solum
1303 1385 1450 1428 partem
1468 1375 1618 1426 juvare,

147 1446 199 1484 ad
226 1458 341 1497 quam
365 1443 664 1495 unumquodque
693 1456 824 1481 eorum
856 1442 999 1480 dictum
1026 1441 1086 1486 sit,
1107 1441 1247 1478 famam
1271 1451 1361 1476 vero
1382 1436 1471 1475 boni
1491 1443 1530 1474 et
1547 1436 1618 1480 1107

149 1509 251 1547 nesti
271 1508 339 1547 viri
359 1522 436 1547 non
457 1514 606 1546 tantum
630 1507 802 1548 reddere,
820 1505 1115 1557 probabiliorem
1146 1516 1375 1548 sermonem,
1396 1501 1464 1539 sed
1495 1500 1618 1538 hono-

148 1570 344 1609 rabiliores
375 1570 492 1608 etiam
521 1569 694 1608 actiones
722 1571 804 1617 ejus
835 1567 900 1618 qui
930 1567 1003 1605 hac
1035 1566 1216 1618 opinione
1250 1564 1410 1606 fruitur:
1460 1575 1537 1613 qua
1571 1561 1619 1600 de

147 1645 188 1672 re
208 1631 380 1670 cordatis
403 1631 489 1669 viris
510 1629 765 1669 laborandum
786 1635 846 1667 est
866 1629 988 1679 magis
1005 1640 1122 1679 quam
1141 1627 1190 1665 de
1210 1625 1365 1676 reliquis
1386 1625 1579 1663 omnibus.
1610 1659 1613 1661 Α

204 1693 296 1730 265³
316 1693 381 1730 27.
413 1692 530 1736 Quod
550 1691 666 1742 igitur
688 1691 827 1729 attinet
848 1690 896 1728 ad
919 1689 1090 1727 studium
1104 1687 1318 1740 praestandi
1333 1685 1498 1731 eaeteris,
1513 1685 1620 1736 quod

151 1755 322 1793 omnium
354 1755 519 1805 probatu
551 1752 818 1791 difficillimum
847 1765 869 1790 a
890 1765 950 1789 me
979 1751 1127 1789 dictum
1155 1757 1228 1795 est,
1249 1749 1279 1787 si
1308 1747 1394 1799 quis
1425 1747 1622 1785 existimat

148 1817 363 1855 alienorum
383 1816 640 1861 fraudatores,
662 1814 906 1865 deceptores,
928 1819 996 1851 aut
1020 1813 1155 1863 quovis
1187 1811 1261 1848 alio
1284 1810 1401 1847 modo
1423 1808 1620 1848 maleficos

150 1886 337 1931 praestare
357 1877 521 1923 caeteris,
544 1889 621 1915 non
642 1882 746 1914 recte
769 1874 906 1918 sentit;
944 1874 1038 1911 nulli
1068 1873 1168 1911 enim
1190 1871 1365 1910 homines
1386 1870 1424 1908 in
1445 1877 1526 1908 tota
1545 1871 1622 1909 vita

152 1947 220 1978 aut
239 1939 428 1977 deteriore
447 1951 563 1989 quam
579 1937 617 1974 hi
637 1937 862 1975 conditione
883 1943 988 1980 sunt,
1004 1941 1071 1973 aut
1088 1934 1260 1985 pluribus
1281 1933 1318 1970 in
1337 1931 1526 1982 angustiis
1543 1945 1622 1970 ver-

150 2007 297 2047 santur,
319 2007 385 2038 aut
404 1998 626 2051 probrosius
647 1998 792 2042 vivunt,
814 2004 881 2036 aut
900 1996 1057 2035 omnino
1077 1995 1308 2033 infeliciores
1326 2001 1438 2032 sunt:
1470 2000 1624 2045 oportet

151 2068 281 2102 autem
301 2061 520 2100 existimare
548 2068 586 2099 et
605 2072 709 2098 nunc
737 2065 919 2110 praestare
949 2058 1099 2097 caeteris
1120 2064 1158 2095 et
1178 2057 1418 2108 praestituros
1439 2056 1473 2092 in
1494 2063 1622 2107 poste-

151 2138 250 2169 rum,
271 2124 373 2176 apud
394 2124 487 2161 deos
508 2122 666 2174 quidem
688 2134 756 2159 eos
784 2119 848 2172 qui
881 2127 971 2158 sunt
1002 2119 1228 2171 pientissimi
1247 2126 1286 2156 et
1305 2119 1341 2156 in
1363 2131 1493 2155 eorum
1515 2117 1622 2155 cultu

150 2184 451 2238 diligentissimi,
473 2185 577 2235 apud
607 2182 783 2222 homines
805 2196 895 2221 vero
924 2182 989 2233 qui
1017 2182 1054 2219 in
1082 2194 1148 2219 eos
1169 2180 1400 2231 quibuscum
1422 2188 1624 2219 versantur

151 2255 244 2288 sunt
261 2245 613 2286 benevolentissimi
633 2252 671 2283 et
689 2244 754 2296 qui
778 2257 934 2296 prorsus
962 2242 1107 2294 egregii
1128 2242 1319 2280 videntur.
1377 2242 1505 2292 Atque
1537 2242 1623 2280 haec

150 2317 191 2349 et
209 2311 263 2348 ita
281 2322 412 2348 revera
432 2321 474 2346 se
494 2307 651 2353 habent,
672 2314 711 2345 et
731 2307 785 2344 sic
807 2306 855 2344 de
875 2306 920 2343 iis
942 2305 1046 2355 loqui
1066 2310 1246 2356 praestat:
1278 2316 1383 2341 nunc
1404 2303 1505 2340 enim
1525 2302 1623 2340 adeo

151 2373 302 2410 inversa
320 2377 411 2408 sunt
426 2370 550 2407 multa
567 2377 606 2407 et
626 2368 789 2407 confusa
808 2367 843 2406 in
866 2368 970 2412 urbe,
993 2374 1036 2405 ut
1056 2379 1105 2403 ne
1125 2365 1345 2403 nominibus
1362 2364 1515 2415 quidem
1537 2363 1622 2402 ido-

151 2433 233 2472 neis
253 2439 411 2470 utantur
426 2431 615 2477 nonnulli,
636 2430 705 2469 sed
732 2443 778 2468 ea
798 2444 821 2468 a
840 2428 1092 2468 nobilissimis
1112 2427 1346 2465 facinoribus
1369 2425 1418 2464 ad
1439 2426 1625 2464 vilissima

151 2494 282 2533 studia
301 2493 549 2532 transferant.
608 2492 712 2529 Nam
733 2503 885 2530 scurras
907 2489 972 2541 qui
994 2490 1232 2527 subsannare
1260 2494 1299 2525 et
1328 2486 1478 2524 mimice
1509 2499 1624 2537 agere

151 2558 282 2596 valent
295 2556 476 2608 egregios
496 2555 707 2607 appellant,
725 2567 846 2606 quum
861 2560 999 2592 contra
1011 2565 1108 2603 opus
1123 2558 1224 2589 esset
1235 2562 1301 2588 eos
1317 2549 1382 2600 qui
1398 2548 1538 2587 virtute
1554 2562 1624 2588 ex-

152 2620 302 2658 cellunt
319 2619 421 2656 hanc
445 2618 618 2656 obtinere
638 2616 936 2668 appellationem
953 2628 962 2658 ;
993 2622 1032 2652 et
1047 2626 1113 2651 eos
1134 2613 1200 2663 qui
1219 2611 1319 2649 vitiis
1339 2617 1455 2661 atque
1482 2611 1624 2662 impro-

152 2680 337 2718 bitatibus
358 2679 479 2718 dediti
496 2691 614 2730 parva
629 2677 784 2729 quidem
806 2682 1078 2728 assequuntur,
1092 2674 1234 2713 malam
1251 2679 1383 2710 autem
1397 2672 1539 2711 famam
1557 2685 1621 2711 ac-

155 2741 324 2792 quirunt,
341 2741 549 2792 praestandi
564 2740 713 2779 caeteris
730 2739 924 2778 studiosos
939 2743 1092 2789 putant,
1107 2748 1185 2773 non
1202 2747 1292 2772 vero
1314 2734 1366 2772 ita
1382 2733 1556 2772 sentiunt
1576 2735 1625 2773 de

156 2802 409 2842 sanctissimis
425 2810 464 2840 et
477 2801 703 2854 justissimis
724 2801 812 2839 viris
832 2800 898 2851 qui
918 2799 1092 2837 bonitate
1112 2796 1256 2834 nedum
1283 2795 1528 2846 improbitate
1548 2810 1624 2834 cae—

156 2865 248 2905 teris
268 2871 478 2916 praestant3
505 2871 546 2902 et
566 2877 634 2903 eos
652 2863 716 2915 qui
738 2861 961 2901 necessaria
981 2859 1199 2911 negligunt,
1219 2865 1391 2896 veterum
1414 2864 1542 2896 autem
1565 2870 1625 2895 so-

156 2926 370 2978 phistarum
384 2924 588 2976 praestigiis
606 2924 863 2968 delectantur,
876 2920 1140 2973 philosophari
1157 2920 1278 2965 aiunt,
1291 2926 1624 2969 contemnuntque

852 2985 874 3020 2
902 2997 928 3021 11
