1870 3277
735 185 808 221 DE
837 183 1160 221 REPUBLICA.
1580 184 1655 221 499

220 285 353 321 dentes
372 297 440 334 pro
455 285 628 323 hostibus
642 288 820 332 juvantes
836 297 901 334 pro
914 283 1044 321 amicis
1059 282 1215 328 habere,
1230 282 1393 333 denique
1406 296 1463 321 res
1482 286 1655 335 cognitas

221 345 502 395 suspicionibus
518 347 694 383 certiores
711 346 861 399 ducere.
910 345 1038 393 Atque
1057 344 1138 380 haec
1151 343 1301 393 quidem
1319 356 1403 381 mea
1420 344 1501 381 vult
1513 347 1652 384 oratio:

218 405 282 455 qui
303 413 428 443 autern
449 419 493 444 ea
514 413 623 443 erunt
643 405 803 443 audacia
820 403 1046 442 contrariam
1073 410 1116 440 ut
1133 402 1349 448 instituant,
1377 416 1506 441 eorum
1535 407 1652 444 oratio

218 467 409 505 contraria
427 480 584 505 necesse
604 473 660 504 est
674 466 808 516 jubeat
825 479 834 508 ;
865 465 1047 502 damnum
1066 464 1166 501 ultro
1183 464 1366 513 accipere,
1386 464 1569 503 laedentes
1589 467 1651 517 ju—

216 540 316 574 vare,
336 528 519 579 prodesse
537 528 708 566 volentes
724 527 868 576 sugere,
890 526 1020 563 amicis
1038 525 1223 570 diffidere,
1244 524 1356 563 fidere
1372 526 1557 573 hostibus,
1573 529 1653 567 lon-

218 589 359 638 ginqua
378 596 557 634 metuere,
577 589 787 640 propinqua
805 593 1062 631 contemnere,
1082 599 1158 625 non
1185 599 1270 624 cum
1291 585 1450 632 Graecis,
1479 589 1546 625 sed
1565 602 1647 626 curn

217 649 399 693 barbaris,
418 649 536 700 iisque
563 647 838 693 inimicissimis,
859 647 950 685 inire
975 647 1208 692 societatem,
1228 647 1367 684 inultos
1396 655 1575 693 mortuos,
1597 650 1649 686 in-

216 709 397 747 honestos
416 710 663 755 necessarios,
689 709 915 759 relinquere,
944 708 1226 758 rempublicam,
1247 708 1539 759 leges‚juraque
1565 712 1649 748 abo-

214 771 304 808 lere.
360 772 485 821 Atque
503 771 587 808 haec
606 776 757 820 oportet
776 768 1076 807 adversariorum
1106 769 1201 806 velle
1219 770 1446 806 orationem:
1475 771 1646 819 quando-

215 830 365 880 quidem
385 830 467 867 haec
487 831 530 867 iis
551 843 637 880 quae
657 842 729 880 ego
750 829 836 867 dico
856 836 946 866 sunt
967 829 1168 866 contraria.
1225 829 1494 874 Quamobrem,
1515 830 1546 866 si
1570 830 1644 868 illis

213 891 404 941 parebitis,
431 891 515 928 haec
546 890 652 928 vobis
685 903 760 927 non
791 889 973 927 deerunt:
1003 889 1060 927 sin
1093 890 1311 929 societatem
1340 889 1574 939 arripiemus,
1606 899 1644 928 et

211 964 341 1002 poenas
360 965 482 990 rerum
503 964 759 1003 perpessarum
786 958 1006 1004 expetemus
1034 964 1105 991 nec
1124 951 1160 989 in
1182 957 1372 1003 posterum
1394 950 1530 989 similia
1554 965 1640 1002 per-

212 1013 390 1051 feremus.
