1870 3277
204 178 276 215 162
790 174 1076 213 lSOCRATlS

198 277 316 316 videri
336 277 486 323 volunt,
509 278 540 316 si
555 283 782 329 rogarentur
804 278 1041 329 repudiatur-i
1062 284 1207 316 essent.
1265 279 1416 316 Causas
1436 279 1565 329 igitur,
1580 290 1666 328 pro-

199 345 283 391 pter
301 352 399 390 quas
419 351 504 378 eam
541 339 732 392 rempubl.
762 353 850 390 quae
880 353 903 377 a
934 340 1168 390 quibusdam
1201 339 1491 391 reprehenditur
1515 341 1549 378 ei
1581 352 1668 390 quae

199 401 248 440 ab
274 402 451 441 omnibus
482 402 662 441 laudatur
695 402 965 454 praetulerunt,
997 402 1114 454 paulo
1144 402 1353 454 copiosius,
1386 402 1454 440 sed
1485 414 1585 448 vere,
1604 413 1671 439 ex-

200 464 328 514 posui.

254 526 320 562 45.
351 525 467 563 Nunc
497 531 537 563 et
562 525 610 563 de
636 524 710 562 hac
731 537 846 575 quam
868 525 1014 562 institui
1037 533 1073 563 et
1098 525 1148 563 de
1169 525 1374 575 majoribus
1394 524 1534 561 nostris
1555 525 1673 561 verba

199 587 353 634 faciam,
374 589 422 626 ab
452 588 528 626 illis
560 588 792 638 temporibus
821 601 999 634 exorsus,
1020 602 1138 638 quum
1171 595 1248 625 tam
1281 587 1527 625 democratioe
1553 599 1670 636 quam

200 648 421 699 oligarchiae
454 662 594 687 nomen
627 649 879 699 ignoraretur,
901 650 969 687 sed
1004 657 1042 687 et
1073 650 1281 687 barbariem
1304 657 1441 700 gentes
1469 656 1508 686 et
1537 660 1672 685 omnes

202 709 370 748 Graeciae
391 711 565 751 civitates
599 711 754 762 regibus
785 719 977 762 parerent.
1035 711 1133 749 Rem
1169 719 1297 749 autem
1330 711 1443 749 altius
1470 718 1675 762 propterea

201 780 376 824 repetere
404 772 523 818 volui,
545 772 709 824 primum
740 773 844 824 quod
872 773 1052 810 existimo
1082 773 1284 811 convenire
1315 780 1358 810 ut
1388 773 1452 823 qui
1482 772 1531 809 de
1560 770 1675 808 laude

201 835 354 873 virtutis
374 835 620 873 contendunt
647 848 670 873 a
699 835 819 885 primo
847 835 974 872 statim
997 842 1082 872 ortu
1110 835 1192 872 aliis
1222 835 1483 876 antecellant3
1517 833 1674 876 deinde,

203 909 321 946 quum
342 897 392 935 de
412 896 500 935 viris
520 898 792 948 praestantibus
813 896 968 947 quidem
986 896 1058 933 illis
1074 897 1142 934 sed
1159 897 1369 935 nullamihi
1389 895 1677 933 necessitudine

203 958 426 1009 conjunctis
454 958 568 1010 plura
586 972 701 1009 quam
722 958 854 996 decuit
875 958 1136 1002 disseruerim,
1154 959 1339 1009 majorum
1363 965 1595 1001 nostrorum,
1611 957 1676 1006 qui

202 1019 480 1070 rempublicam
515 1020 772 1071 pulcherrime
803 1020 1133 1064 administrarunt,
1164 1020 1329 1070 puderet
1356 1032 1417 1056 me
1447 1032 1497 1056 ne
1522 1019 1676 1055 brevem

205 1080 364 1131 quidem
397 1081 526 1120 facere
556 1081 810 1128 mentionem,
838 1081 903 1132 qui
934 1087 1043 1118 tanto
1074 1080 1150 1118 illis
1185 1081 1249 1131 qui
1279 1081 1515 1132 principatus
1544 1086 1679 1117 tenent

204 1143 497 1193 praestantiores
528 1142 698 1189 suerunt,
729 1149 875 1193 quanto
894 1142 963 1180 viri
995 1143 1296 1180 mansuetissimi
1324 1149 1363 1181 et
1388 1141 1679 1194 prudentissimi

204 1204 340 1242 bestiis
361 1204 647 1242 immanissimis
669 1211 708 1242 et
729 1204 951 1242 saevissimis
972 1203 1222 1242 antecellunt.

259 1267 327 1304 46.
359 1265 476 1310 Quod
496 1266 597 1303 enirn
619 1266 819 1304 infandum
841 1273 878 1304 et
900 1266 1086 1305 nefarium
1108 1266 1259 1304 facinus
1289 1272 1370 1303 tum
1404 1266 1442 1302 in
1472 1265 1555 1303 aliis
1575 1264 1679 1302 urbi-

203 1328 293 1374 bus,
312 1333 394 1365 tum
415 1340 504 1365 vero
523 1327 559 1365 in
579 1327 638 1365 his
659 1328 900 1378 potissimum
923 1341 1013 1378 quae
1043 1327 1218 1365 maximae
1241 1334 1280 1365 et
1300 1334 1391 1364 sunt
1416 1333 1454 1364 et
1469 1327 1677 1372 habentur,

207 1401 286 1427 non
307 1389 428 1427 fuisse
447 1395 710 1441 perpetratum
737 1389 1008 1427 inveniemus?
1038 1402 1166 1427 nonne
1196 1389 1323 1426 caedes
1356 1388 1516 1426 fratrum
1548 1395 1585 1426 et
1614 1401 1680 1438 pa-

207 1457 308 1488 trum
329 1457 369 1488 et
387 1449 585 1501 hospitum
602 1450 778 1501 plurimae
796 1451 959 1489 subinde
979 1450 1117 1489 factae?
1148 1463 1223 1488 non
1244 1451 1499 1487 mactationes
1517 1456 1681 1487 matrum

208 1519 248 1550 et
276 1512 414 1551 incesti
442 1512 671 1551 concubitus
699 1512 866 1563 indeque
887 1513 1057 1564 suscepti
1085 1512 1192 1550 liberi
1213 1512 1318 1550 unde
1340 1511 1409 1562 ipsi
1436 1511 1515 1549 nati
1544 1511 1684 1549 erant?

208 1586 288 1612 non
309 1573 507 1611 devoratio
528 1573 691 1611 liberum
713 1574 1126 1626 conjunctissimorum
1147 1574 1295 1611 insidiis
1311 1573 1571 1612 concinnata?
1606 1586 1683 1610 non

211 1635 421 1684 ejectiones
442 1648 576 1673 eorum
598 1648 696 1685 quos
719 1643 947 1686 genuerant,
963 1643 1002 1674 et
1032 1635 1313 1674 submersiones
1341 1641 1381 1674 et
1405 1635 1686 1673 excaecationes

211 1703 251 1736 et
266 1703 377 1735 tanta
398 1696 676 1735 maleficiorum
704 1697 927 1742 multitudo,
956 1705 996 1735 ut
1017 1711 1148 1736 eorum
1177 1697 1318 1734 nemini
1340 1710 1506 1747 unquam
1527 1697 1688 1734 materia

213 1759 381 1798 defuerit
412 1759 478 1810 qui
508 1759 547 1796 in
575 1759 753 1810 singulos
787 1772 908 1798 annos
943 1759 1092 1797 illorum
1128 1766 1342 1809 temporum
1370 1758 1612 1796 calamitates
1647 1758 1686 1795 in

211 1821 405 1860 theatrum
424 1821 638 1872 producere
659 1821 814 1859 solent?

267 1885 333 1922 47.
365 1883 464 1922 Haeo
497 1896 575 1921 non
607 1896 686 1934 quo
719 1883 808 1921 illos
838 1883 1110 1935 vituperarem,
1142 1883 1211 1921 sed
1240 1891 1284 1921 ut
1309 1884 1554 1922 ostenderem
1581 1884 1686 1935 apud

213 1951 366 1983 nostros
385 1957 464 1983 non
485 1951 632 1983 tantum
654 1944 732 1982 tale
753 1944 848 1981 nihil
865 1957 952 1982 esse
973 1945 1136 1989 factum,
1157 1945 1360 1988 recensui;
1391 1945 1466 1982 hoc
1486 1946 1586 1982 enim
1608 1958 1686 1983 non

212 2006 377 2052 virtutis,
399 2005 466 2044 sed
488 2005 606 2056 paulo
632 2006 788 2044 minoris
814 2019 929 2056 quam
957 2018 1035 2056 qua
1057 2006 1321 2044 scelestissimi
1343 2006 1487 2057 quique
1508 2014 1597 2044 sunt
1619 2008 1688 2044 im-

213 2067 417 2118 probitatis
449 2067 604 2117 signum
635 2074 761 2105 esset:
795 2067 910 2104 decet
941 2075 1070 2105 autem
1099 2079 1165 2104 eos
1198 2067 1263 2117 qui
1295 2067 1445 2118 aliquos
1471 2067 1689 2119 insignibus

215 2128 397 2166 laudibus
417 2140 555 2166 ornare
577 2128 750 2174 student,
766 2140 845 2166 non
872 2127 912 2165 id
940 2128 1066 2166 solum
1088 2128 1367 2174 demonstrare,
1396 2142 1473 2167 non
1495 2129 1690 2180 improbos

216 2203 285 2229 eos
305 2203 405 2236 esse,
434 2190 504 2228 sed
524 2190 629 2228 omni
657 2203 795 2241 genere
817 2190 1000 2228 virtutum
1022 2198 1061 2228 et
1090 2192 1295 2241 superioris
1325 2199 1366 2229 et
1394 2200 1534 2231 nostrae
1561 2195 1690 2232 aetatis

216 2252 436 2291 hominibus
466 2252 708 2302 praestitisse.
766 2253 866 2294 Quae
895 2252 1030 2291 eadem
1052 2252 1100 2290 de
1122 2253 1263 2291 nostris
1291 2267 1448 2305 quoque
1479 2243 1694 2306 majoribus*

217 2314 293 2353 dici
313 2319 493 2365 possunt.

271 2378 339 2414 48.
368 2375 470 2413 Nam
495 2375 550 2413 ita
581 2380 716 2413 sancte
736 2382 775 2413 et
794 2375 980 2426 praeclare
999 2382 1078 2413 tam
1100 2375 1294 2414 civitatem
1321 2389 1439 2427 quam
1467 2391 1544 2415 rem
1577 2391 1688 2416 suam

218 2437 446 2476 familiarem
471 2435 804 2482 administrarant,
825 2443 870 2474 ut
890 2437 962 2474 illis
983 2437 1145 2488 dignum
1172 2438 1246 2476 fuit
1267 2439 1332 2489 qui
1353 2446 1392 2476 et
1418 2451 1441 2477 a
1469 2439 1542 2477 diis
1573 2442 1691 2492 geniti

219 2505 342 2545 erant,
363 2505 402 2536 et
421 2497 532 2549 primi
561 2503 644 2535 tum
671 2498 804 2536 urbem
840 2498 1099 2536 condiderant
1124 2507 1206 2537 tum
1239 2499 1393 2550 legibus
1423 2501 1482 2538 usi
1510 2509 1634 2549 erant,
1655 2510 1693 2542 et

220 2561 326 2600 omni
354 2566 526 2611 tempore
556 2559 784 2598 studuerant
819 2567 861 2597 ut
896 2573 991 2610 erga
1020 2561 1113 2598 deos
1147 2561 1283 2611 pietati
1310 2562 1365 2599 sic
1395 2575 1488 2613 erga
1517 2563 1693 2603 homines

220 2623 410 2675 aequitati,
430 2623 573 2674 quique
596 2635 667 2661 nec
683 2622 863 2678 permixti
886 2621 968 2660 aliis
990 2635 1063 2660 nec
1083 2623 1260 2668 advenae,
1280 2623 1346 2660 sed
1374 2623 1444 2660 soli
1466 2623 1691 2663 Graecorum

219 2684 415 2735 indigenae
441 2684 611 2730 fuerunt,
632 2683 873 2734 eandemque
905 2683 1102 2733 regionem
1130 2683 1319 2721 nutricem
1339 2683 1559 2722 habuerunt
1578 2699 1599 2724 e
1617 2700 1694 2737 qua

220 2747 303 2783 nati
323 2751 470 2791 essent,
486 2751 526 2782 et
544 2744 705 2796 perinde
733 2751 776 2782 ut
800 2744 935 2796 optimi
956 2744 1097 2795 quique
1116 2751 1247 2795 patres
1268 2751 1306 2782 et
1330 2751 1470 2783 matres
1492 2758 1584 2784 suas
1600 2747 1695 2786 dile·

221 2814 375 2852 xerunt,
396 2806 549 2857 diisque
579 2819 693 2857 porro
721 2806 1002 2845 immortalibus
1029 2806 1084 2843 ita
1111 2806 1189 2843 cari
1211 2813 1267 2852 ut,
1293 2806 1399 2856 quod
1428 2805 1693 2847 difficillimum

223 2878 263 2909 et
288 2868 524 2908 rarissimum
549 2881 637 2906 esse
665 2868 851 2914 creditur,
873 2867 1031 2907 inveniri
1052 2867 1241 2919 quasdam
1264 2868 1485 2920 tyrannicas
1505 2876 1545 2907 et
1570 2871 1694 2922 regias

223 2931 389 2971 familias
408 2944 498 2982 quse
517 2939 685 2981 quatuor
711 2936 848 2969 aetates
879 2937 918 2970 et
946 2929 1116 2981 quinque
1149 2929 1443 2981 permanserint,
1472 2930 1511 2968 id
1538 2944 1694 2983 quoque
