1870 3277
827 553 1103 606 ISAEI

402 713 504 762 DE
560 710 908 760 CIRONIS
968 708 1534 757 HEREDITATE.

737 904 1210 943 ARGUMENTUM.

293 996 402 1028 Cirone
416 995 480 1024 sine
491 992 620 1033 propriis
637 992 738 1022 liberis
755 996 885 1026 mortuo,
899 991 997 1020 fratris
1012 990 1055 1020 sui
1071 989 1151 1019 filius
1170 989 1296 1030 quidam
1313 999 1348 1019 ex
1366 994 1452 1030 patre
1470 988 1622 1018 vindicata
1637 987 1694 1018 sibi

253 1046 422 1077 hereditate
438 1046 476 1076 ab
490 1054 580 1074 uxore
594 1044 674 1073 illius
689 1043 770 1072 bona
784 1043 922 1083 aceepit:
949 1047 1055 1082 postea
1068 1042 1145 1071 lianc
1163 1042 1329 1071 orationem
1344 1042 1471 1072 recitans
1485 1041 1582 1071 defert
1595 1041 1697 1070 fratris

254 1098 360 1132 filium,
376 1096 482 1126 dicens
499 1095 583 1125 illum
602 1093 722 1124 Cironis
739 1098 882 1134 nepotem
905 1103 940 1122 ex
966 1092 1026 1122 filia
1048 1103 1125 1128 esse,
1141 1099 1171 1121 et
1195 1103 1314 1122 uxorem
1339 1093 1445 1122 mortui
1469 1092 1549 1121 haud
1571 1091 1696 1120 invitam

254 1147 362 1189 nepoti
377 1146 580 1177 hereditatem
600 1144 785 1186 prodidisse,
800 1150 833 1174 ut
847 1144 889 1173 illi
906 1144 1006 1184 aliqua
1022 1149 1107 1184 parte
1123 1153 1267 1174 concessa
1283 1144 1428 1182 reliquum
1448 1143 1504 1173 sibi
1521 1143 1697 1173 lucraretur.

255 1198 296 1228 Et
315 1198 374 1228 hoc
389 1190 512 1238 quidem
530 1201 738 1237 argumentum
753 1200 810 1230 est,
826 1200 922 1225 status
940 1205 1012 1225 vero
1035 1195 1262 1235 conjecturalis:
1288 1196 1432 1236 qua-titur
1445 1196 1526 1225 enim
1542 1206 1579 1224 an
1595 1194 1645 1224 hic
1661 1204 1697 1224 ex

254 1249 317 1279 filia
331 1248 450 1279 Cironis
463 1248 612 1288 legitimus
627 1257 724 1287 nepos
740 1247 788 1281 sit,
805 1256 842 1276 an
858 1256 930 1276 non.
976 1246 1133 1276 Attexitur
1149 1252 1179 1275 et
1201 1246 1242 1276 illi
1264 1247 1457 1287 investigatio
1474 1247 1552 1277 circa
1568 1245 1699 1286 qualita—

254 1306 335 1330 tem:
352 1299 428 1329 filius
445 1308 576 1338 namque
588 1298 684 1327 fratris
702 1302 804 1337 negat,
821 1297 925 1327 dicens
941 1297 1060 1327 etiamsi
1075 1298 1279 1327 concedamus
1295 1298 1375 1328 illam
1391 1298 1509 1328 Cironis
1526 1298 1614 1327 filiam
1627 1296 1699 1337 legi-

252 1348 359 1379 timam
376 1359 453 1384 esse,
467 1349 590 1390 quando
605 1348 655 1378 illa
671 1354 787 1378 mortua
802 1354 859 1383 est,
876 1359 955 1378 nunc
967 1359 1036 1378 vero
1054 1349 1118 1390 ejus
1132 1349 1209 1378 filius
1222 1349 1302 1378 litem
1317 1349 1700 1388 intendit,anteponendus

256 1405 304 1431 est
318 1401 396 1431 filius
411 1400 508 1430 fratris
525 1411 561 1430 ex
579 1405 663 1439 patre
680 1399 785 1439 nepoti
806 1409 841 1429 ex
863 1399 933 1433 filia,
952 1400 1117 1428 secundum
1142 1399 1237 1439 legem
1259 1399 1340 1428 illam
1364 1409 1432 1439 quae
1458 1399 1593 1439 praeserri
1610 1399 1700 1440 jubet

256 1452 381 1482 marium
394 1457 531 1491 posteros
544 1450 730 1481 foeminarum
745 1450 883 1489 posteris.
907 1449 968 1480 Hic
981 1451 1060 1480 enim
1075 1451 1234 1481 artificiose
1245 1451 1368 1481 omnino
1380 1451 1458 1481 hanc
1471 1451 1568 1491 legem
1581 1451 1702 1480 silentio

256 1502 443 1545 suppressit:
467 1507 563 1532 certat
577 1502 617 1531 de
631 1507 792 1542 parentum
809 1500 990 1536 differentia,
1008 1508 1038 1531 et
1062 1502 1194 1531 ostendit
1213 1507 1358 1541 quantum
1382 1502 1442 1531 filia
1465 1502 1555 1532 fratre
1571 1512 1702 1532 consan-

259 1554 408 1595 guinitate
424 1553 625 1594 propinquior
640 1558 686 1582 est
702 1552 838 1587 mortuis,
850 1557 967 1581 tantum
981 1552 1080 1581 fratris
1091 1553 1167 1582 filius
1183 1552 1345 1582 antecellit.
1370 1552 1588 1583 Coi-roboratur
1600 1553 1702 1593 itaque

259 1606 311 1636 hic
329 1605 411 1646 justo
428 1611 460 1634 et
475 1604 611 1644 legitimo
626 1603 807 1633 infirmatur:
832 1603 989 1643 negotium
1006 1614 1076 1633 vero
1097 1613 1191 1633 rerum
1214 1604 1435 1644 praecipuarum
1456 1610 1517 1634 arte
1541 1604 1638 1644 agitur
1653 1614 1703 1634 ac-

262 1655 469 1687 commodata.

320 1748 354 1784 1.
384 1745 578 1783 Nncnssn
599 1751 679 1782 tum
699 1751 769 1789 est,
783 1742 950 1794 judices,
970 1743 1172 1794 indignari,
1204 1757 1292 1782 cum
1321 1751 1409 1782 sunt
1435 1745 1623 1791 homines,
1643 1747 1706 1797 qui

263 1819 341 1845 non
362 1806 487 1845 solum
505 1807 633 1843 aliena
656 1807 757 1842 bona
779 1805 849 1842 sibi
871 1818 1048 1855 arrogare
1068 1805 1116 1842 de
1139 1805 1261 1856 iisque
1289 1813 1473 1856 tanquam
1494 1806 1541 1844 de
1563 1808 1642 1844 suis
1669 1808 1706 1845 in

258 1869 346 1921 jure
375 1868 610 1906 contendere
637 1866 819 1912 audeant,
839 1866 907 1903 sed
932 1867 1044 1904 etiam
1073 1866 1162 1917 jura
1184 1880 1205 1904 a
1225 1867 1372 1917 iegibus
1401 1868 1609 1906 constituta
1629 1870 1707 1907 suis

266 1929 591 1969 conclusiunculis
611 1928 763 1967 eludere
783 1927 1041 1966 contendant:
1072 1929 1109 1965 id
1125 1928 1227 1980 quod
1247 1930 1285 1966 hi
1303 1942 1456 1980 quoque
1478 1943 1581 1967 nunc
1601 1929 1709 1981 perfi-

267 2005 353 2031 cere
365 1992 552 2029 laborant.
582 1993 686 2028 Avus
701 1991 800 2027 enim
816 1997 946 2027 noster
960 1990 1073 2028 Ciron
1091 2004 1175 2028 cum
1192 2004 1268 2028 non
1281 1991 1448 2042 improlis
1463 1991 1710 2038 decessisset,

267 2053 336 2092 sed
354 2066 423 2091 nos
442 2066 462 2090 e
479 2053 555 2090 filia
573 2060 681 2089 natos
703 2051 772 2089 sibi
795 2050 1009 2089 suffecisset
1026 2064 1094 2102 pro
1117 2051 1240 2090 liberis
1262 2052 1448 2103 genuiniS‚
1463 2052 1501 2090 hi
1521 2053 1710 2091 nihilomi-

268 2127 338 2151 nus
355 2120 479 2151 tamen
502 2113 752 2151 hereditatem
773 2112 922 2150 Cironis
942 2112 1082 2164 injure
1097 2120 1244 2163 petunt,
1266 2113 1545 2163 praetendentes
1565 2115 1598 2152 ei
1618 2115 1710 2153 sein

270 2175 455 2226 sanguine
482 2175 677 2225 proximos
705 2187 804 2219 esse,
822 2181 1083 2224 praetereaque
1104 2174 1203 2212 hane
1223 2175 1331 2212 nobis
1351 2175 1622 2213 contumeliam
1643 2177 1710 2214 ad-

270 2243 489 2288 spergentes
508 2243 551 2272 ut
576 2248 646 2272 nos
667 2248 687 2272 e
707 2235 785 2272 filia
805 2235 954 2273 Cironis
975 2243 1086 2273 natos
1108 2243 1268 2286 negent;
1299 2237 1443 2274 nullam
1463 2237 1563 2275 enim
1584 2238 1713 2276 Cironi

270 2297 387 2335 filiam
407 2295 537 2333 fuisse.
592 2295 719 2337 Quam
739 2295 787 2331 ad
815 2295 1089 2345 impudentiam
1109 2309 1174 2334 eos
1203 2297 1363 2348 impellit
1388 2304 1427 2335 et
1446 2298 1614 2349 ipsorum
1636 2298 1731 2337 avi—⁸

270 2358 439 2404 ditas,et
455 2355 682 2394 facultatum
703 2355 929 2405 magnitudo
951 2370 973 2394 a
993 2357 1132 2395 Cirone
1153 2358 1382 2405 relictarum,
1402 2372 1498 2410 quas
1527 2360 1712 2399 habentes

271 2425 523 2468 tenentesque
543 2430 608 2469 per
623 2417 696 2454 vim
716 2423 756 2454 et
773 2417 880 2454 nefas
903 2426 1030 2468 raptas
1055 2419 1244 2470 nobisque
1265 2427 1447 2466 extortas,
1463 2421 1633 2460 dictitare
1658 2429 1713 2460 ta·

273 2494 361 2520 men
379 2479 475 2518 nulli
494 2479 673 2517 dubit-ant
691 2491 713 2516 a
733 2478 873 2517 Cirone
887 2478 978 2516 nihil
995 2493 1078 2517 esse
1099 2481 1292 2520 relictum:
1318 2483 1423 2533 quod
1444 2483 1603 2528 aientes,
1618 2483 1715 2521 nihi-

272 2542 437 2582 lominus
456 2548 585 2580 tamen
604 2540 852 2579 hereditatem
873 2542 921 2578 ab
941 2554 987 2579 eo
1002 2541 1170 2580 relictam
1191 2543 1227 2579 in
1243 2543 1330 2593 jure
1350 2550 1498 2594 petunt.
1553 2543 1714 2582 Verum-

276 2611 405 2643 tamen
423 2603 720 2642 existimandum
752 2609 813 2640 est
841 2615 997 2641 causam
1026 2602 1126 2641 hanc
1157 2604 1247 2641 mihi
1267 2617 1352 2642 esse
1372 2617 1447 2642 non
1469 2611 1545 2642 tam
1564 2618 1651 2643 cum
1671 2620 1716 2644 eo

276 2666 341 2717 qui
359 2677 497 2703 nomen
517 2677 627 2702 suum
646 2663 737 2702 huie
756 2663 978 2702 hereditatis
996 2664 1166 2715 petitioni
1185 2664 1501 2711 accommodavit,
1515 2678 1630 2715 quam
1650 2680 1717 2718 po-

277 2729 351 2767 tius
382 2741 470 2767 cum
500 2727 634 2766 Diocle
665 2727 872 2779 Phlyense,
898 2727 1015 2778 vulgo
1043 2727 1180 2765 Oreste
1210 2728 1499 2778 cognominato:
1527 2728 1590 2766 hic
1617 2730 1717 2768 enim

275 2789 378 2828 hunc
398 2791 576 2841 [puerum
596 2788 749 2827 Cironis
769 2801 815 2826 ex
832 2787 949 2826 fratre
967 2794 1032 2826 aut
1056 2801 1184 2827 sorore
1207 2789 1402 2840 nepotem]
1428 2790 1649 2829 subornavit
1676 2798 1718 2830 ut

275 2851 347 2890 has
368 2853 497 2889 turbas
517 2850 628 2889 nobis
650 2849 779 2893 daret;
811 2862 886 2900 quo
903 2849 1064 2894 Diocles
1079 2850 1152 2888 hoc
1178 2849 1268 2900 agit,
1289 2856 1332 2887 ut
1348 2850 1458 2888 bonis
1479 2863 1550 2888 nos
1567 2850 1718 2890 fraudet

275 2912 322 2952 iis
340 2925 428 2964 quae
447 2911 563 2950 Ciron
584 2923 678 2950 avus
696 2917 828 2949 noster
847 2911 1010 2950 moriens
1038 2911 1146 2949 nobis
1173 2910 1326 2960 reliquit
1354 2917 1393 2948 et
1421 2910 1505 2949 haec
1525 2911 1562 2948 in
1582 2912 1715 2951 discri-
