1870 3277
608 187 682 225 DE
712 187 1166 227 PERMUTATIONE.
1543 185 1622 222 203

213 290 274 327 16.
304 288 391 327 Etsi
419 295 548 327 autem
578 289 665 329 haec
695 291 743 329 de
772 303 832 328 me
860 290 943 341 ipso
973 290 1102 328 dicere
1126 301 1303 340 possum,
1331 295 1459 326 tamen
1491 300 1538 325 ne
1566 287 1621 326 sic

153 349 309 401 quidem
328 363 396 388 eas
414 352 608 389 orationes
626 351 717 389 mihi
748 350 876 389 studio
900 350 1021 388 fuisse
1044 350 1255 402 apparebit.
1314 349 1437 400 quue
1457 362 1502 387 ex
1522 361 1620 400 quo-

154 410 311 449 tidianae
330 411 419 449 vitae
444 426 541 450 meae
566 411 848 451 consuetudine
867 412 1113 463 potissimum
1134 411 1395 463 cognoscetis,
1416 424 1503 461 quae
1522 411 1621 448 veri-

155 479 276 511 tatem
294 473 413 525 longe
437 474 578 513 certius
603 472 748 511 indicat
766 485 882 524 quarn
902 474 1022 511 verba
1051 473 1386 511 calumniatorum.
1444 471 1621 509 Arbitror

155 533 258 572 enim
290 534 366 573 hoc
398 535 575 586 ignorare
605 534 795 573 neminem
826 547 963 572 omnes
998 535 1172 573 homines
1207 535 1245 572 in
1279 546 1324 571 eo
1359 533 1447 571 loco
1478 533 1621 571 versari

157 594 295 643 solere,
314 596 419 634 unde
437 596 582 634 victum
606 608 744 646 parare
763 595 1030 633 decreverunt.
1087 595 1164 639 Qui
1184 594 1299 646 igitur
1318 608 1339 632 e
1356 594 1620 631 contractibus

155 657 222 708 qui
241 657 281 694 in
295 664 465 696 vestrum
479 656 667 708 judicium
690 655 904 695 afferuntur
922 664 1040 708 atque
1060 670 1106 695 ex
1126 655 1342 694 istiusmodi
1363 655 1624 706 occupationi-

157 719 230 757 bus
254 719 442 763 victitant,
469 730 536 756 eos
563 717 602 755 in
631 717 715 755 foro
741 724 892 756 tantum
921 731 999 757 non
1028 716 1202 755 habitare
1230 716 1409 763 videatis,
1437 727 1500 753 me
1528 727 1622 754 vero

157 792 271 817 nemo
289 792 459 830 unquam
479 792 553 817 nec
579 779 618 816 in
644 779 912 817 conciliabulis
939 792 1011 817 nec
1036 779 1076 816 in
1101 778 1258 830 judiciis
1281 790 1354 816 nec
1375 779 1414 815 in
1438 776 1625 828 praetoriis

157 853 230 879 nec
251 841 354 892 apud
375 840 537 878 arbitros
557 840 664 885 vidit,
692 854 780 892 quae
808 853 882 892 ego
913 841 966 879 ita
993 840 1124 879 omnia
1142 840 1250 890 fugio
1270 845 1314 877 ut
1333 838 1463 877 nullus
1483 838 1622 876 civium

157 903 332 942 aliorum.
391 903 545 941 Deinde
575 903 661 941 illos
693 903 796 955 apud
827 917 895 942 vos
927 903 1029 941 solos
1058 916 1140 941 rem
1168 916 1283 954 posse
1313 904 1455 949 facere,
1485 903 1517 940 si
1546 915 1625 952 quo

159 971 290 1003 autem
321 964 396 1003 alio
423 964 655 1016 navigarint,
687 978 760 1003 nec
792 965 894 1003 unde
925 965 1068 1003 famem
1098 964 1299 1016 depellant
1327 964 1494 1008 habere;
1535 962 1628 1001 mihi

157 1033 290 1065 autem
311 1039 375 1065 eas
395 1027 543 1078 copias,
557 1040 654 1078 quas
671 1027 745 1065 iste
764 1034 843 1066 tam
863 1027 1093 1077 magnidicis
1107 1026 1233 1065 verbis
1254 1025 1376 1072 effert,
1392 1027 1440 1064 ab
1460 1025 1628 1063 externis

154 1100 294 1126 ‚omnes
314 1088 526 1139 contigisse
547 1089 765 1140 reperietis:
795 1096 987 1141 praeterea
1006 1090 1090 1127 istis
1113 1102 1197 1127 sese
1218 1089 1431 1140 adjungere
1455 1088 1544 1126 illos
1564 1088 1628 1138 qui

158 1149 222 1188 vel
241 1150 315 1201 ipsi
332 1151 371 1188 in
390 1151 501 1189 malis
522 1159 614 1189 sunt
638 1152 699 1190 vel
729 1151 813 1190 aliis
834 1151 1034 1203 negotium
1054 1151 1236 1189 exhibere
1256 1150 1405 1196 volunt,
1426 1150 1518 1187 mihi
1537 1162 1628 1187 vero

159 1212 389 1251 Graecorum
419 1214 591 1252 omnium
624 1215 893 1252 otiosissimos.
959 1214 1134 1252 Audistis
1164 1221 1204 1252 et
1232 1219 1502 1252 accusatorem
1531 1213 1630 1251 inter

160 1275 236 1312 alia
250 1274 378 1312 dicere
393 1287 453 1312 me
471 1288 493 1312 a
509 1274 671 1313 Nicocle
693 1274 991 1313 Salaminiorum
1012 1287 1103 1325 rege
1118 1274 1242 1312 multa
1258 1281 1297 1312 et
1312 1287 1456 1325 magna
1471 1287 1632 1312 munera

159 1336 371 1387 accepisse.
429 1336 552 1387 Atqui
573 1337 657 1387 quis
677 1344 847 1375 vestrum
868 1343 929 1374 est
948 1336 1012 1387 qui
1040 1336 1187 1382 credat,
1216 1336 1282 1374 illa
1307 1336 1399 1373 mihi
1426 1343 1631 1388 propterea

160 1398 316 1437 dedisse
330 1397 545 1442 Nicoclem,
560 1405 604 1435 ut
616 1411 751 1436 causas
768 1410 883 1449 agere
898 1398 1079 1444 disceret,
1093 1398 1160 1448 qui
1174 1398 1456 1436 controversias
1469 1398 1632 1436 aliorum

160 1468 347 1512 tanquam
375 1461 555 1500 domiuus
581 1460 849 1513 disceptabat?
891 1461 952 1498 Ex
981 1461 1103 1512 ipsius
1133 1460 1250 1512 igitur
1279 1460 1486 1499 adversarii
1506 1461 1631 1499 verbis

160 1523 275 1562 facile
294 1523 535 1574 intelligitur,
552 1536 613 1561 me
634 1536 656 1561 a
671 1524 784 1561 rebus
804 1522 878 1560 illis
894 1522 1169 1561 alienissimum
1185 1535 1270 1560 esse
1287 1535 1376 1572 quae
1395 1522 1443 1560 ad
1464 1522 1635 1561 forensia

162 1585 318 1636 negotia
343 1585 551 1636 pertinent.
609 1585 696 1622 Jam
728 1584 823 1622 illud
848 1584 961 1622 etiam
991 1593 1125 1622 notum
1153 1590 1214 1622 est
1234 1583 1426 1630 omnibus,
1446 1584 1632 1635 plurimos

161 1659 249 1685 esse
274 1645 341 1697 qui
367 1645 610 1696 litigantibus
637 1644 675 1682 in
694 1644 851 1693 judiciis
878 1644 1072 1683 orationes
1102 1650 1250 1696 parent.
1309 1645 1488 1688 Quorum
1515 1646 1635 1684 nemi-

164 1720 266 1753 nem,
280 1719 400 1758 quum
418 1713 528 1744 tanta
547 1706 660 1744 turba
680 1705 742 1752 sit,
758 1705 917 1757 dignum
935 1719 1021 1744 esse
1040 1705 1215 1743 habitum
1237 1713 1393 1743 constat
1411 1709 1522 1755 cujus
1544 1708 1633 1745 fidei

162 1768 343 1820 discipuli
369 1767 663 1812 mandarentur;
702 1780 776 1819 ego
807 1780 909 1814 vero,
939 1773 982 1805 ut
1011 1773 1216 1805 aecusator
1246 1766 1312 1812 ait,
1341 1767 1472 1817 plures
1500 1767 1632 1814 habui,

163 1845 281 1884 quam
302 1845 437 1871 omnes
459 1831 523 1869 alii
541 1831 606 1882 qui
625 1831 661 1868 in
680 1831 810 1869 studio
830 1830 1026 1869 literarum
1046 1837 1264 1869 versantur.
1324 1831 1530 1870 Enimvero
1550 1833 1634 1883 quis

163 1894 300 1933 credat
317 1906 399 1940 θος,
419 1906 581 1944 quorum
602 1892 733 1931 studia
761 1900 912 1931 tantum
934 1892 1082 1931 distant
1109 1893 1166 1943 [et
1192 1891 1292 1930 inter
1319 1905 1404 1931 sese
1424 1893 1636 1943 differunt]‚

164 1955 205 1994 in
223 1955 358 1994 iisdem
379 1955 523 1993 versari
541 1953 785 1993 actionibus?

224 2018 286 2055 17.
316 2016 399 2055 Etsi
430 2023 559 2054 autem
589 2016 712 2054 multa
742 2015 965 2055 discrimina
993 2024 1075 2055 tum
1107 2030 1203 2056 meae
1235 2018 1322 2056 vitae
1352 2024 1432 2056 tum
1464 2017 1635 2056 dicarum

165 2092 320 2131 possem
340 2078 557 2123 ostendere,
580 2090 626 2116 eo
645 2077 763 2116 modo
789 2085 919 2116 tamen
939 2078 1183 2129 potissimum
1204 2093 1272 2119 vos
1293 2080 1341 2118 ab
1361 2079 1434 2117 ista
1454 2079 1635 2131 opinione

165 2141 310 2180 deduci
342 2153 456 2192 posse
486 2153 644 2186 censeo,
674 2139 705 2178 si
731 2139 817 2191 quis
844 2140 952 2179 vobis
982 2141 1193 2180 ostenderit
1222 2142 1314 2180 mihi
1343 2141 1472 2180 nullos
1503 2154 1635 2180 earum

166 2215 294 2241 rerum
314 2201 524 2253 discipulos
546 2201 669 2239 fuisse
689 2201 738 2239 de
758 2201 899 2252 quibus
920 2209 1123 2240 accusator
1142 2203 1253 2250 dixit,
1283 2215 1407 2254 neque
1430 2215 1489 2241 me
1509 2203 1636 2242 foren-

168 2264 266 2303 sium
287 2264 503 2302 orationum
523 2263 722 2314 egregium
749 2275 838 2301 esse
863 2264 1062 2302 artificem.
1120 2265 1295 2304 Arbitror
1314 2265 1416 2304 enim
1435 2278 1519 2312 vos,
1538 2266 1639 2303 refu-

168 2333 251 2364 tato
284 2323 442 2365 crimine
475 2325 581 2376 quod
614 2325 653 2362 in
686 2337 748 2363 me
783 2324 1003 2376 conjectum
1039 2325 1125 2371 fuit,
1162 2327 1283 2377 priore
1320 2325 1501 2379 opinione
1536 2327 1639 2365 ultro

165 2386 371 2439 repudiata
389 2386 530 2438 cupide
550 2385 749 2425 audituros
769 2399 847 2438 quo
868 2400 1008 2438 genere
1028 2387 1245 2427 orationum
1263 2388 1468 2427 tractando
1488 2393 1636 2426 tantam

163 2448 257 2487 mihi
286 2447 447 2500 gloriam
475 2448 742 2499 compararim.
799 2450 859 2486 Ac
887 2448 1086 2487 veritatem
1117 2450 1272 2501 quidem
1304 2450 1431 2488 dicere
1462 2462 1510 2487 an
1542 2449 1634 2487 mihi

169 2511 412 2562 profuturum
441 2510 503 2554 sit,
529 2510 679 2555 neseio;
712 2509 867 2548 difficile
896 2510 998 2548 enim
1027 2517 1088 2548 est
1116 2519 1282 2549 vestram
1308 2510 1524 2560 intelligere
1551 2524 1639 2549 sen-

170 2572 347 2618 tentiam,
366 2571 434 2609 sed
457 2578 587 2609 tamen
607 2570 712 2622 apud
733 2584 801 2609 vos
824 2571 943 2609 libere
963 2571 1216 2622 loquendum.
1267 2572 1366 2609 Nam
1388 2571 1448 2609 vel
1469 2571 1640 2623 discipu-

170 2633 296 2672 lorum
317 2632 492 2684 puderet,
515 2645 634 2683 quum
656 2645 760 2683 saepe
789 2632 953 2671 dixerim
982 2646 1041 2670 me
1071 2639 1207 2683 optare
1228 2633 1377 2670 civibus
1404 2633 1582 2670 omnibus
1601 2642 1640 2672 et

170 2694 261 2732 vitae
282 2707 377 2732 meae
398 2693 584 2732 rationem
611 2701 650 2732 et
677 2706 800 2745 genus
829 2694 1049 2732 orationum
1069 2693 1172 2744 quod
1200 2701 1362 2731 tractem
1383 2706 1469 2732 esse
1490 2701 1640 2742 notum,

175 2755 206 2793 si
240 2768 343 2793 nunc
376 2768 441 2794 eas
476 2755 584 2793 vobis
618 2767 696 2793 non
728 2755 985 2801 ostenderem,
1017 2755 1085 2793 sed
1116 2753 1365 2793 occultarem.
1434 2754 1639 2807 Tanquam

174 2815 291 2867 igitur
308 2817 509 2855 veritatem
529 2816 713 2863 audituri,
736 2817 791 2855 sic
812 2816 1121 2855 animadvertite.

234 2878 296 2915 18.
326 2877 385 2915 Ac
404 2877 499 2916 illud
517 2878 555 2915 in
570 2878 700 2929 primis
721 2877 1015 2929 intelligendum
1031 2884 1104 2923 est,
1124 2889 1268 2926 genera
1284 2877 1543 2916 doctrinarum
1564 2892 1639 2917 non

174 2951 262 2977 esse
282 2938 464 2990 pauciora
490 2952 604 2990 quam
631 2947 853 2991 poematum
875 2952 962 2989 quae
983 2939 1096 2977 certis
1118 2939 1420 2978 dimensionibus
1447 2948 1640 2978 constant.
