1870 3277
254 177 329 212 :306
917 175 1029 213 ISAEl

255 278 305 314 rei
325 289 439 314 causa
459 277 507 315 ad
528 278 792 329 magistratum
809 278 1017 330 allegatum
1036 278 1201 323 rescidit,
1219 278 1347 329 quoad
1362 291 1427 328 per
1444 279 1566 328 ipsum
1581 276 1701 315 stetit:

256 351 325 375 nos
346 345 472 377 autem
501 340 639 390 quibus
661 340 823 377 fidamus
844 353 888 377 ex
911 340 1030 378 altera
1049 348 1155 390 parte
1178 340 1324 382 audite:
1355 347 1392 376 et
1413 339 1610 389 sanguinis
1632 351 1697 376 ne-

255 400 488 437 cessitudine
509 401 680 451 proxima
697 401 950 452 Cleonymum
969 402 1204 451 attingimus.
1226 409 1262 439 et
1284 401 1338 438 usi
1360 413 1404 437 eo
1426 414 1557 438 sumus
1579 400 1702 437 homi-

255 474 344 498 num
371 463 538 499 omnium
570 463 802 500 amicissimo
832 470 947 513 atque
976 464 1279 507 familiarissimo,
1301 468 1487 513 praeterea
1509 461 1571 512 jus
1592 461 1702 499 civile

255 523 364 560 nobis
389 524 479 561 solis
509 523 758 561 hereditatem
790 525 871 575 ejus
902 525 1045 562 addicit
1076 538 1120 562 ex
1149 524 1258 562 titulo
1289 522 1594 574 propinquitatis,
1620 522 1702 572 ipse

256 597 406 636 quoque
439 586 674 635 Cleonymus
703 598 769 635 pro
796 585 861 622 illa
886 598 954 623 sua
989 586 1108 623 nostri
1135 586 1292 622 caritate
1321 591 1433 634 atque
1461 582 1601 633 pietate
1637 581 1704 619 he—

256 646 366 683 redes
405 659 473 683 nos
508 647 578 683 sibi
616 659 700 684 esse
736 646 857 683 voluit
895 647 1102 697 edixitque,
1140 647 1305 696 denique
1346 653 1452 696 pater
1490 643 1706 694 Cleonymi‚

256 707 510 758 Polyarchus‚
543 709 718 759 idemque
751 722 844 747 avus
875 717 1018 753 noster,
1048 718 1292 761 praeceperat,
1321 718 1363 745 ut
1395 708 1608 758 Cleonymo
1641 707 1706 743 im-

257 771 362 821 prole
389 771 590 816 exstincto,
612 784 680 808 nos
703 771 738 808 in
759 773 859 809 bona
884 785 952 809 sua
976 771 1277 808 immitterernur.
1338 771 1414 808 Tot
1435 778 1472 807 et
1492 778 1567 807 tarn
1590 769 1707 806 firmis

259 834 353 884 septi
371 847 456 871 cum
473 848 645 872 essemus
667 834 876 884 munitique
891 835 984 882 juris
1005 834 1209 884 aequissimi
1229 834 1444 877 titulis,hos
1463 832 1708 869 nihilominus

257 903 400 940 tamen,
420 896 482 946 qui
505 903 544 933 et
564 896 717 946 cognati
739 902 868 933 essent
887 903 925 933 et
948 897 995 933 ab
1014 895 1114 933 omni
1135 895 1190 933 vel
1217 896 1392 945 speciosa
1411 894 1525 931 modo
1544 900 1707 944 praeten-

259 957 366 993 sione
388 957 587 1002 denudati,
606 956 658 993 nil
678 956 814 1007 puduit
833 970 903 994 nos
925 958 960 994 in
983 964 1174 994 certamen
1190 956 1380 1005 conjicere
1395 969 1510 1006 super
1526 956 1568 992 iis
1585 955 1708 1000 bonis,

258 1031 372 1068 super
391 1018 528 1068 quibus
549 1018 747 1055 nobiscum
769 1018 1001 1056 contendere
1022 1018 1078 1056 vel
1100 1018 1319 1055 alienissimi
1338 1018 1479 1068 quique
1506 1024 1617 1068 turpe
1640 1017 1709 1054 sibi

259 1079 474 1117 duxissent.

318 1142 355 1177 2.
386 1140 549 1179 Videtur
569 1155 718 1193 nempe,
735 1142 902 1193 judices,
922 1143 1070 1180 animus
1097 1155 1189 1193 erga
1216 1154 1286 1179 nos
1317 1148 1475 1179 mutuus
1505 1154 1581 1179 non
1611 1140 1711 1178 idern

260 1203 369 1239 nobis
390 1216 490 1241 esse.
549 1204 647 1241 Nam
665 1217 738 1254 ego
753 1201 930 1254 equidem
948 1217 1021 1241 non
1041 1204 1114 1241 hoc
1132 1204 1210 1241 sero
1231 1203 1426 1253 aegerrime
1447 1216 1571 1253 neque
1590 1202 1709 1240 malo-

260 1277 343 1301 rum
364 1265 693 1303 circumstantium
710 1265 781 1303 hoe
808 1266 987 1303 existimo
1007 1266 1251 1302 deterrimum
1273 1273 1390 1315 atque
1411 1264 1710 1309 acerbissimum,

262 1325 365 1375 quod
386 1325 423 1363 in
444 1326 516 1364 hoc
536 1334 730 1365 certamen
750 1327 988 1378 periniquum
1006 1340 1072 1378 per
1087 1327 1192 1364 nefas
1208 1326 1403 1377 conjectus
1419 1339 1516 1371 sum,
1535 1326 1600 1363 sed
1618 1327 1711 1363 istoc

265 1387 445 1438 imprimis
466 1389 612 1427 crucior
630 1389 733 1439 quod
752 1389 976 1427 commissus
1005 1403 1086 1426 sum
1114 1402 1200 1426 cum
1222 1388 1458 1433 necessariis,
1483 1401 1643 1438 quorum
1665 1401 1712 1425 ne

264 1449 448 1499 repellere
469 1450 622 1501 quidem
643 1450 809 1488 insultus
832 1451 922 1488 satis
939 1450 1117 1488 decorum
1141 1450 1205 1491 sit;
1239 1463 1315 1486 non
1335 1449 1434 1487 enim
1453 1450 1630 1487 minorem
1648 1463 1714 1487 ac-

264 1518 445 1561 cepturus
460 1511 549 1549 mihi
569 1511 698 1549 videor
714 1511 887 1563 injuriam
904 1512 933 1548 si
955 1511 1169 1548 neccssaria
1185 1511 1255 1547 mei
1274 1511 1448 1548 defensio
1465 1524 1524 1547 me
1545 1511 1714 1560 coegerit

265 1572 337 1617 his,
366 1573 429 1623 qui
450 1573 656 1611 necessarii
675 1573 747 1610 mei
768 1580 870 1616 sunt,
889 1572 1040 1610 noxiam
1062 1572 1279 1622 quampiam
1302 1571 1407 1617 dare,
1427 1584 1542 1621 quam
1570 1585 1616 1608 ex
1643 1571 1714 1609 hoc

267 1634 369 1685 quod
392 1636 556 1686 ipsemet
574 1648 646 1685 ego
673 1634 775 1685 prior
802 1634 850 1671 ab
877 1633 934 1671 his
963 1632 1137 1670 molestia
1165 1632 1325 1670 affectus
1346 1640 1384 1670 et
1402 1632 1501 1669 ultro
1522 1632 1716 1683 impetitus

268 1709 372 1735 sum:
404 1697 442 1734 hi
456 1704 588 1735 contra
609 1709 765 1748 prorsus
786 1695 861 1733 alio
880 1708 971 1746 erga
990 1708 1050 1732 me
1068 1694 1193 1732 animo
1215 1701 1319 1738 sunt,
1340 1694 1377 1731 in
1405 1707 1555 1732 arenam
1578 1694 1716 1746 prode—

267 1763 382 1795 untes
397 1771 483 1795 cum
498 1758 650 1809 agmine
663 1757 870 1796 amicorum
880 1764 1093 1795 convocato
1106 1764 1143 1794 et
1153 1770 1266 1794 manu
1277 1763 1467 1794 oratorum
1480 1758 1714 1808 conscripta:

266 1818 392 1856 brevis
407 1827 449 1857 ut
468 1819 551 1866 sim,
566 1819 761 1870 copiarum
778 1832 930 1857 suarum
946 1826 1090 1869 partem
1106 1818 1260 1856 omnino
1278 1817 1421 1855 nullam
1438 1818 1506 1855 sibi
1528 1818 1713 1868 reliquam

270 1879 458 1926 fecerunt,
475 1881 583 1931 quasi
610 1880 783 1918 inimicos
812 1880 1000 1931 capitales
1027 1880 1149 1917 ultum
1180 1880 1290 1924 irent,
1318 1892 1395 1916 non
1424 1880 1660 1918 necessarios
1680 1889 1719 1919 et

270 1948 459 1992 cognatos
484 1942 658 1980 homines
689 1942 835 1980 laesum.
895 1942 1227 1979 Verumenimvero
1246 1941 1381 1978 melius
1402 1940 1540 1985 adhuc,
1555 1941 1719 1992 judices,

271 2016 400 2041 eorum
416 2003 691 2055 impudentiam
706 2003 904 2054 diramque
920 2010 957 2041 et
973 2003 1112 2040 foedam
1133 2002 1380 2054 cupiditatem
1401 2002 1634 2052 intelligetis,
1656 2005 1718 2042 ubi

271 2070 390 2102 totam
409 2065 463 2103 rei
483 2071 604 2115 gestae
618 2064 803 2103 rationem
823 2078 869 2102 ex
886 2077 946 2102 me
967 2064 1094 2102 statim
1107 2071 1328 2102 enarraturo
1344 2065 1592 2115 acceperitis:
1614 2065 1717 2104 unde

273 2133 402 2164 autern
432 2126 612 2164 citissime
643 2133 757 2178 atque
786 2126 1071 2177 expeditissime
1096 2139 1176 2163 rem
1197 2125 1287 2163 mihi
1306 2125 1483 2163 videmini
1502 2127 1720 2179 percepturi

274 2188 324 2227 de
345 2201 422 2239 qua
439 2188 538 2227 inter
555 2201 624 2226 nos
646 2188 907 2235 contenditur,
926 2187 1014 2226 inde
1032 2187 1251 2238 exponendi
1269 2186 1408 2225 faciam
1423 2187 1639 2226 exordium.

331 2251 368 2287 3.
399 2249 533 2287 Dinias
553 2249 669 2300 patris
697 2250 815 2288 nostri
841 2250 956 2288 frater
982 2251 1094 2287 orbos
1122 2262 1192 2287 nos
1222 2249 1345 2287 factos
1367 2250 1403 2287 in
1430 2250 1550 2288 tutela
1575 2250 1721 2289 habuit.

277 2311 355 2350 Sed
383 2311 632 2362 Cleonymus,
652 2323 674 2348 o
693 2310 774 2357 viri,
801 2324 887 2349 curn
908 2324 953 2348 eo
973 2311 1197 2349 dissidebat.
1254 2310 1413 2348 Dissidii
1441 2311 1616 2363 princeps
1637 2306 1731 2351 uterv

275 2386 406 2412 eorum
423 2371 538 2410 fuerit
555 2371 685 2410 nescio
704 2385 752 2409 an
774 2384 836 2409 me
857 2371 981 2409 minus
1002 2371 1138 2410 deceat
1157 2384 1350 2422 quaerere;
1381 2371 1568 2410 hactenus
1593 2379 1721 2411 tamen

276 2449 343 2475 eos
361 2434 452 2473 mihi
476 2433 607 2472 videor
628 2433 714 2485 jure
735 2433 867 2471 merito
885 2446 1000 2483 posse
1020 2433 1313 2484 reprehendere,
1333 2432 1437 2483 quod
1457 2434 1612 2484 cognati
1632 2448 1719 2472 cum

276 2503 407 2536 essent
425 2495 604 2546 nullaque
621 2508 688 2533 eos
706 2494 847 2532 idonea
864 2507 983 2533 causa
999 2494 1203 2532 simultatis
1224 2494 1519 2541 intercessisset,
1539 2508 1559 2532 e
1579 2508 1721 2534 sermo-

277 2559 390 2597 nibus
407 2557 636 2609 quibusdam
655 2563 734 2595 tam
753 2556 970 2594 inconsulto
989 2556 1201 2594 simultates
1225 2555 1478 2607 susceperint.
1536 2556 1623 2607 Ipse
1642 2557 1724 2607 qui·

280 2621 367 2659 dem
388 2620 620 2670 Cleonymus
641 2617 752 2656 nobis
777 2617 1022 2669 postmodum
1044 2624 1086 2654 ut
1106 2630 1126 2654 e
1146 2617 1279 2655 morbo
1296 2616 1492 2655 convaluit
1511 2617 1724 2664 affirmavit,

279 2682 346 2719 illo
364 2694 434 2719 suo
449 2693 536 2718 cum
557 2680 676 2718 Dinia
693 2679 821 2731 jurgio
841 2692 884 2717 se
902 2685 1047 2717 motum
1066 2678 1161 2716 illud
1181 2677 1290 2716 nobis
1311 2677 1426 2715 fatale
1450 2684 1722 2718 testamentum

282 2742 481 2794 scripsisse
498 2755 565 2794 per
584 2741 857 2788 valetudinem,
870 2754 944 2779 non
965 2753 1041 2792 quo
1061 2739 1172 2778 nobis
1188 2747 1445 2784 succenseret,
1468 2739 1537 2777 sed
1553 2747 1725 2779 metuens

282 2818 331 2843 ne
357 2803 594 2841 moriendum
625 2803 695 2841 sibi
723 2811 828 2841 esset
856 2802 966 2841 nobis
996 2802 1121 2840 adhuc
1152 2800 1306 2852 pupillis
1336 2806 1376 2838 et
1406 2801 1442 2837 in
1464 2800 1589 2838 Diniae
1609 2802 1727 2841 tutela

283 2874 397 2917 atque
413 2872 602 2917 potestate
621 2865 858 2908 constrictis;
880 2864 1019 2915 quodsi
1032 2864 1112 2915 jam
1130 2864 1236 2902 fieret
1255 2869 1298 2900 ut
1315 2862 1476 2901 heredes
1496 2863 1615 2914 ipsius
1629 2876 1730 2902 esse-

284 2941 382 2972 mus,
403 2927 617 2964 necessario
639 2926 791 2964 Diniam
811 2928 997 2964 bonorum
1016 2938 1169 2963 suorum
1182 2924 1401 2976 (Cleonymi
1420 2928 1528 2975 puta)
1546 2924 1725 2963 arbitrum
