1870 3277
288 154 360 189 104
873 147 1163 186 ISOCRA'Fis

283 256 360 293 lum
384 252 582 291 Persicum
605 252 777 296 fuerunt,
801 265 847 289 un
872 251 1020 288 illorum
1051 251 1115 301 qui
1148 258 1235 288 ante
1263 250 1502 287 obsidionem
1528 250 1749 288 Dece-licam

283 315 558 366 rempublicam
582 313 807 363 gesserunt?
865 314 979 356 Quod
1013 313 1041 350 si
1074 313 1143 349 hos
1166 312 1301 349 imitari
1325 311 1477 362 jubent,
1497 311 1589 362 quid
1616 324 1749 360 quaeso

283 377 453 416 suadent
472 375 574 413 aliud
595 388 710 426 quam
732 375 862 412 denuo
883 375 1095 424 periculum
1126 374 1264 412 excidii
1294 387 1381 411 esse
1411 374 1661 412 adeundum?
1692 374 1750 412 sin

282 441 434 478 illorum
457 452 523 476 vos
541 438 685 475 similes
707 450 794 474 esse
816 436 951 473 volunt
973 437 1036 487 qui
1058 437 1094 473 in
1119 436 1350 475 Marathone
1372 436 1556 473 barbaros
1579 436 1752 473 vicerunt

283 502 342 540 vel
362 514 492 539 eorum
518 501 692 551 quiante
720 499 806 535 illos
834 498 1001 543 fuerunt,
1023 512 1151 536 annon
1182 507 1273 535 sunt
1302 498 1472 535 omnium
1503 497 1751 549 impudentis—

283 563 382 608 simi,
406 576 524 613 quum
556 574 621 599 eos
652 559 815 597 laudent
842 560 907 609 qui
941 567 1021 597 tum
1053 560 1331 610 rempublicam
1352 567 1558 611 gesserunt
1582 565 1622 597 et
1648 573 1751 597 nunc

281 625 474 664 contraria
491 624 600 661 nobis
622 622 804 660 facienda
824 630 1025 667 censeant,
1046 629 1084 659 et
1103 622 1152 659 ad
1169 635 1215 659 ea
1236 622 1378 660 delicta
1398 635 1466 660 vos
1489 621 1686 672 impellant
1705 621 1753 658 de

282 687 421 738 quibus
441 685 535 735 quid
556 684 694 722 faciam
716 683 898 734 equidem
921 683 1069 728 dubito,
1091 691 1235 729 utrum,
1253 692 1295 722 ut
1326 685 1362 721 in
1392 684 1558 730 caeteris,
1579 684 1616 721 id
1647 682 1753 736 quod

282 762 343 787 res
365 754 422 786 est
443 747 583 792 dicam,
607 759 655 784 an
674 753 775 783 metu
798 754 937 783 vestrae
958 745 1181 783 offensionis
1201 746 1266 783 illa
1288 746 1439 784 silentio
1461 744 1710 796 praeteream?

342 812 403 848 15.
435 810 533 847 Nam
557 809 684 860 potius
706 808 862 859 quidem
895 821 980 846 esse
1006 808 1139 858 judico
1170 807 1218 844 de
1252 808 1295 844 iis
1325 807 1530 844 disserere:
1564 807 1753 845 sedidem

281 886 350 911 vos
372 872 415 909 iis
435 871 558 909 solere
579 871 734 921 gravius
755 870 868 908 irasci
890 869 1003 907 video
1023 869 1085 919 qui
1107 868 1396 919 reprehendunt
1414 883 1525 920 quam
1543 869 1587 906 iis
1602 870 1665 919 qui
1688 882 1753 906 vos

280 935 319 972 in
340 934 581 973 calamitates
612 932 878 983 conjecerunt.
938 931 1099 973 Verum,
1119 938 1316 980 utcunque
1340 943 1398 968 res
1426 931 1625 976 ceciderit,
1645 938 1755 981 turpe

281 996 374 1034 mihi
396 996 498 1032 duco
521 1008 614 1032 meae
635 994 747 1031 famae
768 994 895 1043 potius
916 1005 1032 1043 quam
1053 992 1220 1042 publicae
1241 992 1378 1030 salutis
1397 992 1583 1029 rationem
1599 992 1755 1029 ducere.

284 1057 337 1095 Ut
357 1057 472 1107 igitur
493 1062 531 1092 et
555 1067 682 1092 meum
706 1060 744 1091 ct
766 1060 993 1091 caeterorum
1016 1053 1080 1103 qui
1112 1053 1391 1104 rempublicam
1422 1060 1558 1090 curant
1585 1054 1753 1090 officium

282 1127 344 1157 est
363 1131 410 1156 ea
432 1117 557 1154 dicere
581 1128 655 1152 non
678 1128 766 1164 quae
780 1115 915 1152 auditu
931 1114 1227 1162 jucundissima,
1247 1114 1314 1151 sed
1329 1127 1416 1164 quae
1434 1114 1637 1152 utilissima
1650 1114 1755 1151 factu

284 1187 394 1219 sunt:
428 1179 483 1216 sic
515 1191 582 1215 vos
618 1184 754 1214 contra
788 1183 958 1214 statuere
993 1175 1159 1221 debetis,
1180 1188 1299 1226 quum
1335 1176 1551 1213 morborum
1585 1176 1756 1226 corporis

282 1242 416 1280 multoe
437 1248 475 1278 et
496 1238 609 1277 variae
640 1238 859 1276 curationes
881 1237 957 1275 sint
975 1251 997 1275 a
1017 1237 1176 1275 medicis
1205 1238 1385 1284 inventae,
1407 1237 1543 1275 animis
1573 1239 1686 1275 caecis
1718 1245 1754 1275 ct

282 1303 469 1342 malarum
501 1300 758 1351 cupiditatum
788 1300 913 1350 plenis
945 1300 1100 1336 unicum
1136 1312 1336 1350 superesse
1367 1299 1593 1344 remedium,
1615 1301 1755 1337 oratio-

283 1378 372 1402 nem
394 1377 531 1414 nempe
553 1376 639 1413 quae
659 1362 775 1399 libere
797 1361 941 1399 delicta
958 1360 1236 1412 repreliendat;
1267 1360 1410 1398 deinde
1439 1359 1528 1410 quid
1551 1361 1756 1398 absurdius

282 1435 345 1466 est
365 1439 481 1477 quam
503 1425 675 1462 ustiones
696 1431 734 1462 et
754 1423 950 1462 sectiones
972 1423 1213 1461 medicorum
1235 1423 1412 1469 tolerare,
1429 1429 1469 1459 ut
1489 1422 1661 1473 pluribus
1678 1435 1760 1459 cru-

282 1488 449 1527 ciatibus
461 1487 678 1531 liberemur,
692 1486 885 1524 orationes
906 1492 1049 1531 autem,
1064 1492 1272 1535 antequam
1294 1484 1408 1535 plane
1425 1484 1624 1534 cognitum
1646 1484 1756 1522 sitan

287 1563 375 1589 eam
395 1549 471 1586 vim
489 1548 661 1586 habeant
681 1555 723 1585 ut
744 1547 992 1585 audientibus
1011 1546 1173 1598 prosint,
1194 1545 1435 1596 improbare?

345 1612 405 1649 16.
439 1610 537 1648 Haec
560 1623 606 1648 eo
627 1610 813 1661 praefatus
836 1622 933 1655 sum,
953 1608 1058 1659 quod
1080 1608 1129 1646 de
1149 1608 1296 1646 caeteris
1313 1607 1394 1645 sine
1415 1607 1519 1645 omni
1540 1607 1759 1646 dissimula-

287 1674 390 1712 tione
411 1680 450 1711 et
471 1685 626 1723 prorsus
645 1679 774 1722 aperte
796 1670 900 1722 apud
920 1684 989 1708 vos
1012 1670 1139 1708 dicere
1160 1669 1326 1707 decrevi.
1356 1669 1453 1711 Quis
1476 1669 1576 1707 enim
1597 1671 1758 1709 obsecro

287 1741 349 1773 est
368 1734 433 1785 qui
455 1746 615 1785 peregre
637 1732 847 1771 adveniens
869 1739 908 1770 et
926 1732 1045 1770 nostri
1060 1732 1198 1770 erroris
1215 1744 1353 1783 expers
1370 1731 1511 1777 adbuc,
1527 1731 1630 1770 siliis
1646 1734 1759 1771 rebus

288 1797 336 1835 de
366 1795 574 1847 improviso
596 1795 842 1840 interveniat,
863 1807 941 1832 non
973 1794 1135 1832 delirare
1166 1807 1235 1832 nos
1266 1801 1306 1832 et
1335 1794 1503 1831 insanire
1532 1795 1760 1833 arbitretur?

288 1857 355 1909 qui
377 1870 495 1908 quum
517 1869 576 1894 res
598 1855 786 1907 praeclare
807 1868 829 1894 a
848 1854 1056 1906 majoribus
1077 1862 1209 1906 gestas
1239 1855 1344 1893 laudi
1375 1855 1485 1893 nobis
1513 1855 1703 1896 ducamus
1724 1867 1761 1896 et

286 1919 565 1971 rempublicam
586 1924 755 1956 nostram
775 1930 821 1955 eo
842 1916 996 1955 nomine
1026 1917 1224 1955 celebrare
1249 1916 1459 1968 possimus,
1481 1924 1630 1955 tantum
1652 1919 1762 1958 abest

288 1988 333 2019 ut
350 1993 417 2018 eos
439 1979 517 2017 ulla
537 1992 583 2017 ex
605 1984 713 2030 parte
734 1978 941 2023 imitemur,
963 1984 1003 2016 ut
1022 1978 1139 2030 plane
1172 1979 1365 2016 contraria
1389 1978 1602 2017 faciamus?
1659 1981 1759 2018 Nam

287 2044 342 2082 illi
360 2043 515 2094 quidem
535 2055 604 2094 pro
619 2038 768 2080 Graecis
783 2048 920 2080 contra
933 2041 1119 2079 barbaros
1139 2053 1314 2092 pugnare
1335 2054 1411 2079 non
1428 2041 1673 2087 destiterunt,
1690 2057 1760 2082 nos

288 2119 379 2144 vero
399 2118 466 2143 eos
487 2104 553 2154 qui
572 2104 610 2140 in
633 2103 727 2141 Asia
747 2103 888 2141 victum
910 2104 1170 2154 quaeritabant
1189 2102 1267 2141 hue
1286 2109 1474 2141 retractos
1494 2110 1630 2142 contra
1650 2104 1760 2142 Grae-

288 2180 356 2206 cos
375 2166 578 2204 duximus:
609 2165 677 2210 illi,
702 2165 794 2203 dum
817 2165 968 2203 Graecis
988 2165 1146 2202 urbibus
1175 2164 1392 2203 libertatem
1423 2166 1644 2212 restituunt,
1667 2167 1759 2204 dum

286 2240 400 2280 opem
422 2227 564 2273 ferunt,
579 2225 744 2264 Graeeiae
763 2227 1022 2277 principatum
1043 2232 1294 2277 acceperunt,
1314 2239 1399 2272 nos,
1415 2227 1481 2277 qui
1500 2227 1657 2265 easdem
1680 2228 1759 2267 ser-

289 2290 408 2329 vitute
435 2288 660 2339 premimus,
682 2289 746 2340 qui
778 2288 893 2339 plane
914 2289 1109 2326 diversum
1135 2288 1301 2338 agimus,
1322 2288 1569 2339 indignamur
1590 2291 1758 2329 eundem

288 2351 474 2389 honorem
494 2349 606 2388 nobis
626 2362 702 2387 non
721 2349 868 2396 haberi,
888 2363 1008 2400 quum
1033 2351 1131 2387 inter
1151 2349 1254 2387 dicta
1280 2356 1319 2388 et
1348 2350 1452 2388 facta
1481 2358 1612 2389 nostra
1643 2359 1760 2403 atque

287 2412 441 2451 illorum
467 2417 619 2448 tanturn
647 2410 811 2456 intersit,
831 2417 874 2448 ut
905 2411 979 2462 ipsi
1005 2424 1075 2462 pro
1108 2412 1384 2450 conservandis
1415 2412 1563 2452 Graecis
1595 2416 1758 2465 patriam

289 2473 465 2512 deserere
480 2485 557 2510 non
577 2471 787 2510 dubitarint
807 2479 846 2511 et
865 2480 967 2510 terra
988 2472 1158 2523 marique
1172 2473 1355 2511 barbaros
1370 2473 1541 2520 vicerint,
1554 2488 1673 2526 quum
1688 2490 1758 2515 nos

290 2548 340 2572 ne
367 2546 437 2585 pro
468 2539 602 2570 nostra
630 2532 785 2583 quidem
815 2533 972 2571 avaritia
992 2533 1175 2571 dimicare
1195 2534 1374 2581 velimus,
1393 2535 1581 2586 imperare
1602 2537 1757 2588 quidem

291 2594 492 2635 studemus
514 2595 706 2640 omnibus,
729 2595 798 2632 sed
820 2594 1002 2632 dimicare
1031 2595 1223 2642 nolumus,
1245 2609 1289 2634 ac
1310 2609 1426 2634 nemo
1443 2596 1523 2635 fere
1541 2604 1599 2636 est
1616 2607 1758 2638 morta-

287 2657 381 2694 lium
398 2655 568 2694 omnium
586 2669 702 2706 quem
721 2655 825 2694 bello
841 2669 918 2694 non
937 2655 1190 2703 lacessamus,
1212 2657 1283 2694 sed
1303 2657 1355 2695 rei
1377 2657 1549 2696 militaris
1570 2662 1756 2700 exercita-

289 2718 435 2757 tionem
455 2729 612 2767 prorsus
633 2717 707 2768 ipsi
727 2717 983 2768 negligimus3
1013 2724 1052 2755 et
1071 2731 1188 2768 quum
1208 2718 1247 2756 hi
1267 2731 1430 2769 quorum
1451 2732 1590 2770 operas
1609 2723 1758 2762 condu-

290 2779 428 2824 cimus,
457 2778 595 2828 partim
624 2779 790 2825 exsules,
814 2778 954 2829 partim
983 2778 1206 2830 transfugae,
1226 2779 1365 2831 partim
1394 2781 1499 2818 omni
1528 2782 1760 2834 flagitiorum

292 2851 431 2892 genere
460 2839 648 2890 cooperti,
667 2840 742 2879 huc
770 2839 1042 2888 confluxerint,
1063 2840 1117 2879 sic
1146 2841 1306 2880 animati
1334 2848 1389 2889 ut,
1412 2842 1447 2880 si
1462 2842 1546 2894 quis
1575 2845 1662 2896 plus
1691 2847 1759 2885 sti-

291 2900 422 2953 pendii
442 2907 632 2947 numeret,
653 2901 737 2952 ejus
759 2901 879 2941 ductu
900 2915 971 2942 nos
992 2903 1254 2955 oppugnaturi
1271 2903 1359 2942 sint.
1416 2904 1527 2944 Adeo
1546 2912 1676 2945 tamen
1695 2921 1760 2947 eos
