1870 3277
246 170 321 204 4228
836 167 1105 205 DlNAltCffl

245 269 398 308 omnino
417 269 544 306 dicam
563 268 780 320 reipublicae
796 269 887 306 nihil
909 269 1084 320 contigit,
1105 270 1141 306 in
1162 269 1339 319 periculis
1360 281 1449 307 vero
1468 276 1507 306 et
1524 269 1634 306 malis
1650 276 1692 306 et

248 330 453 382 ignominia
480 337 561 368 tota
588 329 753 376 Groecia,
779 343 853 368 non
883 339 1031 369 tantum
1062 338 1193 368 nostra
1218 332 1324 376 urbs,
1348 338 1499 369 versata
1525 331 1610 368 est?
1639 339 1692 375 et,

248 404 334 429 cum
356 391 531 441 plurimae
560 392 595 429 ei
626 391 715 429 dum
736 393 945 430 conciones
971 393 1103 430 habuit
1129 393 1351 430 occasiones
1381 393 1521 430 oblatae
1541 392 1692 436 fuerint,

249 465 382 491 omnes
407 454 515 491 nobis
543 453 654 491 utiles
686 455 910 492 occasiones
939 453 1136 505 neglexit?
1164 453 1302 503 quibus
1324 466 1436 504 porro
1462 453 1693 503 temporibus

249 517 372 554 bonus
397 516 489 554 civis
517 524 555 554 et
581 516 800 566 reipublicae
832 516 1023 554 studiosus
1046 516 1186 566 aliquid
1213 516 1422 566 gerendum
1446 515 1696 566 suscepisset,

250 577 294 616 iis
315 585 462 616 tantum
489 577 611 615 abfuit
631 586 672 614 ut
692 578 938 628 magistratus
959 578 1028 615 iste
1048 578 1112 628 qui
1133 590 1174 615 se
1193 590 1283 615 mox
1305 577 1409 615 vobis
1430 577 1560 614 utilem
1579 576 1697 614 fuisse

253 638 354 677 dicet
374 639 565 677 actionem
591 638 758 688 aliquam
778 637 977 688 proferret,
1000 645 1041 676 ut
1059 651 1126 677 eos
1153 639 1268 676 etiam
1295 639 1361 689 qui
1381 637 1524 688 aliquid
1553 638 1655 688 quod
1676 650 1697 675 e

253 711 294 737 re
326 706 448 737 vestra
474 707 576 737 esset
607 700 792 750 gerebant
821 712 892 737 sua
921 701 1076 738 fortuna
1101 700 1322 752 oppleverit.
1380 700 1699 738 proficiscebatur

254 760 506 799 Charidemus
535 760 583 798 ad
605 760 808 798 Persarum
838 774 978 812 regem,
999 776 1086 800 cum
1107 762 1260 812 quidem
1289 762 1471 813 prodesse
1491 762 1598 800 vobis
1620 774 1697 800 non

256 823 378 860 verbis
403 823 471 860 sed
492 836 530 860 re
563 823 644 873 ipsa
663 831 834 874 cuperet,
854 833 893 861 et
914 825 1060 875 privato
1081 837 1151 862 suo
1178 823 1346 875 periculo
1364 830 1529 862 vestram
1548 832 1588 862 et
1614 823 1699 862 reli-

255 896 416 934 quorum
441 883 666 921 Graecorum
701 884 863 922 salutem
894 893 1137 934 procuraret:
1179 898 1267 922 cum
1294 893 1421 922 autem
1450 886 1520 924 iste
1553 886 1590 923 in
1617 886 1700 924 soro

255 945 510 983 obambulans
535 945 651 983 verba
674 944 819 983 faceret
839 957 956 995 seque
976 958 1099 983 rerum
1121 946 1375 995 gerendarum
1400 947 1549 984 socium
1574 946 1700 984 adsci-

256 1014 399 1051 sceret3
429 1007 485 1046 sic
501 1019 568 1045 eas
584 1006 737 1045 fortuna
750 1007 901 1045 invertit
917 1015 956 1045 ut
969 1008 1160 1045 contraria
1175 1020 1306 1045 eorum
1319 1021 1406 1059 quae
1422 1009 1700 1059 exspectaban-

258 1077 317 1105 tur
337 1068 545 1106 evenirent.
603 1068 726 1106 Solvit
745 1068 834 1106 hinc
857 1069 1068 1120 Ephialtes,
1094 1082 1137 1107 ac
1157 1069 1291 1108 oderat
1311 1070 1373 1108 ille
1395 1070 1547 1121 quidem
1574 1070 1703 1114 istum,

260 1129 328 1167 sed
349 1136 477 1167 tamen
498 1130 689 1167 actionum
713 1130 860 1169 socium
880 1131 1021 1169 habere
1041 1133 1273 1181 cogebatur:
1304 1132 1418 1170 etiam
1437 1131 1540 1169 hunc
1561 1131 1704 1171 ademit

258 1192 411 1229 fortuna
430 1192 660 1242 reipublicae.
718 1192 961 1243 Euthydicus
987 1193 1115 1244 populi
1135 1193 1346 1231 commodis
1367 1193 1543 1231 inservire
1572 1192 1704 1230 decre-

259 1259 382 1290 verat:
413 1253 501 1291 huic
529 1266 571 1291 se
591 1254 752 1292 amicum
775 1267 862 1292 esse
887 1255 1169 1293 Demosthenes
1194 1256 1391 1305 professus
1418 1262 1497 1293 est:
1527 1256 1558 1293 is
1581 1255 1705 1306 periit.

260 1314 358 1356 Quae
379 1328 466 1352 cum
496 1327 563 1352 vos
592 1315 751 1353 videatis
772 1322 811 1353 et
833 1316 960 1354 sciatis
982 1316 1102 1355 multo
1124 1317 1258 1355 melius
1279 1331 1391 1368 quam
1412 1330 1497 1367 ego,
1519 1329 1594 1354 non
1616 1329 1707 1354 con-

260 1375 450 1422 sideratis,
478 1390 551 1415 non
586 1377 763 1428 cogitatis
792 1377 865 1428 ipsi
889 1378 1098 1423 vobiscum,
1127 1378 1174 1416 de
1200 1379 1399 1429 praeteritis
1433 1379 1560 1415 futura
1580 1380 1708 1427 conje-

261 1444 424 1483 ctantes,
446 1437 595 1476 nullum
622 1439 732 1476 istius
751 1451 835 1477 esse
863 1452 974 1476 usum
1003 1439 1073 1477 uisi
1094 1447 1134 1477 ut
1160 1440 1320 1478 inimicis
1348 1440 1570 1491 adjumento
1591 1439 1639 1477 sit
1659 1439 1706 1476 ad

261 1498 404 1549 aliquid
424 1499 528 1538 aliud
549 1500 636 1537 mali
650 1508 782 1538 contra
797 1500 1070 1550 rempublicam
1086 1500 1387 1551 comparandum
1401 1501 1513 1552 quale
1529 1501 1622 1538 illud
1638 1501 1709 1538 fuit

260 1560 362 1610 apud
382 1561 562 1612 Capram,
589 1575 678 1599 cum
699 1571 735 1599 et
764 1561 1043 1599 Lacedaemonii
1064 1573 1198 1598 omnes
1224 1572 1311 1600 cum
1333 1563 1503 1600 exercitu
1524 1563 1705 1606 exissent,

261 1629 300 1660 et
319 1622 453 1660 Achaei
475 1629 590 1672 atque
612 1622 696 1660 Elei
717 1635 760 1660 se
780 1635 866 1660 cum
893 1623 950 1660 eis
975 1622 1281 1673 conjunxissent,
1309 1631 1346 1661 et
1364 1623 1498 1661 decem
1520 1624 1575 1661 M.
1604 1636 1708 1674 pere-

262 1684 457 1734 grinorum
480 1684 642 1722 militum
667 1684 705 1722 in
729 1685 928 1736 procinctu
952 1692 1096 1730 essent,
1122 1692 1161 1722 et
1187 1685 1405 1723 Alexander
1432 1686 1468 1723 in
1491 1686 1602 1723 India
1625 1698 1709 1724 esse

261 1746 463 1791 diceretur,
483 1752 521 1783 et
541 1745 695 1783 Graecia
714 1747 890 1784 universa
909 1747 958 1784 ob
979 1746 1216 1797 singularum
1237 1747 1384 1784 urbium
1406 1747 1618 1799 proditores
1640 1747 1710 1784 ini-

260 1819 338 1857 quo
357 1807 484 1845 animo
504 1819 628 1845 rerum
656 1807 806 1845 illarum
825 1813 969 1846 statum
988 1806 1138 1858 patiens
1164 1808 1318 1858 aliquod
1346 1809 1562 1859 urgentium
1591 1808 1709 1846 malo-

262 1881 346 1906 rum
364 1869 573 1907 remedium
593 1875 753 1920 optaret.
810 1870 914 1913 Quid
935 1877 1015 1907 tum
1038 1869 1204 1920 postea?
1247 1870 1297 1907 Iis
1317 1870 1547 1921 temporibus
1568 1870 1711 1907 Demo-

264 1930 418 1968 sthenes
447 1931 532 1980 quis
565 1931 650 1977 fuit,
679 1931 905 1969 consulendi
932 1931 1242 1981 decernendique
1274 1932 1500 1969 auctoritate
1528 1930 1712 1982 praeditus

264 1992 330 2042 qui
351 1992 480 2030 statim
500 1992 602 2030 dicet
620 1992 725 2030 hunc
742 2000 883 2031 statum
899 1992 988 2031 odio
1005 2005 1086 2031 esse
1106 1991 1295 2044 dignum?
1323 2005 1411 2031 nam
1426 1992 1559 2031 omitto
1572 1999 1713 2030 caetera

264 2052 488 2091 discrimina.
525 2053 723 2104 Numquid
736 2053 881 2105 aliquid
897 2054 1099 2093 decrevisti
1110 2054 1158 2092 de
1173 2054 1231 2091 his
1244 2053 1547 2092 discriminibus?
1575 2066 1713 2092 consu-

266 2113 397 2151 luisti?
425 2113 628 2164 pecuniam
642 2114 926 2166 suppeditasti?
954 2115 1072 2153 ullam
1087 2115 1147 2153 vel
1162 2128 1317 2166 parvam
1331 2127 1486 2167 operam
1507 2116 1554 2154 iis
1569 2115 1716 2153 navasti

265 2174 332 2224 qui
352 2187 595 2212 communem
627 2176 791 2214 salutem
814 2177 1012 2215 defensuri
1046 2176 1183 2214 erant?
1231 2177 1334 2214 Nihil
1365 2178 1531 2227 penitus,
1551 2177 1618 2215 sed
1643 2177 1715 2214 cir-

265 2236 436 2273 cumibas
465 2235 717 2285 nugigerulos
742 2237 950 2276 instruens.
1007 2238 1058 2275 Et
1081 2244 1216 2288 tuopte
1237 2237 1389 2288 ingenio
1415 2238 1543 2276 literas
1570 2238 1715 2275 confin-

267 2297 397 2347 gebas.
455 2297 505 2334 Et
519 2308 607 2333 cum
627 2297 846 2347 reipublicae
864 2298 1022 2337 infamia
1039 2299 1084 2336 iis
1102 2298 1151 2337 de
1171 2299 1302 2349 digitis
1316 2299 1512 2350 suspensis
1530 2300 1725 2337 obambu-·

266 2357 384 2404 labat,
405 2357 564 2396 delicias
592 2357 738 2396 faciens
767 2358 806 2396 in
826 2359 991 2409 publicis
1017 2359 1142 2407 malis,
1162 2367 1201 2398 et
1227 2359 1371 2398 lectica
1396 2360 1639 2399 deferebatur
1657 2360 1717 2398 via

270 2418 466 2464 Piraeensi,
487 2417 720 2470 pauperibus
736 2419 903 2470 inopiam
921 2422 1172 2471 opprobrans.
1231 2422 1282 2459 Et
1299 2422 1368 2460 iste
1381 2423 1487 2461 vobis
1503 2422 1553 2460 ad
1572 2422 1717 2460 futuras

268 2481 495 2519 occasiones
523 2479 629 2519 utilis
655 2480 739 2526 erit,
770 2480 837 2532 qui
864 2493 998 2519 omnes
1031 2483 1268 2534 superiorum
1304 2490 1517 2534 temporum
1548 2483 1717 2534 neglexit

268 2541 523 2580 occasiones?
570 2541 745 2589 Utinam,
764 2555 787 2581 ο
807 2542 977 2582 Domina
1006 2544 1183 2582 Minerva
1202 2552 1242 2583 et
1261 2545 1439 2584 Servator
1463 2545 1626 2597 Jupiter,
1646 2546 1718 2583 hu-

266 2602 436 2652 jusmodi
456 2604 695 2642 consultores
713 2611 753 2642 et
771 2603 890 2643 duces
909 2605 1072 2643 civitatis
1093 2606 1270 2644 hostibus
1283 2606 1549 2657 contigissent,
1564 2614 1602 2645 et
1622 2621 1718 2645 nun-

268 2676 384 2713 quam
403 2664 591 2703 meliores.

321 2726 360 2762 6.
389 2725 480 2764 Non
499 2725 537 2763 in
553 2727 777 2766 memoriam
804 2729 1035 2768 revocabitis
1049 2742 1110 2768 res
1131 2736 1260 2781 gestas
1280 2731 1500 2782 majorum?
1528 2732 1607 2782 qui,
1627 2745 1714 2770 cum

269 2787 390 2825 multa
417 2800 634 2840 magnaque
653 2790 824 2840 pericula
839 2792 974 2830 urbem
1002 2792 1298 2843 oppressissent,
1318 2805 1339 2830 e
1365 2794 1554 2844 dignitate
1578 2795 1711 2845 patriae

269 2856 310 2886 et
333 2862 412 2887 suae
432 2849 616 2888 libertatis
637 2857 677 2888 et
696 2851 867 2890 honestae
887 2853 1072 2905 opinionis
1091 2866 1160 2905 pro
1184 2853 1343 2904 publica
1369 2855 1534 2893 utilitate
1555 2855 1713 2894 dimica-

271 2911 390 2950 runt?
435 2912 607 2954 Quorum
645 2919 790 2952 veteres
829 2915 915 2953 illos
952 2926 1250 2954 commemorare
1283 2916 1472 2966 prolixum
1507 2917 1633 2963 fuerit,
1673 2924 1715 2955 ut
