1870 3277
500 206 782 245 ADVERSUS
813 201 1226 241 CALLIMACHUM.
1505 197 1580 233 2653

145 315 263 357 heret,
286 318 392 349 tanto
425 310 566 347 fuimus
600 309 638 346 in
669 306 938 358 rempublicam
971 303 1098 340 studio
1124 309 1179 347 ut,
1199 315 1314 352 quum
1351 301 1412 338 alii
1442 314 1488 338 ne
1520 312 1589 337 sua

143 374 295 425 quidem
328 372 530 423 importare
557 370 753 411 auderent,
775 379 857 411 nos,
877 365 982 415 quod
1009 364 1057 401 ad
1086 364 1170 401 illos
1198 363 1407 400 vehebatur
1436 362 1586 399 interci-

145 436 305 486 pientes,
338 434 376 470 in
415 433 601 470 Piraeeum
637 429 946 481 perduceremus.
1003 425 1077 462 Pro
1113 425 1251 474 quibus
1288 423 1483 460 beneficiis
1522 434 1588 458 vos

145 496 297 547 publice
332 494 438 532 nobis
466 505 625 531 coronas
654 487 886 531 decrevistis,
907 494 957 528 et.
978 494 1019 523 ut
1044 493 1132 523 ante
1158 491 1303 522 statuas
1324 484 1480 520 heroum
1504 496 1588 532 pro-

145 557 396 595 clamaremur
416 561 598 604 tanquam
618 550 759 601 optime
780 549 828 586 de
848 547 1044 599 republica
1064 546 1198 589 meriti,
1219 544 1433 582 censuistis.
1490 544 1587 580 Sunt

147 625 273 655 autem
298 615 498 667 populares
527 611 704 657 habendi,
726 624 801 648 non
829 610 893 659 qui
922 609 1080 646 florente
1108 606 1283 657 populari
1309 612 1408 642 statu
1436 618 1474 641 se
1503 617 1588 641 cum

146 680 288 731 populo
317 679 570 728 conjungunt,
594 674 659 712 sed
689 673 753 724 qui
780 671 922 709 afflicta
949 677 987 708 et
1009 671 1165 721 jacente
1186 667 1378 718 republica
1396 679 1463 717 pro
1482 666 1588 702 vobis

147 741 234 778 vitae
251 741 451 778 discrimen
469 737 659 779 adierunt,
678 747 799 784 neque
816 733 894 771 istis
915 733 1038 783 gratia
1058 738 1116 769 est
1135 731 1314 768 habenda
1334 730 1399 780 qui
1418 727 1590 779 privatim

147 802 294 840 cladem
324 800 490 849 aliquam
516 803 760 847 acceperunt,
781 794 848 832 sed
877 793 933 830 his
953 793 1016 843 qui
1037 792 1140 830 vobis
1161 791 1446 833 benefecerunt,
1466 800 1591 839 neque

146 862 200 900 illi
221 873 406 913 pauperes
427 857 755 897 commiseratione
777 854 881 905 digni
909 861 999 891 sunt
1019 853 1081 904 qui
1104 866 1193 891 suas
1214 865 1307 903 opes
1327 851 1396 902 ipsi
1416 850 1592 901 perdide-

148 929 251 966 runt,
273 921 342 958 sed
363 921 426 971 qui
445 919 599 958 easdem
623 925 748 955 vestra
767 929 885 954 causa
904 916 1205 966 insumpserunt.

202 985 266 1021 24.
287 983 320 1020 Ε
343 995 503 1033 quorum
521 993 677 1017 nurnero
696 992 753 1016 me
770 979 889 1015 fuisse
909 977 1161 1028 comperietis,
1175 975 1406 1027 quiquidem
1426 974 1594 1011 omnium

151 1058 273 1084 essem
294 1043 588 1091 infelicissimus,
603 1054 720 1091 quum
738 1039 783 1077 de
800 1052 884 1077 meo
903 1052 1060 1089 magnos
1077 1047 1248 1088 sumptus
1269 1038 1303 1073 in
1325 1036 1593 1086 rempublicam

149 1106 315 1149 fecerim,
336 1103 460 1155 sijam
480 1103 624 1141 viderer
644 1102 773 1139 alienis
793 1101 992 1138 insidiatus
1014 1114 1112 1144 esse,
1131 1108 1170 1138 et
1189 1098 1380 1136 infamiam
1406 1097 1508 1148 apud
1530 1110 1594 1134 vos

153 1167 388 1205 subeundam
409 1164 656 1214 negligerem,
669 1176 787 1213 quum
803 1176 879 1200 non
895 1175 974 1200 rem
987 1162 1211 1199 familiarem
1231 1167 1377 1198 tantum
1399 1160 1466 1197 sed
1480 1160 1594 1196 vitam

151 1229 264 1266 etiam
293 1226 446 1264 minoris
474 1225 628 1264 fecerim
657 1238 770 1275 quam
791 1231 953 1262 vestram
981 1224 1307 1274 approbationem.
1365 1223 1489 1263 Quem
1508 1233 1597 1258 vero

153 1297 319 1328 vestrum
346 1302 422 1326 non
441 1288 654 1338 poeniteret,
673 1287 704 1324 si
722 1299 798 1324 non
819 1287 960 1330 statim,
980 1292 1020 1322 at
1038 1286 1152 1336 paulo
1173 1291 1272 1335 post,
1296 1284 1325 1321 si
1347 1283 1598 1320 calumniato-

153 1365 230 1389 rem
251 1351 409 1388 ditatum
430 1348 622 1393 viderem,
639 1361 699 1385 me
718 1361 805 1385 vero
827 1347 1030 1397 spoliatum
1049 1347 1092 1383 iis
1113 1359 1198 1396 quae
1219 1352 1306 1397 post
1325 1344 1428 1382 obita.
1446 1357 1600 1382 munera

155 1412 306 1463 publica.
333 1410 477 1460 reliqua
504 1408 595 1446 mihi
624 1407 725 1446 feci?
782 1409 893 1453 Eum,
922 1407 987 1457 qui
1016 1420 1211 1457 nunquam
1241 1406 1358 1442 ullum
1397 1419 1464 1455 pro
1494 1406 1599 1443 vobis

153 1472 363 1524 periculum
384 1471 488 1516 adiit,
507 1471 593 1521 plus
613 1483 726 1521 posse
747 1476 783 1507 et
801 1469 951 1520 legibus
973 1475 1010 1506 et
1029 1468 1236 1506 foederibus
1253 1483 1263 1511 ;
1292 1480 1351 1504 me
1368 1480 1472 1513 vero,
1492 1467 1601 1517 cujus

156 1541 303 1574 tantum
325 1533 492 1571 studium
512 1533 548 1570 in
569 1532 756 1583 rempubl.
778 1531 938 1576 exstitit,
958 1531 1010 1568 ita
1029 1530 1220 1568 contemni
1241 1536 1282 1567 ut
1302 1529 1427 1580 nejus
1448 1529 1602 1578 quidem

154 1609 283 1633 meum
302 1593 543 1644 consequar?
600 1593 695 1637 Quis
716 1606 806 1631 vero
827 1605 892 1630 vos
913 1605 990 1629 non
1007 1591 1315 1643 reprehenderet,
1332 1591 1362 1628 si
1379 1590 1603 1628 Callimachi

156 1656 279 1695 verbis
310 1655 467 1694 adducti
495 1661 612 1692 tantae
642 1667 711 1692 nos
745 1653 997 1705 improbitatis
1025 1652 1269 1698 damnaretis,
1292 1665 1388 1702 quos
1410 1651 1557 1703 judicio
1583 1665 1604 1689 e

157 1731 199 1756 re
224 1718 307 1769 ipsa
332 1718 433 1755 facto
458 1723 612 1768 propter
637 1716 898 1754 fortitudinem
923 1715 1148 1761 coronastis,
1169 1728 1244 1765 quo
1267 1721 1438 1765 tempore
1457 1714 1607 1751 nonita

158 1779 270 1817 facile
298 1786 378 1817 erat
407 1784 449 1815 ut
476 1791 576 1816 nunc
613 1777 729 1816 istum
767 1778 950 1815 honorem
983 1777 1199 1828 consequi?
1256 1776 1446 1813 Usuvenit
1476 1782 1603 1813 autem

159 1841 268 1879 nobis
285 1840 476 1878 diversum
493 1839 675 1889 quiddam
696 1841 743 1877 ab
762 1839 869 1877 aliis:
901 1839 1028 1877 caeteri
1047 1839 1146 1876 enim
1168 1851 1322 1876 suorum
1336 1838 1605 1876 beneficiorum

162 1905 379 1944 memoriam
405 1917 586 1942 renovare
610 1904 772 1942 dicendo
797 1903 935 1947 solent,
955 1916 1023 1941 nos
1043 1916 1132 1941 vero
1152 1903 1388 1955 postulamus
1407 1909 1450 1940 ut
1468 1909 1606 1940 vestrae

163 1967 200 2004 in
222 1980 292 2004 nos
312 1965 575 2005 beneficentiae
595 1965 858 2010 recordemini,
874 1978 949 2016 quo
968 1978 1014 2003 ea
1033 1965 1142 2016 quasi
1161 1964 1378 2003 testimonio
1399 1963 1448 2001 sit
1466 1970 1606 2002 nostrae

162 2028 320 2066 orationi
340 2027 533 2078 totiusque
552 2026 641 2064 vitae
660 2033 801 2064 nostrae
822 2027 1006 2064 rationem
1027 2026 1221 2064 ostendat.
1278 2026 1413 2076 Neque
1431 2039 1520 2063 vero
1539 2027 1607 2064 ob-

164 2103 317 2128 scurum
340 2096 411 2134 est,
432 2103 510 2127 non
533 2089 619 2127 ideo
639 2102 708 2126 nos
732 2090 806 2127 isto
824 2089 968 2127 honore
989 2089 1099 2140 potiri
1120 2089 1328 2134 studuisse,
1348 2095 1390 2126 ut
1409 2089 1446 2126 in
1467 2089 1607 2140 oligar-

165 2152 251 2190 chia
278 2165 370 2203 opes
396 2151 555 2189 aliorum
583 2150 846 2202 diriperemus,
867 2151 935 2188 sed
961 2157 1005 2188 ut
1029 2151 1122 2188 urbe
1147 2158 1372 2189 conservata
1395 2158 1433 2188 et
1459 2150 1520 2188 alii
1539 2164 1609 2188 sua

165 2219 343 2252 tenerent
371 2220 410 2251 et
441 2212 548 2250 nobis
580 2212 783 2250 multitudo
818 2211 954 2250 civium
989 2212 1147 2262 gratiam
1180 2212 1359 2255 deberet;
1394 2225 1509 2262 quam
1540 2225 1609 2249 nos

167 2288 268 2313 nunc
297 2275 543 2326 reposcimus,
567 2286 642 2311 non
669 2273 707 2311 id
734 2279 951 2325 quaerentes
980 2279 1022 2311 ut
1047 2286 1160 2324 aequo
1188 2272 1272 2324 plus
1298 2272 1520 2317 habeamus,
1541 2272 1609 2311 sed

165 2336 261 2374 illud
288 2335 545 2381 declarantes,
563 2347 633 2373 nos
656 2348 728 2373 nec
751 2334 926 2385 injuriam
950 2335 1075 2373 facere
1094 2334 1269 2385 cuiquam
1295 2334 1316 2354 *
1335 2334 1355 2354 *
1375 2333 1395 2353 ⁵¹*
1415 2334 1610 2385 jusjuran-

168 2397 257 2435 dum
277 2409 321 2435 ac
341 2397 488 2434 foedera
507 2403 716 2434 servantes.
772 2395 1052 2434 Perabsurdum
1072 2397 1173 2434 enim
1192 2404 1307 2440 esset,
1323 2409 1366 2433 ea
1381 2403 1462 2432 rata
1482 2395 1611 2432 haberi

170 2458 219 2496 ad
244 2457 500 2496 absolvendos
526 2471 591 2496 eos
621 2457 686 2508 qui
711 2463 843 2496 contra
868 2458 1054 2508 rempubl.
1074 2458 1261 2502 fecerunt,
1282 2457 1318 2494 in
1343 2457 1454 2494 nobis
1483 2462 1610 2494 autem

169 2519 234 2570 qui
257 2519 479 2557 benemeriti
507 2532 638 2557 sumus
665 2531 815 2556 omnem
841 2519 1014 2557 amittere
1033 2519 1311 2557 auctoritatem.
1369 2518 1507 2568 Operae
1527 2530 1611 2568 pre·

171 2581 264 2619 tium
291 2587 419 2618 autem
446 2588 505 2618 est
529 2581 631 2618 hunc
657 2593 781 2618 rerum
808 2586 950 2618 statum
975 2580 1085 2624 tueri,
1106 2587 1142 2618 et
1167 2578 1490 2617 considerandum
1517 2578 1611 2616 alias

173 2642 283 2679 urbes
307 2642 452 2679 foedera
476 2642 513 2680 in
538 2642 743 2680 seditiones
763 2641 843 2692 jam
870 2641 955 2679 inde
983 2641 1205 2691 conjecisse,
1226 2647 1364 2678 nostrae
1385 2641 1432 2677 ad
1453 2652 1610 2678 concor-

175 2702 275 2740 diam
291 2703 505 2754 augendam
525 2704 723 2755 profuisse.
782 2703 878 2741 Haec
898 2702 1010 2753 igitur
1031 2702 1244 2739 meminisse
1264 2701 1427 2747 debetis,
1445 2708 1485 2740 ut
1499 2702 1611 2740 simul

176 2770 215 2802 et
232 2777 319 2814 quae
334 2764 438 2814 justa.
457 2773 546 2804 sunt
564 2772 602 2804 et
622 2764 839 2816 reipublicae
859 2764 1083 2802 conducunt
1101 2762 1328 2801 decernatis.
