1870 3277
742 169 1120 207 HORTATORIA.
1575 165 1651 201 493

480 341 693 384 ADHUC
726 340 1004 383 EJUSDEM
1039 340 1121 381 DE
1154 340 1385 382 IISDEM.

271 466 304 501 1.
332 464 428 501 Tum
454 464 625 515 auspicia
644 470 682 501 et
704 471 791 501 exta
814 469 978 512 augusta
998 469 1100 507 sunt,
1121 469 1200 499 tum
1219 469 1344 499 vester
1363 475 1515 513 quoque
1536 475 1651 514 appa·

213 534 318 564 ratus
347 533 446 564 reete
472 539 512 563 se
536 526 671 563 habet:
702 523 882 574 quocirca
903 536 1048 574 gnavos
1067 523 1269 574 praebeatis
1290 536 1357 560 vos
1377 531 1540 574 oportet.
1595 526 1651 562 Ac

214 587 376 632 debetis,
411 594 656 638 posteaquam
689 598 756 636 pro
788 593 915 623 vestra
942 585 1035 622 estis
1072 585 1195 635 patria
1232 584 1485 635 depugnaturi
1521 593 1559 622 et
1589 585 1655 623 filii

214 648 398 698 majorum
418 649 603 685 bonorum
628 646 734 691 estis,
754 646 814 683 vel
839 659 925 684 esse
953 646 1062 691 tales,
1081 646 1141 683 vel
1170 645 1303 683 melius
1335 646 1474 695 aliquid
1507 659 1653 695 parare.

214 709 468 752 Quamobrem
489 720 560 746 nec
580 709 693 745 verba
712 720 783 744 nec
809 708 912 744 facta
941 706 1185 756 negligenda,
1208 719 1332 756 neque
1356 719 1422 744 eos
1445 707 1509 756 qui
1535 707 1656 757 parati

216 778 306 808 sunt
333 771 501 808 excitare
528 768 917 820 praetermittendum:
948 769 987 806 id
1007 770 1110 818 quod
1130 769 1188 805 vel
1214 768 1374 806 maxime
1397 768 1486 805 mihi
1511 769 1655 806 facien-

215 831 305 868 dum
334 831 493 868 videtur.
551 831 627 874 Qui
654 830 754 867 enim
782 830 897 867 fortes
925 842 1009 867 esse
1037 830 1184 873 nolunt,
1209 842 1272 866 eos
1296 829 1514 869 frustravel
1534 830 1656 866 verbis

215 893 272 930 vel
295 893 404 931 factis
431 893 577 930 coneris
601 892 716 930 fortes
743 892 913 934 efficere:
945 892 1009 941 qui
1029 899 1155 928 autem
1175 891 1335 940 cupiunt
1354 896 1393 928 et
1410 889 1554 934 volunt,
1577 903 1654 928 non

214 955 317 993 item.
374 954 510 992 Omnis
536 954 635 991 enim
665 967 722 991 res
750 953 982 998 incrementi,
1002 952 1125 989 donec
1145 952 1194 989 ad
1217 952 1330 990 finem
1351 952 1579 1002 pervenerit,
1600 958 1659 989 est

214 1029 360 1067 capax:
390 1029 436 1054 ac
465 1016 669 1066 plurimum
694 1015 744 1052 ibi
764 1015 941 1052 virtutem
964 1027 1150 1060 crescere,
1168 1014 1234 1051 ubi
1253 1013 1416 1050 maxime
1435 1013 1599 1062 praemiis
1619 1021 1658 1050 et

216 1077 392 1115 laudibus
423 1077 634 1120 extollitur,
665 1077 806 1113 videas.
864 1076 1055 1119 Quocirca
1073 1075 1246 1125 —quod
1273 1075 1387 1112 modo
1415 1074 1587 1112 dicebam
1606 1097 1658 1103 —-

215 1151 328 1176 nemo
345 1146 507 1176 vestrum
525 1138 727 1188 quicquam
743 1138 811 1175 sibi
830 1137 977 1187 parabit
992 1137 1141 1174 melius.
1190 1137 1317 1180 Quare
1338 1135 1369 1172 si
1389 1148 1490 1173 nunc
1507 1149 1658 1187 quoque

216 1199 273 1237 sic
290 1207 329 1237 et
343 1213 475 1237 omnes
491 1200 582 1237 estis
597 1207 636 1236 et
653 1199 792 1249 singuli
810 1199 962 1235 animati
983 1206 1025 1235 ut
1043 1197 1252 1235 fortitudini
1273 1210 1316 1235 ac
1337 1197 1511 1246 dignitati
1525 1205 1658 1236 vestrae

217 1261 369 1298 studere
399 1261 573 1311 cupiatis,
601 1273 676 1298 non
704 1267 780 1297 tam
803 1272 868 1297 vos
896 1259 1025 1304 laedet,
1048 1259 1078 1296 si
1096 1259 1272 1296 virtutem
1291 1266 1453 1296 vestram
1480 1272 1522 1296 ac
1547 1260 1658 1297 simul

217 1330 256 1360 et
282 1323 467 1373 majorum
493 1329 531 1359 et
553 1322 721 1359 hostium
740 1330 966 1365 vestrorum,
984 1333 1100 1372 quam
1117 1333 1184 1371 per
1204 1334 1270 1358 vos
1290 1320 1476 1368 obtinent,
1497 1321 1660 1370 dignita—

216 1390 292 1421 tem
321 1383 591 1433 cognoveritis,
610 1396 726 1433 quam
751 1382 914 1433 juvabit.
971 1382 1098 1419 Vestri
1127 1383 1226 1419 enim
1252 1390 1291 1419 et
1316 1382 1459 1431 antiqui
1483 1389 1660 1432 parentes

216 1444 386 1481 celebres
409 1443 506 1480 inter
524 1443 682 1480 Graecos
702 1444 750 1480 ob
771 1442 950 1480 virtutem
971 1443 1137 1486 fuerunt,
1156 1451 1194 1479 et
1212 1442 1314 1479 novi.
1371 1442 1492 1492 Cujus
1511 1442 1585 1480 hoc
1604 1450 1664 1481 est

215 1505 268 1544 rei
294 1504 568 1543 testimonium.
625 1503 779 1554 Reliqui
808 1503 886 1541 fere
908 1502 1035 1540 Graeci
1060 1503 1188 1541 cuncti
1215 1504 1292 1540 suis
1319 1503 1471 1554 expulsi
1492 1504 1662 1550 sedibus,

216 1572 255 1603 et
273 1565 355 1603 aliis
370 1577 516 1602 rursum
535 1564 682 1614 ejectis,
699 1563 890 1613 regionem
906 1576 1013 1601 suam
1031 1563 1171 1614 singuli
1185 1563 1395 1614 possident.
1439 1564 1518 1601 Vos
1533 1571 1660 1602 autem

217 1626 360 1676 duplex
387 1625 498 1663 editis
525 1625 596 1662 hac
625 1624 661 1661 in
686 1637 724 1662 re
743 1624 893 1662 virtutis
919 1624 1136 1674 specimen:
1168 1637 1256 1661 nam
1277 1637 1347 1662 nec
1368 1625 1415 1661 ab
1435 1624 1515 1662 aliis
1533 1625 1660 1676 ejecti,

219 1700 289 1725 nec
309 1687 392 1724 aliis
411 1686 553 1735 eiectis,
572 1699 704 1736 agrum
721 1692 886 1723 vestrum
905 1685 1092 1729 incolitis;
1121 1699 1281 1736 quorum
1301 1685 1396 1722 illud
1416 1686 1661 1733 fortitudinis,

219 1750 292 1787 hoc
315 1749 474 1800 justitiae
497 1748 613 1786 decus
641 1747 774 1798 patriae
800 1747 990 1785 conciliat.
1046 1748 1173 1797 Atque
1198 1746 1280 1784 haec
1306 1756 1396 1784 sunt
1419 1747 1660 1798 antiquorum

218 1817 415 1863 parentum
435 1809 583 1848 virtutis
607 1809 770 1846 indicia:
801 1821 983 1846 noverum
1003 1821 1092 1845 vero
1110 1815 1193 1845 tum
1212 1807 1288 1845 alia
1307 1808 1438 1853 multa,
1460 1816 1539 1846 tum
1558 1810 1661 1859 quod

217 1873 414 1910 barbarico
447 1872 630 1909 cedentes
664 1869 847 1908 exercitui
877 1883 961 1907 cum
992 1870 1116 1907 liberis
1148 1869 1283 1920 patria,
1316 1869 1508 1907 Salamine
1540 1883 1663 1908 erum—

217 1943 354 1986 pentes
375 1934 564 1970 Graeciam
596 1940 715 1970 totam
746 1932 926 1969 servastis
956 1939 1071 1982 atque
1095 1932 1165 1969 hos
1192 1944 1268 1969 una
1286 1931 1350 1982 qui
1371 1945 1473 1969 nunc
1494 1945 1534 1969 se
1554 1933 1661 1971 vobis

220 2003 430 2047 opponunt.
487 1995 520 2032 Ο
537 2007 720 2045 magnam
731 1993 963 2044 impietatem
982 1995 991 2032 Ξ
1021 2006 1108 2031 cum
1129 1993 1352 2031 liberatores
1373 1992 1558 2031 invadunt
1577 1994 1665 2032 libe-

165 2062 175 2072 '
220 2058 307 2103 rati,
335 2064 375 2095 et
405 2070 491 2094 cum
519 2056 707 2094 servitutis
743 2054 961 2092 auctoribus
995 2054 1199 2105 subjugare
1231 2061 1380 2104 parant,
1412 2067 1497 2091 cum
1528 2054 1664 2093 vestris

189 2126 195 2130 '
221 2119 361 2163 servis3
393 2132 437 2156 ac
464 2118 579 2168 longe
607 2130 717 2155 secus
744 2129 857 2167 quam
884 2116 997 2153 vestri
1023 2116 1183 2166 majores
1211 2115 1367 2158 faciunt,
1393 2115 1457 2165 qui
1486 2116 1662 2166 Spartam

220 2181 309 2219 olim
335 2187 469 2218 contra
493 2192 623 2217 servos
652 2179 891 2216 imminentes
913 2177 1109 2228 juverunt,
1128 2189 1215 2214 cum
1240 2176 1392 2227 quidam
1415 2177 1461 2214 ab
1482 2177 1554 2215 illis
1574 2190 1662 2215 cum

223 2249 327 2280 veste
347 2253 538 2292 purpurea
557 2240 730 2291 petiisset
748 2238 929 2276 auxilium
945 2246 983 2276 et
998 2251 1046 2275 ne
1063 2237 1239 2288 Spartam
1255 2238 1495 2288 subjugatam
1511 2246 1665 2289 prseter-

223 2303 378 2340 videant
407 2308 567 2339 orasset.
626 2301 715 2338 Hoc
743 2299 822 2350 jam
853 2298 957 2336 vobis
988 2298 1216 2335 maleficium
1245 2311 1313 2348 pro
1343 2298 1408 2335 illo
1433 2299 1600 2336 referunt
1625 2299 1662 2335 hi

221 2364 421 2408 beneficio,
439 2375 534 2413 quos
554 2368 678 2399 vestra
692 2361 809 2398 virtus
831 2360 928 2398 tales
946 2359 1077 2410 quales
1091 2359 1227 2397 videtis
1247 2359 1384 2404 effecit,
1404 2372 1449 2397 ac
1469 2359 1663 2409 regionem

223 2432 384 2463 vestram
410 2431 560 2461 vastant
577 2429 615 2460 et
644 2435 773 2459 servos
801 2421 963 2458 liberant
991 2426 1102 2470 atque
1131 2427 1267 2458 contra
1293 2433 1360 2457 vos
1387 2427 1523 2470 praeter
1540 2420 1663 2471 legem

223 2495 339 2536 atque
369 2485 511 2522 foedera
540 2483 759 2534 producunt
788 2482 826 2519 in
857 2482 990 2527 aciem,
1017 2494 1113 2531 quos
1148 2494 1223 2518 non
1255 2481 1419 2519 decebat
1451 2482 1665 2520 Heraclidis

224 2546 386 2584 ducibus
406 2545 574 2582 Atticum
593 2556 725 2593 agrum
745 2555 831 2580 cum
853 2542 1053 2580 hostilibus
1075 2543 1184 2579 armis
1205 2542 1477 2579 conscendere.
1524 2542 1664 2580 Verum

226 2623 296 2648 nec
314 2610 407 2647 deos
427 2613 645 2646 reverentur
666 2619 735 2644 nec
761 2606 955 2643 homines:
986 2606 1123 2655 alioqui
1152 2618 1345 2656 nunquam
1375 2605 1457 2643 haec
1483 2606 1663 2645 facerent.

228 2671 278 2708 At
296 2683 362 2708 vos
382 2683 463 2715 eos,
485 2670 515 2707 si
535 2669 585 2707 dii
607 2668 751 2712 volunt,
771 2667 948 2718 punietis.

280 2733 317 2769 2.
347 2732 435 2769 Hoc
463 2731 576 2781 igitur
605 2730 784 2780 cogitate,
802 2741 871 2766 vos
891 2741 937 2765 ex
957 2735 1081 2765 vestra
1101 2728 1193 2765 urbe
1215 2728 1251 2764 in
1270 2740 1438 2778 pugnam
1458 2729 1624 2779 prodire,
1645 2745 1666 2768 a

227 2793 343 2830 Vesta
362 2798 519 2842 paterna
533 2791 678 2841 diisque
698 2797 777 2828 tum
799 2789 882 2827 aliis
899 2797 976 2827 turn
993 2788 1164 2826 civilibus
1179 2789 1382 2838 profectOS,
1400 2803 1469 2828 nec
1482 2792 1663 2840 majorum

224 2852 435 2891 homicidas
457 2864 554 2896 esse,
573 2851 637 2889 sed
658 2863 785 2888 eornm
807 2862 920 2887 causa
942 2861 1071 2899 preces
1091 2849 1224 2886 vestris
1245 2848 1316 2886 diis
1335 2849 1532 2894 obtulisse,
1553 2858 1664 2901 atque

224 2916 275 2952 ita
299 2921 376 2951 tum
406 2913 560 2950 deorum
580 2920 657 2948 tum
683 2912 898 2948 daemonum
924 2910 1062 2947 habere
1089 2910 1294 2946 vindictam
1322 2911 1555 2961 adjutricem.
1615 2913 1663 2949 At
