1870 3277
275 160 352 193 400
547 159 665 195 lsAE}
696 159 767 196 DE
798 159 1079 197 ASTYPHILI
1104 159 1464 198 HEREDITATE.

277 258 449 295 nimirum
472 259 588 295 fllium
611 261 663 297 ait
683 274 792 298 suum
815 262 862 298 al)
884 262 1085 311 Astyphilo
1113 274 1197 297 esse
1220 262 1440 312 adoptatum
1464 263 1717 311 herede-inque

275 321 459 356 bonorum
481 320 646 359 dictum:
678 335 750 372 ego
771 336 858 360 vero
878 336 1019 360 merum
1042 323 1113 359 hoc
1142 323 1200 359 aio
1226 335 1307 360 esse
1337 323 1586 364 mendacium„
1610 323 1716 359 mihi-

271 394 346 431 que
373 382 444 419 soli
469 384 572 421 bona
592 384 782 435 Astyphili
802 385 927 422 omnia
946 392 1176 434 competere,
1197 385 1260 434 qui
1285 397 1367 421 sum
1398 385 1478 434 ejus
1509 385 1646 425 frater:
1678 383 1714 419 id

271 444 377 493 quod
402 445 514 483 etiam
547 445 582 482 hi
615 447 757 496 [Cleon
789 452 829 483 et
854 446 936 497 ejus
964 444 1186 496 consortes]
1210 453 1360 483 norunt.
1418 445 1713 496 Adoptationem

269 504 374 542 illam
403 505 543 557 itaque,
564 507 644 552 viri,
665 514 785 544 ratam
820 508 1011 545 sententia
1037 515 1174 552 vestra,
1201 520 1346 557 quaeso,
1376 520 1421 544 ne
1452 507 1578 551 facite,
1599 519 1713 556 quam

270 565 396 605 facere
415 568 619 619 Astyphilo
640 567 770 605 adhuc
790 569 984 619 superstiti
1004 582 1051 606 ne
1071 569 1107 606 in
1129 577 1295 606 mentem
1317 568 1471 618 quidem
1496 568 1615 610 venit;
1647 568 1714 605 sed

269 639 426 679 operam
446 629 548 675 date,
568 643 663 680 quas
683 630 789 680 leges
810 630 881 681 ipsi
901 638 1048 668 vosmet
1068 630 1226 668 curastis
1248 630 1336 667 huic
1367 629 1509 667 civitati
1539 629 1715 679 praescri-

270 690 418 728 bendas
439 698 552 742 atque
573 691 744 737 tuemini,
763 699 805 728 ut
833 705 888 730 eae
915 692 1004 729 mihi
1032 705 1187 742 quoque
1212 700 1303 729 ratae
1325 693 1401 728 sint
1421 698 1535 740 atque
1555 690 1713 727 validae:

270 764 357 788 nam
376 765 397 790 e
417 752 545 803 legum
568 754 788 804 praescripto
809 753 910 790 hanc
936 767 1009 804 ego
1036 753 1124 790 mihi
1156 767 1291 803 arrogo
1324 753 1589 797 hereditatem,
1608 753 1714 789 obte-

270 819 425 863 storque
444 827 526 860 vos,
546 828 632 865 quae
660 822 721 852 est
746 814 947 852 obtestatio
975 815 1143 852 omniurn
1162 815 1377 865 justissima
1405 823 1519 865 atque
1551 814 1713 850 sanctis-

269 875 379 920 sima,
401 883 441 913 ut
467 876 649 914 heredem
679 890 739 914 me
772 877 960 914 bonorum
992 877 1117 914 fratris
1148 876 1405 914 constituatis.
1470 876 1715 914 Demonstra-

269 944 348 974 tum
383 937 483 974 enim
521 938 628 975 vobis
665 938 754 975 dedi
786 938 1032 989 Astyphilum
1068 938 1170 974 bona
1203 951 1272 975 sua
1305 938 1443 975 nemini
1476 938 1641 987 legasse,
1675 944 1713 974 et

265 1012 504 1049 quaecunque
525 998 718 1045 affirmavi,
735 1013 864 1037 eorum
886 999 1055 1037 omnium
1071 1006 1190 1037 testes
1210 999 1363 1036 exhibui
1382 1007 1557 1036 auctores
1577 1011 1712 1048 graves

265 1068 381 1111 atque
402 1061 573 1100 idoneos.
614 1061 858 1112 Quapropter
878 1060 1035 1099 tuemini
1056 1073 1115 1098 me
1136 1069 1252 1112 atque
1273 1061 1482 1098 succurrite
1505 1059 1592 1096 mihi
1613 1059 1712 1110 peri-

264 1123 430 1161 clitanti:
463 1123 644 1161 facundia
670 1123 700 1160 si
729 1123 854 1161 Cleon
874 1123 965 1160 mihi
987 1129 1152 1172 praestat,
1176 1122 1289 1160 facite
1308 1135 1356 1159 ne
1376 1121 1467 1172 quid
1488 1122 1521 1159 ei
1541 1121 1624 1158 haec
1654 1120 1711 1157 sa-

266 1185 408 1222 cundia
434 1185 568 1236 prosit,
593 1198 615 1222 a
646 1185 796 1235 legibus
827 1191 866 1222 et
892 1185 939 1222 ab
970 1197 1082 1234 aequo
1111 1184 1195 1234 jure
1228 1184 1400 1221 deserta:
1431 1190 1581 1220 vosmet
1607 1182 1709 1232 ipsos

260 1259 385 1284 rerum
403 1246 571 1284 omnium
591 1246 751 1284 arbitros
765 1246 1000 1284 constituite.
1059 1246 1157 1283 Nam
1177 1246 1225 1283 ob
1247 1245 1318 1283 hoc
1338 1245 1460 1296 ipsum
1482 1244 1519 1281 in
1541 1244 1710 1281 tribuna—

262 1308 314 1345 lia
332 1308 622 1359 congredimini‚
635 1321 711 1358 quo
725 1308 916 1346 ferocibus
937 1315 1053 1358 atque
1072 1307 1283 1345 audacibus
1304 1306 1541 1358 impudentia
1557 1319 1604 1342 ne
1619 1305 1710 1355 quid

262 1369 394 1420 prosit,
415 1371 483 1408 sed
505 1370 763 1407 indisertiores
783 1382 937 1419 quoque
956 1370 1004 1406 de
1028 1370 1116 1420 jure
1137 1368 1370 1406 contendere
1392 1368 1569 1412 audeant,
1591 1368 1709 1418 probe

262 1431 371 1480 gnari
400 1431 462 1468 alii
492 1431 586 1468 nulli
615 1431 666 1468 rei
691 1444 804 1481 quarn
838 1443 949 1481 aequo
975 1431 1052 1480 juri
1072 1443 1182 1480 aequa
1213 1430 1323 1468 lance
1353 1429 1615 1480 dispensando
1644 1442 1708 1467 vos

261 1492 427 1529 animum
457 1492 670 1530 attendere.
722 1491 878 1530 Mecum
913 1493 1057 1541 itaque,
1082 1491 1252 1542 judices,
1284 1498 1420 1534 estote,
1450 1503 1592 1541 quaesQ
1620 1504 1709 1528 con-

259 1553 595 1603 siderantes,quot
615 1561 654 1591 et
671 1559 816 1603 quanta
834 1553 916 1590 sitis
934 1553 1034 1590 mala
1054 1553 1228 1597 creaturi,
1247 1552 1276 1589 si
1294 1552 1505 1591 secundum
1524 1552 1706 1589 Cleonem

258 1614 362 1652 litem
385 1615 569 1652 dederitis
589 1616 636 1652 ab
657 1628 703 1652 eo
731 1614 869 1651 delusi.
925 1615 1094 1652 Primum
1127 1615 1227 1652 enim
1259 1615 1297 1652 id
1325 1615 1509 1652 facientes
1536 1614 1707 1652 efficiatis

258 1683 314 1721 ut,
336 1676 400 1727 qui
422 1676 625 1728 Astyphilo
653 1676 780 1714 adhuc
809 1677 1003 1727 superstiti
1032 1677 1268 1715 infestissimi
1296 1678 1449 1716 fuerunt
1469 1684 1508 1715 et
1527 1691 1623 1729 quos
1644 1677 1708 1715 ille

261 1739 431 1776 omnium
452 1738 640 1776 dirissime
661 1738 904 1784 abhorrebat,
930 1739 967 1776 hi
993 1739 1042 1776 ad
1069 1739 1235 1777 tumulos
1263 1739 1421 1790 ejusque
1441 1740 1707 1790 majorumque

259 1799 447 1837 accedant
474 1807 514 1837 et
543 1813 654 1837 sacra
678 1800 909 1851 participent
937 1813 1099 1851 quorum
1129 1800 1191 1838 ille
1216 1801 1409 1851 quondam
1431 1813 1590 1838 consors
1611 1801 1707 1837 fuit:

257 1861 396 1899 deinde
421 1862 606 1900 mandata
634 1861 893 1913 Euthycratis,
923 1862 1040 1913 patris
1069 1862 1276 1913 Astyphili‚
1296 1862 1400 1900 irrita
1426 1862 1589 1908 faciatis,
1615 1876 1703 1912 quae

254 1923 482 1975 Astypliilus
510 1924 614 1975 prius
644 1931 818 1962 mortuus
850 1931 911 1962 est
939 1937 1054 1975 quam
1084 1924 1285 1975 migraret:
1324 1925 1489 1975 denique
1520 1924 1705 1962 defuncto

255 1985 461 2037 Astyphilo
487 1986 586 2024 hanc
613 1986 773 2024 inuratis
803 1986 1009 2031 maculam,
1034 1993 1076 2024 ut
1107 1986 1278 2024 stultitiae
1311 2000 1397 2024 eum
1428 1986 1630 2030 damnem,
1649 1986 1704 2024 di-

252 2059 452 2098 gnumque
472 2047 675 2085 declaretis
696 2047 888 2085 sententia
906 2057 1033 2086 vestra
1051 2061 1167 2098 quem
1185 2048 1359 2086 homines
1372 2061 1505 2086 omnes
1517 2047 1702 2086 furiosum

255 2114 359 2146 aiant
389 2108 523 2146 fuisse.
581 2108 675 2160 Ejus
704 2110 804 2147 enim
829 2110 948 2147 filium
970 2110 1000 2147 si
1021 2109 1090 2147 sibi
1110 2110 1303 2161 adoptarit
1322 2110 1384 2160 qui
1407 2109 1500 2160 patri
1521 2122 1591 2147 suo
1611 2109 1702 2147 fuis-

254 2175 315 2207 set
340 2169 636 2215 inimicissimus,
661 2171 773 2222 ecqui
800 2170 917 2209 faciat
949 2171 1155 2221 quominus
1176 2171 1410 2209 audientium
1436 2171 1573 2221 cuique
1605 2171 1702 2208 desi-

251 2230 382 2280 puisse
399 2231 572 2269 videatur
587 2238 654 2269 aut
675 2239 838 2270 mentem
855 2233 1033 2270 habuisse
1054 2233 1161 2270 malis
1175 2232 1303 2271 herbis
1316 2231 1567 2271 fascinatam?
1596 2232 1698 2270 Tan-

252 2290 342 2329 dem
362 2306 421 2330 me
442 2306 608 2344 quoque,
628 2294 708 2339 viri,
728 2294 792 2344 qui
813 2295 948 2332 eadem
974 2295 1009 2332 in
1028 2295 1145 2333 domo
1164 2294 1378 2346 eademque
1407 2294 1605 2345 disciplina
1625 2300 1702 2345 qua
1726 2317 1728 2320 ·

252 2354 478 2405 Astyphilus
498 2354 568 2393 sim
587 2354 776 2393 educatus
797 2355 957 2406 ejusque
979 2357 1048 2394 sim
1069 2357 1199 2403 frater,
1218 2355 1414 2408 patiamini
1438 2356 1548 2394 bonis
1573 2355 1699 2394 fratris

251 2429 275 2454 a
294 2416 438 2455 Cleone
459 2416 625 2468 spoliari.
657 2416 786 2460 Quare
802 2430 867 2454 vos
882 2417 993 2454 etiam
1010 2426 1126 2468 atque
1142 2418 1256 2456 etiarn
1278 2431 1385 2468 rogo,
1397 2417 1567 2469 judices,
1584 2424 1698 2468 atque

251 2477 427 2529 supplico
446 2478 550 2516 litem
571 2486 614 2515 ut
632 2478 844 2516 secundum
866 2491 928 2516 me
949 2480 1226 2530 quoquomodo
1245 2479 1358 2517 detis,
1416 2479 1473 2516 Ita
1493 2478 1593 2517 enim
1613 2485 1695 2516 tum

250 2539 455 2591 Astyphilo
474 2540 782 2591 gratificabimini
803 2549 881 2578 tum
900 2554 923 2579 a
940 2554 1000 2578 me
1019 2554 1172 2592 quoque
1192 2541 1365 2592 injuriam
1386 2539 1576 2578 arcebitis.
