1870 3277
688 483 1227 541 ISOCRATIS

597 631 635 678 P
681 631 718 679 L
761 632 804 679 A
848 631 889 679 T
932 632 1042 680 ΑΙ
1089 633 1129 681 C
1178 633 1221 680 U
1266 633 1314 680 S.

896 761 1024 768 —-—.

286 837 320 874 l.
350 839 490 880 Quum
522 838 704 886 sciamus,
726 839 998 885 Athenienses,
1021 853 1089 878 vos
1120 846 1159 878 et
1187 839 1337 878 affectis
1371 839 1509 891 injuria
1534 839 1698 877 libenter

225 898 404 949 opitulari
425 899 560 938 solitos
582 907 620 938 et
640 913 709 952 pro
731 903 901 952 acceptis
920 901 1120 939 beneficiis
1140 901 1336 939 cumulate
1359 901 1497 939 referre
1519 900 1698 950 gratiam,

226 961 400 998 venimus
422 961 674 1011 supplicaturi
704 976 751 1000 ne
786 976 856 997 nos
882 969 1054 1011 tempore
1076 962 1183 1010 pacis
1203 961 1326 1010 patrio
1349 962 1432 999 solo
1454 974 1476 998 a
1505 961 1700 998 Thebanis

225 1021 361 1072 pulsos
382 1022 605 1071 negligatis.
663 1021 746 1058 Etsi
767 1027 894 1058 autem
909 1021 991 1071 jam
1020 1021 1130 1058 multi
1155 1021 1204 1058 ad
1227 1028 1392 1059 vestram
1424 1022 1539 1059 fidem
1561 1022 1698 1059 confu-

226 1088 368 1133 gerunt
396 1087 434 1119 et
453 1081 583 1118 omnia
601 1094 689 1131 quae
708 1081 900 1132 petierant
921 1081 1052 1131 adepti
1074 1088 1178 1127 sunt,
1202 1095 1334 1120 curam
1354 1090 1482 1120 tamen
1505 1082 1608 1121 urbis
1630 1095 1700 1120 no-

225 1150 316 1182 strae
331 1143 439 1182 vobis
455 1143 492 1180 in
510 1143 641 1194 primis
662 1150 844 1195 putamus
861 1143 1173 1194 suscipiendam:
1204 1157 1279 1182 nec
1300 1145 1402 1182 enirn
1419 1145 1531 1190 ullos,
1552 1145 1617 1195 qui
1640 1143 1700 1182 vel

225 1205 406 1257 injustius
424 1218 540 1255 quam
553 1217 624 1243 nos
644 1205 760 1243 tantis
777 1204 1064 1243 calamitatibus
1081 1205 1158 1243 sint
1177 1206 1364 1256 oppressi,
1379 1207 1436 1244 vel
1455 1206 1520 1256 qui
1535 1213 1703 1244 vestram

224 1268 359 1306 urbem
386 1267 532 1305 diutius
565 1272 604 1304 et
634 1266 785 1304 fidelius
817 1266 1021 1312 coluerint,
1043 1266 1257 1305 invenietis.
1317 1267 1374 1305 Ea
1394 1275 1583 1318 praeterea
1602 1268 1700 1318 peti-

225 1329 300 1367 turi
334 1341 483 1374 sumus,
503 1340 591 1378 quae
623 1333 666 1365 ut
697 1326 856 1378 periculi
889 1340 1045 1378 prorsus
1076 1328 1169 1365 nihil
1200 1328 1359 1373 habent,
1391 1329 1443 1366 ita
1472 1329 1503 1366 si
1535 1341 1557 1366 a
1589 1328 1699 1366 vobis

224 1389 571 1440 impetraverimus,
592 1401 727 1427 omnes
748 1401 816 1426 vos
845 1388 1109 1427 sanctissimos
1144 1396 1183 1427 et
1204 1389 1445 1441 justissimos
1475 1389 1701 1427 Graecorum

218 1451 467 1504 judicabunt.

280 1516 319 1552 2.
350 1514 468 1558 Quod
487 1514 518 1552 si
537 1513 742 1551 Thebanos
763 1513 920 1551 omnino
941 1513 994 1551 ita
1020 1526 1105 1551 esse
1130 1520 1289 1564 paratos
1323 1526 1400 1551 non
1422 1513 1638 1551 videremus
1658 1520 1704 1551 ut

225 1576 334 1615 vobis
355 1575 590 1626 persuadere
611 1574 813 1612 studerent
840 1587 881 1612 se
912 1574 1020 1612 nulla
1050 1587 1119 1613 nos
1149 1574 1326 1613 affecisse
1357 1575 1507 1626 injuria,
1529 1582 1700 1613 nostram

226 1637 442 1676 orationem
475 1636 720 1688 paucioribus
751 1635 1069 1674 absolveremus:
1101 1649 1220 1687 quum
1254 1643 1384 1675 autem
1415 1651 1462 1675 ea
1495 1645 1630 1675 nostra
1653 1637 1703 1675 sit

225 1699 443 1746 infelicitas,
472 1704 516 1736 ut
546 1712 626 1737 non
658 1710 745 1736 cum
776 1697 862 1736 istis
896 1704 1046 1736 tantum
1077 1698 1188 1736 nobis
1222 1699 1527 1737 conflictandum
1549 1699 1610 1743 sit,
1633 1698 1700 1737 sed

225 1762 340 1800 etiam
362 1773 449 1799 cum
469 1759 798 1811 eloquentissimis
816 1758 1046 1806 oratoribus,
1062 1772 1159 1810 quos
1180 1760 1322 1798 nostris
1341 1760 1454 1798 bonis
1471 1759 1700 1798 conciliatos

226 1836 308 1862 suae
337 1835 466 1861 causae
495 1828 682 1873 patronos
713 1820 992 1868 adhibuerunt,
1015 1822 1232 1859 necessitas
1253 1821 1427 1872 postulat
1446 1829 1489 1859 ut
1509 1834 1589 1859 rem
1611 1834 1702 1872 pro-

223 1884 339 1923 lixius
359 1883 610 1935 explicemus.

282 1948 316 1984 3.
350 1945 520 1984 Difficile
539 1944 696 1996 quidem
715 1950 776 1982 est
794 1957 873 1982 non
893 1943 1043 1982 minora
1062 1943 1190 1982 dicere
1211 1956 1327 1995 quam
1347 1943 1521 1995 perpessi
1541 1957 1675 1982 sumus
1692 1956 1701 1981 z

227 2021 317 2047 nam
339 2021 427 2059 quae
446 2007 569 2046 oratio
590 2005 732 2044 uostris
752 2005 864 2043 malis
891 2006 1037 2055 aequari
1062 2004 1211 2056 queat?
1241 2012 1309 2043 aut
1337 2005 1424 2056 quis
1445 2013 1573 2043 orator
1595 2005 1702 2044 The-

226 2071 415 2108 banorum
443 2068 482 2106 in
509 2081 580 2106 nos
600 2067 868 2106 crudelitatem
889 2067 981 2105 satis
1004 2067 1143 2104 acriter
1162 2065 1351 2105 accuset?
1409 2065 1544 2117 Opera
1572 2073 1702 2105 tamen

228 2131 359 2169 danda
380 2136 441 2168 est
460 2137 503 2167 ut
519 2130 620 2167 sicut
642 2141 847 2179 possumus
862 2129 1022 2166 istorum
1040 2128 1280 2178 iniquitatem
1299 2134 1337 2165 et
1353 2127 1576 2165 violentiam
1591 2134 1700 2179 pate-

227 2192 430 2230 faciamus.
477 2190 583 2227 Illud
603 2197 733 2227 autem
754 2189 921 2226 maxime
943 2187 1207 2238 indignamur,
1227 2188 1334 2238 quod
1353 2201 1431 2226 non
1453 2189 1570 2226 modo
1585 2189 1702 2239 longe

227 2253 419 2292 deteriore
434 2250 658 2290 conditione
679 2263 812 2288 sumus
829 2261 946 2300 quam
966 2249 1095 2287 caeteri
1112 2248 1256 2295 Graeci,
1278 2248 1347 2286 sed
1367 2249 1473 2299 quod
1493 2262 1587 2300 pace
1610 2248 1703 2288 conss

230 2316 366 2355 stituta
395 2314 686 2363 foederibusque
717 2312 878 2350 sancitis
909 2324 988 2349 non
1022 2310 1138 2349 modo
1169 2310 1387 2349 communis
1414 2311 1603 2350 libertatis
1636 2325 1703 2351 ex-

228 2384 359 2430 pertes
387 2388 535 2422 sumus,
553 2386 687 2412 verum
717 2387 766 2411 ne
785 2372 1027 2411 moderatam
1058 2372 1217 2423 quidem
1249 2372 1475 2411 servitutem
1507 2373 1703 2424 potuimus

226 2440 448 2491 impetrare.

282 2502 323 2538 4.
354 2499 522 2537 Oramus
536 2496 666 2548 igitur,
683 2495 960 2541 Athenienses,
980 2500 1024 2532 ut
1042 2506 1131 2532 cum
1146 2493 1420 2532 benevolentia
1433 2506 1504 2532 nos
1522 2494 1703 2541 audiatis,

229 2562 446 2614 cogitantes
466 2559 561 2598 nihil
582 2557 758 2597 accidere
780 2556 888 2595 nobis
908 2568 1026 2607 posse
1046 2555 1152 2606 quod
1169 2569 1259 2594 cum
1286 2556 1389 2593 omni
1411 2555 1560 2594 ratione
1580 2561 1703 2594 tanto-

227 2636 321 2676 pere
340 2627 500 2674 pugnet,
516 2632 633 2671 quam
652 2631 773 2671 quum
792 2616 990 2670 perpetuis
1013 2617 1116 2654 urbis
1136 2623 1278 2655 vestrae
1299 2616 1462 2654 inimicis
1482 2616 1700 2654 libertatem

229 2684 487 2728 restitueritis,
509 2695 580 2720 nos
605 2694 654 2719 ne
685 2679 950 2732 supplicantes
981 2677 1137 2729 quidem
1165 2677 1301 2715 eadem
1322 2690 1410 2728 quae
1429 2676 1703 2716 inimicissimis

230 2747 324 2786 data
342 2751 434 2783 sunt
451 2757 566 2795 posse
585 2741 765 2795 adipisci.

287 2810 325 2846 5.
358 2806 417 2845 Ac
450 2804 683 2857 expositioni
716 2815 842 2842 rerum
871 2808 1044 2841 actarum
1069 2799 1225 2851 longius
1259 2798 1451 2838 immorari
1483 2812 1561 2838 non
1593 2798 1705 2838 video

231 2881 420 2921 quorsum
441 2867 626 2907 attineat:
661 2866 747 2917 quis
771 2864 874 2905 enim
899 2863 1052 2916 ignorat
1073 2874 1140 2902 eos
1171 2869 1210 2900 et
1238 2873 1374 2912 agrum
1401 2867 1576 2900 nostrum
1607 2860 1704 2900 divi-
