1870 3277
519 192 737 231 CONTRA
769 190 1235 229 ARISTOGITONEM.
1518 191 1596 228 443

155 306 230 341 ses,
249 294 312 343 qui
331 300 463 332 contra
484 295 618 333 Dianae
640 295 860 333 Brauroniae
881 306 988 331 sacra
1008 301 1046 331 et
1061 294 1250 331 ministros
1271 293 1370 331 illius
1392 293 1595 333 de‘talibus

153 367 338 392 accusans
358 356 538 393 mentitus
560 363 631 401 est,
657 356 758 393 unde
781 367 844 392 vos
865 360 1068 404 postquam
1084 353 1280 391 veritatem
1305 367 1350 392 ex
1372 354 1596 392 adversariis

153 415 323 466 partibus
356 416 571 466 quaesiistis,
604 417 771 467 quinque
802 414 1029 452 talentorum
1052 414 1234 451 mulctam
1265 414 1325 450 isti
1349 415 1594 465 imposuistis,

145 480 298 525 'quanta
323 478 370 514 ab
385 476 669 514 accusatoribus
689 477 853 526 irrogata
871 475 978 513 erat?
1033 475 1141 512 Heus
1161 481 1217 519 tu,
1238 473 1340 524 prius
1358 487 1489 525 poenas
1504 476 1594 513 dare

152 538 254 576 istud
274 539 509 577 calumnians
530 546 696 577 actorem
718 544 882 575 vestrum
907 537 1070 575 dicendo
1090 534 1370 585 scribendoque
1397 537 1435 572 in
1455 536 1596 586 populo

153 600 334 646 traduxit,
361 601 488 638 omnia
518 599 703 651 supplicia
732 599 837 635 nihili
859 599 1029 649 pendens
1059 612 1146 649 quae
1172 605 1305 636 contra
1331 597 1537 636 sceleratos
1556 598 1594 634 in

152 660 304 711 legibus
333 662 473 712 scripto
505 661 650 699 sancita
675 661 931 698 continentur.
990 659 1186 710 Numquid
1212 658 1366 696 tandem
1394 659 1594 696 convictus

150 720 213 758 ille
230 733 252 758 a
267 722 454 772 Lycurgo,
465 728 503 758 et
518 720 791 771 ignominiosus
807 720 1070 770 deprehensus
1086 720 1214 757 dicere
1227 719 1259 757 ei
1272 718 1496 768 permissum
1511 719 1595 765 erit,

151 789 190 819 et
217 783 428 820 secundum
460 783 563 832 leges
592 781 870 819 undecemviris
899 781 1073 825 traditus,
1104 793 1230 818 coram
1257 780 1462 818 tribunalia
1480 781 1594 818 adve-

150 842 256 880 niens
276 851 313 880 et
331 843 370 880 in
386 843 548 881 concilio
562 843 725 880 virorum
741 842 950 893 principum
972 842 1250 893 quinquaginta
1267 841 1515 879 considebit?

202 906 240 940 4.
272 903 435 949 Deinde,
469 905 735 947 Athenienses,
773 916 888 953 quem
923 904 1029 954 leges
1064 904 1169 942 vobis
1203 904 1316 941 toties
1355 903 1595 941 tradiderunt

155 964 371 1015 civiumque
386 966 466 1016 jam
485 965 673 1015 suffragiis
694 965 990 1002 condemnatum
1010 965 1316 1015 convictumque,
1340 978 1490 1004 servare
1508 977 1597 1003 vero

153 1038 275 1075 neque
302 1027 557 1064 undecemviri
574 1040 698 1076 neque
719 1026 884 1064 claustra
905 1033 1079 1076 possunt,
1106 1026 1172 1064 tali
1191 1040 1257 1064 vos
1285 1026 1500 1065 consiliario
1519 1026 1595 1064 for-

150 1093 262 1123 tunas
296 1093 441 1124 vestras
471 1087 706 1124 committere
736 1087 990 1124 desideratis?
1058 1088 1108 1125 Et
1138 1088 1199 1126 lex
1232 1089 1386 1138 quidem
1418 1095 1596 1139 rogatum

147 1160 365 1198 praeconem
379 1149 491 1200 jubet
503 1162 644 1199 magna
659 1162 746 1186 cum
767 1149 901 1199 gratia,
920 1149 973 1185 ita
993 1162 1015 1186 a
1031 1150 1135 1187 vobis
1155 1149 1227 1187 hoc
1252 1157 1436 1188 statutum
1458 1150 1505 1187 de
1526 1161 1595 1186 ne·

149 1209 262 1258 gotiis
295 1209 417 1247 tradi:
457 1222 524 1246 vos
556 1223 643 1247 vero
673 1209 856 1246 nefarium
889 1210 992 1246 hunc
1023 1222 1190 1260 ergaque
1223 1223 1356 1249 omnes
1384 1211 1595 1261 improbum

150 1269 387 1320 maximeque
407 1284 499 1320 erga
517 1278 711 1321 parentem
733 1283 843 1308 suum
862 1283 982 1320 nuper
1010 1270 1202 1315 effectum,
1221 1272 1323 1310 hunc
1343 1273 1538 1310 vobiscum
1559 1277 1599 1308 et

147 1343 234 1367 cum
263 1331 483 1369 domesticis
502 1332 634 1369 vestris
661 1331 960 1382 propinquisque
979 1332 1122 1369 versari
1152 1333 1376 1383 patiemini?
1434 1334 1483 1370 Et
1513 1332 1596 1370 De-

148 1391 300 1428 madem
328 1392 484 1441 quidem
510 1398 548 1430 et
577 1384 876 1430 Demosthenem
909 1392 1053 1430 nullam
1081 1400 1255 1443 oportere
1281 1394 1430 1431 veniam
1457 1405 1596 1431 conse-

147 1451 211 1501 qui
231 1451 525 1496 arbitrabamini,
546 1453 634 1502 quia
653 1459 787 1490 contra
806 1466 872 1489 vos
894 1452 996 1491 dona
1027 1455 1199 1505 accipere
1233 1455 1460 1505 deprehensi
1490 1462 1594 1500 sunt,

148 1512 215 1550 sed
235 1512 419 1562 supplicio
437 1513 634 1557 affecistis,
650 1520 689 1551 et
704 1520 820 1559 recte,
840 1527 861 1550 a
879 1514 1015 1564 quibus
1038 1515 1191 1565 quidem
1211 1516 1240 1553 si
1259 1529 1335 1553 non
1353 1516 1479 1553 omnia
1495 1522 1597 1553 certe

149 1574 352 1611 commoda
383 1574 504 1611 multa
533 1574 704 1624 profecta
723 1574 985 1624 cognoscitis:
1015 1575 1130 1612 istum
1157 1588 1246 1613 vero
1268 1575 1511 1626 sacrilegum,
1531 1576 1596 1626 qui

149 1635 291 1672 bonum
306 1634 461 1684 quidem
478 1634 570 1671 nihil
590 1647 759 1685 unquam
773 1647 818 1672 ex
839 1647 915 1684 quo
935 1635 983 1672 ad
999 1636 1271 1686 rempublicam
1288 1636 1452 1674 accessit
1471 1637 1509 1674 in
1527 1649 1596 1674 vos

150 1695 357 1746 congessit,
378 1695 519 1733 malum
540 1708 629 1733 vero
649 1702 835 1745 quantum
854 1696 990 1746 potuit,
1017 1697 1249 1735 absolvetis?
1306 1698 1356 1735 Et
1373 1698 1457 1748 quis
1476 1698 1598 1736 vobis-

149 1769 235 1793 cum
260 1769 337 1793 non
367 1757 583 1806 litagaverit
611 1757 887 1794 sustinentibus
917 1764 994 1795 tam
1021 1758 1218 1808 egregium
1247 1759 1501 1796 monitorem?
1556 1760 1597 1796 Si

149 1821 249 1858 enim
277 1820 391 1858 homo
418 1820 555 1871 planus
576 1820 834 1870 vulgatusque
864 1827 902 1858 et
929 1821 1165 1858 notissimam
1194 1822 1298 1872 apud
1330 1835 1462 1860 omnes
1493 1823 1596 1860 cives

149 1881 429 1931 improbitatem
460 1880 605 1918 habens
639 1880 677 1917 in
707 1888 935 1930 suggestum
965 1881 1214 1928 conscendat,
1248 1890 1338 1921 tunc
1367 1883 1598 1920 circumfusa

149 1941 354 1979 multitudo
383 1954 452 1979 vos
488 1940 682 1978 auditores
715 1941 870 1978 omnino
898 1941 1119 1987 admiratur,
1148 1949 1277 1980 utrum
1308 1943 1596 1994 praestantiores

148 2002 383 2041 consiliarios
401 2016 476 2040 non
496 2002 660 2046 habetis,
678 2014 726 2038 an
747 2001 860 2039 etiam
882 2002 976 2039 tales
1005 2002 1199 2040 audiendo
1230 2003 1464 2040 exsultatis?
1493 2004 1597 2041 Con·

149 2064 254 2104 venit
273 2076 378 2109 ver0,
398 2063 668 2107 Athenienses,
702 2062 1025 2112 quemadmodum
1055 2063 1165 2113 primi
1197 2063 1249 2100 illi
1279 2063 1519 2113 legislatores
1551 2064 1599 2102 de

149 2126 195 2163 iis
215 2125 280 2176 qui
297 2126 333 2162 in
350 2124 493 2175 populo
513 2124 686 2162 dicerent
704 2123 911 2173 majoribus
928 2123 1069 2161 nostris
1085 2125 1379 2170 constituerunt,
1399 2125 1454 2162 ita
1473 2132 1511 2162 et
1530 2137 1597 2163 vos

150 2199 320 2237 quaerere
361 2185 507 2229 audire,
544 2185 644 2222 unde
674 2185 837 2235 optimos
871 2198 1046 2235 quosque
1076 2198 1278 2223 causarum
1312 2191 1460 2224 actores
1491 2187 1598 2224 vobis

151 2247 306 2298 paretis.
363 2246 568 2290 Quomodo
588 2246 702 2296 igitur
721 2245 775 2282 illi
795 2245 842 2283 de
863 2245 922 2283 his
954 2245 1044 2296 ipsis
1078 2246 1372 2297 cognoverunt?
1428 2246 1597 2283 Primum

148 2309 304 2359 quidem
333 2322 401 2359 per
429 2320 741 2358 unamquamque
771 2307 873 2346 diras
903 2308 1198 2359 imprecationes
1236 2315 1373 2346 contra
1405 2309 1597 2358 improbos

151 2370 350 2414 facientes,
369 2369 400 2406 si
429 2369 513 2419 quis
535 2369 637 2406 dona
657 2369 842 2419 recipiens
871 2368 1044 2420 posthaec
1075 2369 1178 2407 dicat
1210 2375 1499 2420 cognoscatque
1528 2381 1597 2419 pro

152 2432 315 2482 negotiis
341 2431 576 2482 reipublicae,
595 2431 749 2468 omnino
780 2430 981 2469 exitiosum
1011 2444 1096 2469 esse
1110 2447 1121 2480 3
1150 2432 1285 2468 horum
1306 2444 1326 2468 e
1346 2443 1503 2467 numero
1518 2429 1601 2466 Ari-

152 2493 320 2543 stogiton
354 2498 437 2531 est:
489 2498 624 2542 postea
667 2492 704 2529 in
740 2492 887 2543 legibus
925 2492 973 2530 de
1011 2493 1254 2530 donariorum
1288 2490 1600 2529 accusationibus

152 2562 380 2601 statuentes,
417 2554 608 2606 hujusque
647 2555 765 2593 solius
801 2557 851 2594 ob
886 2556 1043 2594 crimina
1081 2555 1283 2606 decuplam
1320 2555 1598 2593 restitutionem

152 2617 306 2654 mulctae
325 2617 410 2654 loco
425 2617 652 2666 irrogantes,
673 2617 743 2655 rati
763 2629 847 2655 eum
874 2618 938 2668 qui
957 2617 1141 2654 honorem
1162 2618 1277 2654 verba
1293 2617 1456 2654 faciendi
1474 2617 1510 2653 in
1532 2629 1600 2667 po-

154 2678 244 2729 pulo
263 2679 462 2728 reciperet,
478 2678 592 2716 istum
618 2690 694 2716 non
713 2691 782 2729 pro
802 2678 906 2728 vulgi
927 2677 1138 2715 commodis
1160 2678 1225 2714 sed
1246 2690 1315 2727 pro
1338 2678 1501 2714 utilitate
1531 2690 1598 2714 ne-

154 2739 404 2777 cessariarum
441 2751 564 2776 rerum
586 2741 702 2777 verba
733 2740 882 2781 facere;
928 2738 1223 2789 Aristogitonem
1257 2739 1369 2788 igitur
1397 2738 1598 2776 concilium

156 2800 343 2837 exhibuit:
374 2799 423 2836 ad
441 2799 526 2837 haec
545 2800 658 2851 igitur
685 2801 747 2850 qui
770 2799 988 2850 designatos
1018 2798 1381 2849 rerumpublicarum
1410 2800 1599 2850 principes

159 2861 358 2911 postulant
378 2859 668 2910 reprehendere,
690 2861 773 2911 quis
805 2861 874 2897 erit
904 2860 1017 2910 hujus
1048 2860 1204 2909 privatae
1235 2861 1540 2905 consuetudinis,
1570 2861 1599 2897 si

156 2922 378 2974 parentibus
412 2921 641 2967 benefaciat,
660 2923 690 2959 si
719 2922 820 2960 bella
853 2935 920 2971 pro
953 2921 1102 2959 civitate
1134 2928 1255 2971 gerat,
1286 2922 1316 2959 si
1350 2923 1469 2972 patria
1495 2934 1603 2959 sacra
