1870 3277
594 159 877 197 ADVERSUS
910 159 1235 199 EUTHYNUM.
1555 166 1633 203 275

236 258 272 294 7.
304 256 510 304 Praeterea,
530 259 688 310 reipubl.
711 266 813 298 statu
833 260 978 297 incerto
999 259 1237 311 sublatisque
1250 262 1417 312 judiciis,
1437 264 1498 303 hic
1518 278 1631 303 accu-

181 318 424 357 sandonihil
457 321 696 371 profecisset,
728 322 790 360 isti
823 333 913 358 vero
945 321 1093 359 etiamsi
1122 322 1317 360 fraudaret
1347 324 1440 362 nihil
1470 326 1630 376 periculi

178 381 426 419 metuendum
450 390 543 421 erat.
601 386 728 426 Quare
751 381 966 421 mirandum
995 396 1072 421 non
1092 383 1177 430 fuit,
1198 396 1244 422 eo
1263 390 1448 435 tempore,
1467 400 1583 437 quum
1604 388 1629 425 ii

177 442 293 481 etiam
321 443 386 494 qui
414 444 575 483 testibus
608 444 788 483 adhibitis
821 444 984 482 mutuati
1017 451 1127 482 erant
1156 452 1354 495 negarent,
1381 447 1492 485 istum
1523 449 1628 499 quod

177 504 283 542 solus
303 518 325 544 a
344 506 426 544 solo
447 514 646 557 acceperat
674 506 835 545 reddere
864 505 1058 544 noluisse:
1089 505 1191 543 hunc
1215 519 1305 544 vero
1325 520 1402 545 non
1422 517 1627 548 consenta-

176 578 291 603 neum
311 573 383 613 est,
411 581 528 617 quum
561 581 631 605 nec
656 568 680 605 ii
709 568 848 617 quibus
871 567 957 618 jure
983 567 1195 605 debebatur
1215 581 1267 606 aes
1289 568 1454 606 alienum
1476 571 1626 621 exigere

175 634 347 677 possent,
367 635 524 679 putasse
549 629 690 679 injuste
709 629 930 667 accusando
949 642 989 666 se
1010 628 1217 679 quicquam
1240 638 1492 681 accepturum
1511 645 1608 671 esse.

231 689 266 725 8.
298 689 359 727 Ad
378 689 476 735 haec,
496 690 526 727 si
553 689 646 726 nihil
673 690 705 727 ei
736 690 963 735 obstitisset,
990 690 1059 728 sed
1087 690 1310 729 calumniari
1329 699 1368 729 et
1391 693 1564 731 licuisset
1590 700 1628 732 et

175 749 364 796 libuisset,
380 763 466 787 eum
485 763 563 794 ‚non
583 758 718 789 contra
739 751 960 801 Euthynum
976 758 1179 789 venturum
1200 753 1332 799 fuisse,
1351 753 1461 792 facile
1482 755 1626 805 perspi-

174 810 284 848 citur.
342 811 441 848 Nam
464 812 529 861 qui
559 812 634 850 tale
655 812 798 863 aliquid
827 812 865 849 in
887 813 1012 850 animo
1042 813 1197 859 habent,
1229 814 1444 853 tirocinium
1473 829 1550 854 non
1580 818 1627 854 ab

174 874 306 913 amicis
333 875 610 925 auspicantur:
641 875 708 913 sed
738 876 871 912 horum
901 874 1089 926 praesidiis
1117 875 1202 913 freti
1234 875 1326 914 alios
1352 876 1554 923 invadunt,
1589 884 1628 914 et

173 948 239 974 eos
260 944 447 975 accusant
466 950 562 986 quos
588 949 661 974 nec
681 945 858 974 verentur
883 949 955 974 nec
976 943 1164 983 metuunt,
1192 950 1368 989 quosque
1390 945 1471 975 tum
1490 938 1626 976 divites

172 1009 258 1035 esse
270 998 402 1036 vident
418 1004 498 1035 tum
510 998 629 1049 copiis
645 998 852 1035 amicorum
869 997 1073 1035 destitutos
1086 1007 1125 1036 et
1140 999 1255 1036 rebus
1270 1001 1448 1049 gerendis
1460 1000 1623 1051 ineptos.

226 1059 263 1096 9.
295 1060 346 1101 At
365 1060 404 1096 in
427 1059 607 1110 Euthyno
627 1059 814 1097 contraria
839 1059 975 1097 horum
1003 1060 1268 1110 reperiuntur:
1299 1069 1360 1099 est
1379 1061 1479 1099 enirn
1502 1062 1623 1099 Niciae

171 1121 439 1168 consobrinus,
459 1128 498 1159 et
527 1127 609 1158 tum
630 1120 784 1158 dicendi
814 1128 890 1158 tum
913 1120 1052 1171 agendi
1072 1121 1255 1160 facultate
1273 1122 1503 1169 instructior,
1525 1137 1623 1174 prae-

171 1189 276 1220 terea
300 1196 437 1234 parvas
457 1183 612 1233 quidem
640 1182 846 1220 facultates
872 1182 940 1220 sed
968 1181 1107 1220 multos
1136 1183 1281 1221 amicos
1308 1184 1436 1222 habet.
1493 1185 1623 1228 Quare

170 1255 284 1283 nemo
299 1251 357 1281 est
374 1257 490 1294 quem
510 1256 585 1282 non
607 1244 732 1294 potius
753 1256 868 1294 quam
890 1244 1004 1281 istum
1025 1244 1328 1294 aggrederetur:
1358 1258 1460 1292 nam,
1486 1254 1530 1285 ut
1547 1261 1621 1298 ego

169 1303 326 1353 quidem
348 1301 525 1342 conscius
552 1305 851 1343 necessitudinis
879 1305 1038 1342 istorum
1061 1305 1199 1351 sentio,
1228 1319 1297 1344 nec
1320 1307 1523 1358 Euthynus
1551 1310 1619 1346 Ni-

165 1363 264 1402 ciam
283 1364 459 1411 laesisset,
487 1365 519 1403 si
538 1365 654 1403 alium
674 1365 895 1416 quempiam
921 1372 1029 1403 tanta
1056 1366 1234 1404 fraudare
1254 1368 1417 1418 pecunia
1435 1369 1619 1409 licuisset.

167 1425 283 1464 Nunc
302 1424 421 1477 hujus
445 1438 567 1464 causa
598 1426 742 1476 negotii
763 1426 875 1464 altius
902 1427 1112 1477 repetenda
1132 1436 1191 1465 est
1214 1435 1252 1465 et
1283 1429 1509 1479 inquirenda
1528 1434 1617 1470 sub-

165 1486 290 1525 tilius:
321 1500 502 1526 accusare
521 1487 622 1525 enim
642 1487 733 1525 licet
752 1487 917 1538 aliquem
942 1487 1137 1526 delectum
1159 1502 1205 1526 ex
1225 1490 1416 1537 omnibus,
1441 1492 1617 1533 fraudare

165 1561 254 1587 vero
275 1562 352 1587 non
376 1548 494 1587 alium
514 1549 604 1586 licet
623 1549 695 1586 nisi
723 1549 789 1599 qui
808 1549 1025 1600 depositum
1051 1550 1267 1588 crediderit.
1326 1551 1454 1595 Quare
1474 1554 1618 1601 Nicias,

165 1611 200 1649 si
227 1612 453 1651 calumniari
472 1611 599 1658 vellet,
619 1611 734 1649 istum
767 1624 846 1650 non
875 1612 1101 1656 invasisset3
1135 1612 1338 1664 Euthynus
1366 1628 1469 1662 vero,
1497 1630 1615 1667 quum

164 1673 343 1711 fraudare
362 1673 606 1719 decrevisset,
627 1672 743 1710 alium
764 1672 933 1710 invenire
955 1686 1031 1711 non
1052 1674 1190 1724 potuit.

221 1736 283 1774 10.
314 1734 402 1772 Jam
432 1734 527 1771 illud
561 1734 767 1772 maximum
798 1734 952 1785 signum
979 1742 1039 1772 est
1069 1743 1108 1772 et
1140 1748 1257 1772 unum
1285 1737 1453 1777 omnium
1481 1739 1613 1786 instar,

162 1795 269 1847 quod
294 1809 341 1833 eo
360 1802 533 1847 tempore
563 1809 640 1845 quo
666 1796 811 1833 crimen
842 1796 1050 1834 conflatum
1073 1803 1146 1842 est,
1174 1796 1383 1848 oligarchia
1407 1802 1617 1843 constituta

163 1864 260 1905 erat,
278 1857 317 1900 in
337 1869 416 1908 qua
435 1869 523 1895 cum
542 1864 701 1908 utroque
729 1858 782 1896 sic
808 1858 1007 1909 agebatur,
1029 1865 1071 1896 ut
1091 1859 1236 1906 Nicias,
1257 1860 1286 1897 si
1315 1862 1498 1912 superiori
1518 1871 1613 1903 tem-

163 1933 257 1972 pore
269 1919 469 1959 calumniis
485 1919 628 1957 victum
639 1919 893 1970 quaeritasset‚
909 1926 1001 1958 tunc
1021 1920 1155 1971 utique
1170 1920 1390 1967 destitisset,
1411 1923 1615 1976 Euthynus

161 1988 305 2027 autem,
328 1982 360 2020 si
388 1993 587 2032 nunquam
612 1981 818 2031 quicquam
843 1981 972 2033 injusti
1001 1982 1225 2033 cogitasset,
1245 1990 1338 2022 tunc
1368 1985 1515 2024 incitari
1542 2003 1610 2040 po.

163 2043 314 2083 tuisset.
372 2042 474 2081 Nam
494 2043 525 2081 is
546 2042 702 2093 quidem
732 2049 885 2094 propter
905 2043 1046 2082 delicta
1074 2043 1347 2092 honorabatur,
1367 2047 1456 2086 huic
1484 2057 1612 2091 autem

164 2107 214 2144 ob
232 2104 416 2157 pecunias
432 2102 579 2141 insidiae
594 2104 929 2154 comparabantur.
987 2105 1131 2143 Omnes
1147 2106 1247 2144 enim
1264 2108 1368 2146 scitis
1382 2121 1428 2148 eo
1439 2117 1611 2163 ternpore

162 2168 285 2219 majus
303 2166 424 2204 fuisse
443 2165 587 2203 crimen
607 2178 691 2204 esse
714 2165 868 2204 divitem
886 2180 1002 2217 quam
1022 2167 1274 2207 scelerosum:
1305 2171 1410 2221 quod
1430 2172 1468 2210 hi
1488 2175 1613 2217 aliena

162 2229 375 2281 rapiebant,
387 2227 440 2265 illi
453 2240 544 2266 suas
558 2239 652 2278 opes
668 2227 906 2267 amittebant.
966 2228 1041 2272 Qui
1060 2229 1160 2267 enim
1174 2230 1224 2268 ad
1241 2231 1462 2283 reipublicae
1478 2239 1612 2286 guber-

162 2291 304 2330 nacula
316 2289 515 2337 sedebant,
530 2303 605 2328 non
621 2289 889 2340 delinquentes
905 2290 1130 2342 puniebant,
1146 2292 1215 2331 sed
1230 2293 1366 2333 divites
1379 2296 1608 2347 spoliabant,

163 2361 202 2393 et
216 2353 377 2404 injustos
398 2351 470 2389 sibi
489 2351 597 2398 fidos,
611 2351 748 2390 divites
768 2357 898 2390 autem
914 2352 1101 2401 inimicos,
1115 2367 1201 2393 esse
1221 2357 1423 2406 putabant.
1482 2359 1609 2403 Quare

163 2427 241 2457 non
259 2427 306 2452 eo
319 2414 357 2451 in
376 2413 463 2451 loco
482 2426 541 2451 res
557 2412 679 2452 Niciae
692 2412 860 2461 fuerunt,
872 2420 914 2451 ut
933 2426 1000 2465 per
1013 2415 1244 2454 calumniam
1261 2417 1394 2456 alienis
1410 2419 1608 2470 potiretur,

161 2476 232 2516 sed
248 2480 304 2521 ut,
325 2472 473 2513 etiamsi
492 2473 656 2513 laesisset
675 2474 879 2522 neminem,
912 2475 1012 2514 malo
1042 2476 1270 2515 afficeretur.
1329 2479 1442 2526 Nam,
1469 2482 1533 2532 qui
1558 2484 1610 2523 ita

160 2543 298 2589 potens
318 2542 401 2583 erat
427 2542 470 2574 ut
488 2535 705 2588 Euthynus,
726 2536 760 2574 ei
780 2544 950 2588 potestas
976 2538 1141 2578 dabatur
1162 2546 1200 2577 et
1225 2553 1272 2578 ea
1291 2554 1378 2591 quae
1397 2545 1609 2595 accepisset

159 2597 364 2639 fraudandi
395 2604 434 2635 et
464 2596 512 2635 de
543 2597 601 2638 his
633 2611 721 2648 quae
751 2611 829 2637 non
858 2599 1029 2638 dedisset
1060 2601 1293 2638 accusandi:
1324 2615 1487 2652 quorum
1518 2620 1607 2647 vero

161 2661 295 2701 eadem
320 2667 402 2698 erat
419 2672 507 2710 quae
536 2660 659 2699 Niciae
683 2660 864 2708 conditio,
893 2661 989 2699 hiet
1008 2662 1244 2700 debitoribus
1275 2677 1328 2702 aes
1355 2665 1520 2705 alienum
1549 2684 1607 2709 re-

161 2722 308 2760 mittere
326 2729 365 2758 et
393 2734 481 2759 suas
499 2734 592 2773 opes
618 2722 957 2760 calumniatoribus
983 2722 1074 2760 dare
1100 2724 1350 2774 cogebantur.
1408 2728 1457 2766 Et
1481 2729 1565 2769 haec
1585 2746 1607 2770 a

162 2796 223 2822 me
242 2794 330 2820 vere
349 2781 422 2819 dici
454 2782 573 2833 ipsius
603 2783 769 2834 Euthyni
798 2783 1015 2821 testimonio
1043 2786 1309 2834 cognoscetis:
1341 2787 1605 2830 Timodemum

161 2844 261 2883 enim
282 2843 327 2880 ab
353 2842 427 2880 hoc
456 2857 551 2880 xxx
575 2844 696 2882 minas
717 2845 921 2882 extorsisse
944 2845 1026 2890 scit,
1049 2859 1124 2883 non
1147 2861 1199 2884 aes
1222 2847 1386 2887 alienum
1409 2854 1603 2901 postulan-

161 2914 251 2951 tem,
273 2903 339 2942 sed
363 2916 550 2942 carcerem
572 2906 821 2945 minitantem.
880 2907 993 2944 Credi
1014 2907 1127 2958 igitur
1145 2910 1204 2960 qui
1236 2918 1363 2960 potest
1385 2927 1466 2952 eam
1488 2916 1604 2954 fuisse
