1870 3277
240 165 318 200 498
845 159 1095 198 HERODlS

242 278 310 302 nos
331 264 536 302 conflictari
555 275 668 314 quam
689 263 771 300 aliis
789 263 940 300 servire.
998 262 1047 298 At
1061 271 1133 310 ego
1148 261 1176 297 si
1198 258 1411 295 necessario
1431 257 1595 294 viderem
1612 255 1678 292 eli-

241 326 409 376 gendum
437 326 673 370 alterutrum,
692 331 816 362 utrum
842 325 969 374 potius
1000 329 1101 360 esset
1126 321 1396 366 deliberarem:
1424 330 1554 356 verum
1574 317 1677 368 quie-

239 394 315 424 tem
344 387 453 424 nobis
473 399 559 424 cum
589 386 877 437 Peloponnesiis
909 383 1140 422 intercedere
1167 383 1290 420 video.
1347 381 1467 418 Miror
1492 387 1677 430 praeterea

237 448 393 485 istorum
414 449 697 485 contentionem
717 447 780 497 qui
801 445 997 484 dissimilia
1017 446 1113 482 inter
1129 457 1168 481 se
1185 449 1419 494 comparent.
1450 441 1561 478 Paria
1576 441 1676 477 enim

238 519 324 545 cum
362 509 512 559 paribus
543 509 762 558 neutiquam
792 513 1027 557 comparant,
1058 506 1216 556 primum
1242 503 1395 554 quidem
1422 502 1512 552 quia
1542 501 1677 537 horum

238 571 339 608 facta
375 570 643 619 cognoscimus
679 576 821 620 aperte,
848 568 995 605 illorum
1027 568 1244 617 suspicione
1275 564 1581 615 complectimur.
1639 562 1680 599 Si

240 631 392 681 quidem
408 631 473 669 illa
493 631 695 674 sensimus,
711 631 796 668 haec
809 643 854 667 au
876 629 1022 666 sensuri
1040 629 1157 665 simus
1175 628 1407 677 ignoramus.
1457 624 1545 661 Non
1566 623 1681 673 igitur

241 704 390 743 aequum
411 700 470 730 est
490 694 538 730 ob
554 705 614 730 res
633 698 763 742 gestas
784 704 860 729 non
877 691 1063 741 indignari
1085 703 1180 741 quas
1195 696 1319 727 autem
1336 686 1574 737 assequimur
1588 698 1680 722 con-

233 755 388 804 jectura
408 754 530 803 magis
546 754 692 791 timere.
737 753 887 795 Quibus
900 765 990 790 vero
1011 751 1194 802 exemplis
1210 757 1347 788 metum
1365 751 1466 786 liunc
1484 746 1680 797 concipia-

236 814 350 852 mus?
372 814 460 852 Non
473 815 645 852 videmus
659 815 849 865 proximos
865 814 972 852 nobis
991 813 1151 850 Graecos
1166 813 1410 850 Phoceenses
1426 823 1510 848 esse
1526 809 1680 852 liberos,

235 877 467 928 propinquos
488 876 643 914 Boeotos
665 887 735 913 nec
752 876 892 913 tributo
910 887 981 912 nec
1002 874 1226 923 magistratu
1247 873 1325 910 ullo
1339 872 1534 909 Laconico
1549 869 1681 921 premi,

235 938 456 975 remotiores
477 938 590 974 etiam
606 936 825 973 Corinthios
842 936 899 973 sui
914 935 1010 987 juris
1030 947 1112 972 esse
1130 935 1284 984 suisque
1300 933 1385 978 frui,
1402 932 1567 970 Achivos
1583 943 1681 981 prae-

235 1005 340 1035 terea
359 997 424 1047 qui
444 1009 512 1035 nos
533 1009 606 1034 nec
626 997 868 1034 multitudine
894 1009 964 1034 nec
983 995 1132 1047 oppidis
1155 1001 1350 1045 superant,
1369 1007 1441 1032 nec
1463 1006 1537 1031 non
1555 992 1681 1039 Eleos,

238 1057 443 1108 Tegeatas‚
459 1065 498 1095 et
512 1058 682 1096 Arcadas
696 1058 863 1109 reliquos
878 1057 1014 1095 eodem
1028 1069 1070 1095 se
1084 1057 1224 1094 habere
1241 1056 1353 1093 modo
1367 1055 1383 1092 ’ζ
1404 1055 1471 1100 sic,
1491 1061 1533 1092 ut
1550 1053 1681 1091 nullus

237 1118 287 1156 ibi
315 1119 485 1169 regnarit
505 1118 632 1156 adhuc
656 1118 775 1164 Laco,
795 1119 894 1156 sicut
912 1131 983 1156 nec
1007 1117 1069 1156 hic
1099 1117 1279 1155 Macedo.
1335 1117 1422 1155 Jam
1442 1115 1682 1166 respublicas
1723 1165 1727 1171 ‘

237 1179 379 1230 ubique
397 1179 628 1219 constitutas
657 1186 696 1218 et
717 1180 820 1231 leges
840 1180 984 1231 positas
1007 1178 1195 1224 novimus,
1217 1192 1262 1217 ac
1282 1191 1404 1216 rerum
1425 1178 1684 1216 communium

238 1252 348 1278 usum
369 1253 456 1280 esse
475 1254 731 1280 communem.

291 1303 329 1339 6.
361 1302 439 1340 Sed
461 1315 527 1341 eos
549 1303 645 1341 forte
664 1303 748 1354 quis
768 1315 976 1353 paucorum
995 1302 1194 1353 imperium
1206 1302 1345 1353 ubique
1359 1301 1462 1339 dicet
1474 1300 1685 1338 instituere.

236 1364 329 1402 Tale
346 1364 535 1415 profecto,
561 1365 673 1415 quale
705 1376 775 1402 nos
795 1377 879 1402 cum
909 1364 975 1402 diu
1003 1371 1242 1415 optassemus
1263 1375 1308 1401 ac
1337 1361 1683 1407 desiderassemus,

236 1427 341 1464 brevi
368 1440 501 1465 sumus
530 1427 739 1464 constituto
765 1426 940 1476 spoliati:
970 1426 1000 1463 si
1027 1425 1182 1475 quidem
1211 1423 1473 1474 comparanda
1503 1429 1593 1460 sunt
1619 1421 1684 1459 illa

237 1499 446 1538 paucorum
466 1500 555 1525 cum
576 1488 656 1525 istis
677 1487 846 1538 imperia.
878 1486 951 1523 Ubi
971 1487 1071 1523 enim
1091 1493 1168 1524 tam
1189 1498 1342 1536 parvam
1357 1485 1488 1522 urbem
1504 1483 1684 1534 reperias,

236 1548 273 1585 in
291 1561 369 1599 qua
387 1561 463 1586 non
483 1549 594 1586 tertia
613 1561 700 1598 pars
720 1548 851 1598 praesit
870 1547 1011 1584 rebus?
1039 1547 1100 1584 cui
1120 1552 1246 1584 autem
1266 1558 1388 1595 neque
1409 1557 1596 1583 armorum
1619 1557 1685 1594 ge-

237 1609 439 1646 rendorum
463 1621 593 1658 neque>
611 1608 763 1658 reliquae
794 1607 1014 1657 reipublicae
1043 1605 1356 1644 administrandae
1377 1605 1540 1643 facultas
1560 1612 1633 1649 est,
1652 1605 1684 1643 is

238 1682 314 1707 non
334 1676 411 1707 tam
432 1682 499 1720 per
515 1668 826 1706 Lacedaemonios
840 1681 954 1718 quam
970 1681 1036 1718 per
1052 1668 1241 1705 fortunam
1257 1667 1425 1717 privatus
1440 1674 1500 1705 est
1512 1667 1686 1718 imperio.

239 1731 414 1768 Privatus
434 1730 588 1780 quidem
609 1735 680 1774 est,
702 1729 824 1767 donec
841 1729 1113 1767 documentum
1129 1728 1304 1766 ediderit.
1354 1728 1497 1767 Omnia
1508 1741 1596 1766 vero
1610 1728 1685 1765 ista

237 1804 355 1843 penes
370 1804 442 1830 vos
463 1798 564 1830 sunt.
620 1791 721 1827 Nam
749 1790 967 1842 reipublicae
986 1790 1140 1840 quidem
1169 1789 1328 1827 formam
1348 1789 1409 1826 vix
1432 1789 1560 1835 aliam,
1585 1789 1684 1827 arbi-

236 1859 326 1899 tror,
341 1852 526 1903 possimus
547 1858 726 1903 exoptare
741 1866 750 1895 ;
779 1851 964 1902 exemplis
980 1858 1106 1889 autern
1122 1851 1324 1902 propositis
1341 1864 1386 1889 ea
1403 1864 1478 1889 non
1495 1851 1681 1889 debemus

238 1913 383 1960 timere,
399 1927 486 1964 quae
506 1926 583 1951 non
601 1913 823 1963 contingere
842 1913 891 1950 sit
909 1925 1022 1963 quam
1042 1912 1261 1962 contingere
1282 1913 1445 1963 gravius.
1501 1912 1683 1951 Lacedae-

240 1975 353 2012 monii
374 1987 481 2026 porro
508 1988 584 2012 non
604 1974 714 2012 facile
732 1987 802 2012 nos
823 1974 1050 2011 invaserint:
1081 1979 1168 2011 sunt
1192 1973 1292 2010 enim
1320 1973 1435 2023 longe
1455 1985 1477 2010 a
1496 1972 1605 2011 nobis
1626 1986 1684 2010 re-

239 2034 345 2081 moti,
363 2048 434 2073 nec
454 2035 565 2072 nimis
587 2034 636 2073 ad
655 2037 739 2072 eam
760 2047 838 2072 rem
858 2034 1048 2072 instructi.
1106 2033 1204 2071 Nam
1224 2034 1499 2085 propinquitaS,
1518 2047 1595 2084 qua
1613 2046 1682 2071 nos

238 2096 407 2134 valemus
425 2096 643 2147 plurimum,
663 2109 739 2134 non
758 2109 917 2147 parvum
938 2095 1040 2147 apud
1059 2095 1145 2133 illos
1165 2095 1366 2133 discrimen
1392 2096 1497 2134 facit.
1552 2097 1682 2139 Quare

238 2157 402 2208 primum
421 2171 498 2195 non
511 2165 650 2196 temere
664 2170 734 2196 nos
753 2158 1044 2209 aggredientur:
1075 2158 1132 2195 sin
1152 2158 1305 2204 facient,
1325 2171 1402 2196 non
1421 2158 1618 2202 latebunt;
1651 2157 1683 2195 si

241 2219 497 2268 praesciemus,
522 2232 598 2256 non
627 2219 881 2270 negligemus.
939 2220 1026 2262 Quo
1051 2219 1107 2266 fit,
1127 2225 1171 2257 ut
1195 2219 1302 2257 nulla
1322 2220 1465 2258 ratione
1486 2233 1556 2258 nos
1577 2233 1682 2258 com-

240 2279 353 2317 mode
373 2286 516 2330 queant
533 2280 725 2318 invadere.

295 2341 332 2377 7.
362 2340 478 2384 Quod
496 2341 526 2379 si
553 2341 636 2392 quis
655 2340 728 2378 hoc
747 2341 861 2378 etiam
882 2341 1034 2388 dixerit,
1053 2342 1190 2380 liberos
1209 2341 1350 2380 habere
1375 2342 1610 2381 Archelaum
1639 2356 1683 2382 ac
1726 2334 1729 2339 ’

240 2408 393 2453 propter
416 2414 481 2441 eos
504 2415 581 2440 non
608 2415 692 2441 esse
721 2401 940 2440 societatem
961 2403 1183 2448 ineundam,
1212 2402 1387 2441 admirari
1405 2404 1566 2455 primum
1594 2418 1680 2443 eum

239 2461 370 2510 libeat,
389 2464 453 2514 qui
472 2462 606 2502 decem
626 2463 789 2501 filiorum
803 2464 1038 2502 mentionem
1056 2464 1185 2509 faciat,
1206 2464 1372 2502 omnium
1392 2472 1506 2516 atque
1520 2466 1681 2505 civitatis

240 2524 645 2575 ipsius‘obli'viscatun
675 2532 713 2564 et
740 2538 826 2563 cum
851 2526 1017 2564 filiorum
1044 2527 1246 2565 utilitatem
1273 2527 1454 2578 negligat,
1473 2541 1679 2579 paucorum

240 2587 423 2624 rationem
437 2586 589 2624 habeat.
617 2586 702 2624 Jam
718 2586 749 2624 si
763 2587 978 2626 necessario
996 2587 1081 2624 filiis
1096 2587 1239 2638 aliquid
1252 2595 1355 2626 esset
1368 2589 1681 2639 exspectandum,

240 2645 383 2684 nul‘lam
415 2645 500 2685 haec
528 2648 645 2686 verba
673 2648 958 2700 admirationem
987 2657 1206 2687 moverent:
1245 2662 1347 2687 nunc
1370 2649 1434 2687 illo
1456 2649 1621 2697 devicto,
1640 2651 1682 2688 li-

238 2708 346 2746 beros
366 2720 518 2759 qnoque
535 2708 573 2746 in
593 2715 724 2747 nostra
740 2717 932 2761 potestate
948 2709 1040 2756 fore,
1059 2710 1296 2748 manifestum
1311 2716 1369 2748 est
1388 2710 1413 2736 *
1441 2709 1463 2731 ¹*
1490 2710 1511 2732 ⁴⁵

295 2768 333 2805 8.
363 2769 420 2807 Ac
439 2781 524 2808 mea
543 2769 697 2821 quidem
717 2771 838 2809 oratio
852 2771 960 2822 jubet
974 2771 1192 2822 injuriarum
1209 2778 1402 2809 auctorem
1417 2771 1565 2819 ulcisci,
1579 2773 1679 2813 mor-⁴

242 2835 329 2867 tuos
342 2829 493 2880 juvare,
512 2831 738 2870 necessariis
760 2831 976 2883 gratificari,
995 2832 1184 2870 fortunam
1204 2832 1392 2884 accipere,
1409 2832 1559 2871 Graecis
1584 2836 1678 2872 ami-

241 2903 324 2939 cos,
341 2893 512 2932 barbaris
535 2894 666 2933 hostes
695 2907 793 2941 esse,
817 2894 1041 2945 juvantibus
1067 2894 1270 2942 confidere,
1297 2895 1390 2934 alios
1408 2902 1591 2943 metuere,
1611 2897 1677 2934 lae-
