1870 3277
732 191 961 229 BUSIRIS.
1508 189 1576 226 141

118 303 266 335 ctarent
297 295 511 346 imperavit,
531 294 633 332 haud
662 294 818 345 ignarus
848 305 913 330 eos
941 292 1006 341 qui
1028 291 1191 329 subinde
1211 292 1316 330 aliud
1337 299 1453 342 atque
1475 291 1583 330 aliud*

119 370 257 395 munus
285 357 526 407 susciperent
554 355 646 393 nihil
675 354 863 404 exquisite
886 353 1082 402 cognitum
1105 352 1261 397 habere,
1281 366 1346 390 eos
1368 360 1495 390 autem
1517 355 1586 404 qui

119 420 230 456 rebus
253 418 388 455 iisdem
409 424 597 468 perpetuo
617 413 943 464 essentoecupati
964 414 1001 451 in
1024 426 1093 450 suo
1114 414 1286 451 scientiae
1307 427 1446 464 genere
1466 415 1585 465 pluri-

118 493 219 516 mum
245 480 448 517 excellere.
508 478 622 516 Unde
648 478 723 514 hoc
742 476 942 514 consecuti
964 483 1055 513 sunt
1074 482 1116 512 ut
1137 482 1176 512 et
1197 476 1232 512 in
1253 474 1412 525 singulis
1439 477 1584 513 artibus

117 540 232 589 longe
252 540 340 590 plus
361 539 444 577 aliis
466 538 674 576 artificibus
698 543 883 588 praestent
901 549 1015 586 quam
1035 536 1163 574 caeteri
1185 536 1349 574 artifices
1365 535 1585 574 hominibus

116 600 266 638 illarum
288 601 455 651 ignaris:
486 606 523 636 et
543 599 730 643 ordinem,
751 611 829 648 quo
848 611 1008 647 regnum
1032 604 1251 648 caeteraque
1271 596 1433 647 reipubl.
1455 598 1587 635 munia

117 669 284 707 tuentur,
315 668 392 699 tarn
419 660 644 712 praeclarum
675 667 839 704 servent,
868 666 912 696 ut
939 660 1054 696 etiam
1084 658 1303 710 philosophi
1335 658 1584 705 celeberrimi,

116 737 233 774 quum
254 723 313 761 his
340 722 386 760 de
410 723 524 760 rebus
555 722 839 772 disputationes
870 721 1089 765 instituunt,
1111 721 1336 772 AEgyptiam
1357 719 1585 775 =reipublicae

117 785 276 822 formam
299 785 450 822 caeteris
470 790 723 835 anteponant,
745 791 783 821 et
804 782 1101 828 Lacedaemonii,
1122 783 1185 833 qui
1214 790 1360 833 partem
1387 782 1583 832 quandam

116 846 204 883 inde
229 846 278 883 ad
303 859 342 883 se
372 845 664 891 transtulerunt,
686 858 794 882 suam
826 844 1102 896 rempublicam
1132 845 1276 895 optime
1306 844 1585 882 administrent.

119 907 218 945 Nam
250 914 293 945 ut
320 908 479 945 militum
510 920 624 945 nemo
653 907 735 945 sine
765 908 877 944 venia
908 907 1204 957 magistratuum
1230 919 1390 957 peregre
1416 907 1529 944 abeat
1548 913 1588 944 et

117 969 428 1007 concoenationes
454 976 492 1007 et
520 982 726 1020 corporum
752 968 1079 1014 exercitationem,
1100 975 1367 1019 praetereaque
1390 980 1438 1005 ne
1459 967 1588 1018 inopia

118 1044 241 1069 rerum
263 1032 561 1069 necessariarum
585 1031 710 1069 coacti
733 1031 886 1082 publica
901 1031 1028 1068 edicta
1044 1031 1246 1082 negligant
1260 1039 1324 1068 aut
1342 1030 1425 1068 aliis
1440 1030 1586 1067 artibus

118 1102 370 1143 occupentur,
388 1094 456 1131 sed
477 1106 630 1131 omnem
654 1100 807 1130 aetatem
829 1106 1020 1143 omneque
1041 1093 1207 1130 studium
1230 1093 1266 1129 in
1286 1092 1398 1129 armis
1419 1098 1458 1129 et
1472 1105 1588 1142 expe-

117 1155 327 1192 ditionibus
347 1162 592 1199 consumant,
613 1155 660 1191 ab
684 1154 873 1205 AEgyptiis
896 1154 979 1191 haec
1000 1155 1129 1191 omnia
1149 1154 1268 1204 petita
1294 1160 1397 1190 sunt.
1456 1153 1586 1190 Tanto

119 1222 247 1253 autem
267 1216 377 1267 pejus
397 1215 454 1252 his
475 1215 661 1253 institutis
683 1222 855 1258 utuntur,
877 1215 982 1265 quod
1002 1215 1074 1265 ipsi
1095 1228 1230 1253 omnes
1251 1215 1394 1252 militiae
1416 1214 1535 1252 dediti
1554 1216 1590 1252 vi

117 1277 198 1333 aliis
221 1290 291 1314 sua
311 1278 453 1327 eripere
475 1277 649 1320 student,
670 1276 722 1312 illi
743 1284 870 1312 autem
891 1277 944 1312 ita
963 1277 1096 1312 vivunt
1118 1284 1161 1312 ut
1186 1289 1251 1313 eos
1275 1277 1389 1313 decet
1417 1276 1482 1325 qui
1513 1289 1586 1314 nec

118 1350 188 1375 sua
208 1337 411 1388 negligunt
431 1349 501 1373 nec
523 1335 749 1373 insidiantur
767 1335 914 1372 alienis,
974 1336 1174 1376 Quantum
1198 1349 1311 1386 porro
1334 1337 1433 1373 inter
1448 1343 1589 1374 utram-

118 1412 191 1449 que
209 1398 387 1449 gerendae
402 1397 622 1448 reipublicae
638 1397 824 1434 rationem
841 1396 988 1434 intersit
1002 1409 1048 1433 ex
1065 1410 1111 1434 eo
1127 1398 1293 1449 perspici
1308 1404 1460 1448 potest:
1482 1399 1588 1448 quod

119 1460 150 1497 si
178 1472 309 1497 omnes
338 1458 532 1509 pigritiam
557 1464 596 1496 et
624 1459 822 1496 avaritiam
853 1458 1238 1496 Lacedaemoniorum
1270 1460 1474 1505 imitemur,
1495 1474 1587 1499 mox

119 1527 198 1558 tum
220 1522 268 1558 ob
289 1533 453 1558 annonae
472 1520 673 1571 penuriam
701 1526 781 1557 tum
809 1527 963 1571 propter
988 1521 1172 1558 intestina
1197 1521 1302 1559 bella
1331 1522 1584 1572 perierimus;

119 1584 174 1620 sin
196 1583 465 1633 AEgyptiorum
494 1582 669 1620 instituta
698 1583 819 1620 secuti
853 1582 916 1619 alii
945 1596 1044 1634 opus
1074 1584 1201 1622 facere
1230 1583 1292 1621 alii
1323 1584 1460 1622 horum
1492 1598 1587 1637 opes

118 1644 215 1682 tueri
229 1644 561 1689 voluerimus,suis
576 1643 719 1694 quique
734 1645 905 1682 contenti
920 1644 1058 1682 finibus
1072 1645 1227 1682 beatam
1243 1645 1359 1683 vitam
1373 1645 1586 1697 exigemus.

171 1706 209 1743 9.
240 1706 365 1755 Atque
385 1705 500 1742 etiam
523 1705 723 1755 sapientiae
741 1705 911 1743 studium
933 1705 987 1743 illi
1008 1706 1368 1757 merito‘acceptum
1387 1707 1585 1747 referetur.

121 1767 220 1805 Nam
243 1767 512 1804 sacerdotibus
534 1766 585 1804 ita
607 1767 816 1818 prospexit,
838 1768 1003 1818 primum
1027 1775 1069 1804 ut
1092 1781 1112 1804 e
1133 1767 1252 1805 sacris
1280 1768 1465 1806 reditibus
1493 1783 1586 1821 opes

119 1828 326 1872 haberent3
358 1828 513 1873 deinde,
536 1829 625 1879 quia
654 1829 803 1879 legibus
831 1842 963 1867 eorum
994 1829 1253 1868 sanctimonia
1281 1843 1432 1868 summa
1459 1832 1587 1882 requi-

119 1890 225 1935 ritur,
246 1896 290 1927 ut
308 1896 567 1940 temperanter
587 1890 781 1933 viverent3
813 1890 993 1941 denique,
1013 1905 1132 1942 quum
1152 1891 1341 1930 immunes
1361 1892 1437 1929 sint
1452 1906 1474 1930 a
1491 1893 1588 1931 mili·

118 1951 172 1989 tia
192 1951 420 2002 caeterisque
440 1951 649 1998 laboribus,
667 1959 709 1990 ut
724 1953 851 2003 quiete
868 1960 982 2004 atque
1002 1953 1040 1990 in
1061 1954 1139 1991 otio
1156 1953 1364 2004 degerent;
1397 1955 1450 1992 illi
1472 1955 1590 2006 igitur

120 2012 179 2051 his
200 2013 259 2050 usi
279 2013 620 2051 commoditatibus
642 2014 691 2052 ad
711 2027 872 2065 corpora.
893 2015 1071 2066 juvanda
1096 2016 1326 2054 medicinam
1348 2016 1588 2066 invenerunt,

120 2087 196 2112 non
225 2087 309 2111 eam
339 2088 427 2124 quae
454 2074 677 2125 periculosis
704 2075 999 2114 medicamentis
1027 2077 1159 2122 utitur,
1183 2077 1252 2115 sed
1276 2078 1465 2128 ejusmodi
1486 2093 1589 2130 quae,

121 2149 242 2186 quum
272 2150 383 2186 aeque
412 2141 496 2173 tuto
525 2136 623 2173 sumi
648 2137 799 2188 possint
827 2144 869 2174 ut
901 2138 975 2176 cibi
1004 2138 1229 2189 quotidiani,
1252 2145 1380 2176 tantas
1402 2140 1590 2180 utilitates

122 2196 267 2235 habent
287 2205 328 2234 ut
348 2209 460 2234 nemo
481 2205 599 2247 neget
618 2211 684 2235 eos
705 2206 743 2235 et
763 2199 1024 2236 saluberrimis
1046 2213 1129 2237 esse
1150 2201 1375 2250 corporibus
1396 2208 1435 2239 et
1456 2202 1589 2240 diutis-

123 2258 217 2296 sime
236 2259 384 2297 vivere:
415 2259 578 2309 ingeniis
595 2266 722 2296 autem
745 2258 999 2310 philosophiae
1017 2260 1327 2298 exercitationem
1349 2261 1589 2302 demonstra-

123 2327 225 2365 runt,
245 2334 331 2371 quae
353 2327 432 2358 tum
454 2321 560 2370 leges
587 2321 733 2358 sancire
760 2327 841 2358 tum
868 2335 992 2359 rerum
1023 2329 1200 2360 naturam
1230 2323 1418 2374 indagare
1445 2332 1589 2376 potest.

126 2383 188 2420 Ac
209 2383 365 2420 senibus
386 2382 541 2432 quidem
562 2383 778 2434 praecipuas
795 2396 854 2421 res
872 2390 1003 2434 gestas
1019 2385 1314 2432 mandaverunt,
1331 2386 1589 2427 adolescenti-

125 2443 198 2481 bus
225 2450 354 2480 autem
382 2450 657 2493 persuaserunt
681 2451 722 2480 ut
747 2445 891 2482 omisso
913 2445 1153 2496 voluptatum
1175 2447 1303 2485 studio
1324 2447 1360 2484 in
1381 2449 1591 2500 astrologia

125 2511 164 2541 et
190 2504 430 2542 arithmetica
456 2511 494 2542 et
521 2505 728 2554 geometria
746 2512 1005 2553 versarentur,
1024 2521 1186 2558 quarum
1213 2509 1437 2548 facultatem
1464 2510 1526 2548 alii
1549 2519 1592 2550 ut

126 2565 175 2603 ad
202 2566 276 2603 alia
302 2565 583 2604 conducibilem
612 2566 785 2613 laudant,
808 2567 871 2605 alii
901 2581 966 2606 eas
994 2569 1041 2606 ad
1069 2569 1247 2608 virtutem
1275 2584 1428 2621 quoque
1453 2585 1590 2612 conse-

126 2627 321 2677 quendam
342 2627 554 2677 adjumenti
573 2628 777 2678 plurimum
800 2629 934 2668 afferre
955 2631 1207 2670 contendunt.

186 2689 245 2726 10.
278 2688 460 2726 Maximis
477 2696 608 2727 autem
625 2690 805 2728 laudibus
827 2698 864 2729 et
883 2691 1133 2730 admiratione
1149 2692 1268 2742 digna
1283 2700 1342 2731 est
1355 2706 1486 2732 eorum
1504 2695 1592 2734 reli·

131 2750 194 2800 gio
219 2758 258 2788 et
285 2751 442 2788 deorum
468 2751 738 2790 immortalium
767 2752 906 2790 cultus.
965 2753 1065 2791 Nam
1092 2755 1157 2803 qui
1183 2754 1236 2792 ita
1263 2768 1304 2793 se
1330 2762 1527 2806 pararunt,
1549 2766 1592 2796 ut

133 2811 191 2848 vel
216 2811 387 2849 scientiae
406 2812 466 2850 vel
486 2813 634 2851 virtutis
661 2814 816 2852 nomine
841 2815 1024 2863 majorem
1047 2815 1094 2852 de
1115 2828 1155 2853 se
1176 2829 1291 2867 quam
1315 2830 1382 2868 pro
1403 2818 1593 2870 dignitate

131 2871 348 2921 opinionem
376 2873 593 2920 excitarint,
612 2874 651 2912 hi
680 2874 855 2925 deceptis
885 2883 1045 2913 nocent:
1077 2877 1142 2927 qui
1169 2885 1296 2915 autem
1320 2878 1458 2917 divinis
1479 2881 1591 2918 rebus

133 2931 183 2968 ita
205 2939 390 2982 praesunt,
406 2940 446 2971 ut
462 2941 499 2972 et
515 2935 656 2973 auxilia
672 2943 710 2974 et
730 2949 853 2986 poenae
873 2936 1058 2992 certiores
1073 2950 1117 2975 ac
1136 2938 1342 2988 paratiores
1363 2952 1477 2989 quam
1502 2950 1590 2978 sunt
