1870 3277
507 206 800 247 ADVERSUS
832 201 1249 242 CALLIMACHUM.
1525 198 1595 235 261

157 310 257 347 mala
275 309 501 354 incidamus,
521 323 606 357 quae
633 322 703 347 nos
729 309 809 345 haec
828 306 972 344 foedera
990 305 1114 342 facere
1134 302 1366 353 coegerunt?
1399 302 1601 340 Enimvero

159 384 226 408 vos
247 371 294 408 ab
315 370 400 408 aliis
421 371 563 408 discere
583 370 677 408 nihil
702 381 860 407 necesse
887 373 946 404 est
964 372 1148 415 quantum
1170 363 1374 401 concordia
1391 363 1533 400 bonum
1553 362 1602 399 sit

158 439 225 469 aut
244 431 337 482 quid
364 431 452 469 mali
477 432 683 469 seditiones
709 430 891 485 habeant:
924 440 1013 464 nam
1032 425 1085 463 ita
1112 424 1306 463 evidenter
1335 424 1480 473 experti
1508 423 1598 460 estis

159 500 372 543 utrumque,
392 499 434 530 ut
451 493 509 531 his
529 493 576 530 de
598 493 710 530 rebus
729 489 824 527 alios
842 490 954 527 etiam
975 488 1117 538 optime
1138 484 1340 524 doceretis.

216 555 277 591 19.
309 555 368 591 Ne
396 561 522 591 autem
551 566 597 591 eo
621 553 750 590 videar
775 551 812 587 in
839 550 1047 587 foederibus
1074 547 1280 594 immorari,
1299 546 1402 596 quod
1423 546 1534 583 facile
1554 545 1603 582 sit

163 615 285 653 multa
312 628 425 662 aequa
452 615 500 651 de
530 613 663 651 iisdem
695 613 835 657 dicere,
866 613 939 650 hoc
969 617 1118 649 tantum
1149 610 1186 647 in
1218 607 1502 659 pronuntiando
1535 619 1603 643 vos

161 677 375 714 meminisse
401 676 532 721 velim,
555 681 758 725 antequam
789 688 833 712 ea
862 675 966 713 facta
995 680 1126 711 essent
1153 671 1297 709 bellum
1323 683 1394 707 nos
1420 668 1600 719 gessisse,

160 739 255 777 alios
270 738 460 775 moenibus
473 737 761 783 inclusos‚alios
778 737 924 774 Piraeeo
937 742 1141 785 occupatO,
1158 733 1415 771 infestioribus
1429 744 1519 781 erga
1534 743 1603 767 nos

158 800 322 838 invicem
341 799 475 836 animis
495 812 608 849 quam
636 799 673 836 in
694 812 759 837 eos
779 812 876 849 quos
896 797 1056 848 majores
1076 796 1193 834 nostri
1211 793 1471 832 haereditarios
1494 792 1603 829 nobis

159 861 288 898 hostes
308 859 565 910 reliquerunt:
595 867 799 910 postquam
822 865 949 896 autem
970 858 1007 895 in
1027 870 1144 895 unum
1159 855 1407 895 convenimus
1422 854 1498 891 fide
1514 853 1605 890 data

158 928 194 959 et
214 929 386 972 accepta,
408 922 461 959 ita
478 921 639 959 honeste
667 927 707 958 et
734 920 892 958 comiter
917 920 954 957 in
974 920 1065 958 urbe
1085 919 1223 964 vivere,
1244 918 1351 968 quasi
1376 915 1490 954 nullae
1511 914 1605 952 inter

159 996 227 1020 nos
259 983 517 1021 dissensiones
549 982 800 1020 exstitissent.
859 984 914 1018 Ac
946 988 1027 1018 turn
1059 981 1217 1031 quidem
1248 993 1319 1018 nos
1350 979 1397 1016 ab
1428 976 1604 1015 omnibus

159 1043 409 1082 stultissimos
428 1052 467 1081 et
484 1043 764 1081 infelicissimos
790 1043 952 1087 habitos,
980 1056 1082 1080 nunc
1108 1041 1351 1079 felicissimos
1376 1048 1415 1078 et
1437 1038 1604 1090 pruden-

160 1105 328 1142 tissimos
358 1106 583 1143 Graecorum
612 1105 778 1142 omnium
808 1104 983 1156 judicari.
1041 1106 1169 1146 Quare
1198 1103 1263 1153 qui
1291 1102 1434 1139 foedera
1465 1099 1606 1137 violare

160 1166 318 1212 audent,
335 1179 411 1204 non
427 1166 542 1204 modo
562 1165 710 1216 magnis
730 1165 799 1203 sed
819 1166 998 1203 extremis
1020 1165 1217 1216 suppliciis
1239 1163 1430 1201 afficiendi
1451 1168 1550 1204 sunt,
1568 1167 1610 1197 ut

160 1227 225 1277 qui
247 1227 413 1265 maxima
431 1227 598 1264 conflare
618 1227 719 1264 mala
737 1235 939 1273 conentur,
966 1226 1020 1263 illi
1046 1226 1253 1278 praesertim
1274 1225 1336 1275 qui
1359 1225 1411 1262 sic
1431 1224 1609 1262 vixerunt

164 1297 206 1326 ut
225 1289 505 1326 Callimachus.

165 1390 168 1394 ,
215 1352 280 1387 20.
311 1350 398 1394 Qui,
424 1362 542 1399 quum
564 1349 842 1386 Lacedaemonii
869 1349 1004 1387 decem
1031 1355 1238 1400 perpetuos
1267 1360 1385 1385 annos
1413 1347 1513 1384 bello
1540 1360 1608 1385 nos

160 1411 399 1455 infestarent,
430 1410 579 1448 nullum
608 1423 779 1461 unquam
810 1410 912 1447 diem
937 1410 1100 1448 ducibus
1127 1417 1268 1460 praesto
1296 1409 1368 1446 fuit
1397 1416 1440 1445 ut
1467 1408 1504 1444 in
1530 1408 1608 1446 acie

161 1472 426 1518 collocaretur,
447 1471 514 1509 sed
536 1484 582 1509 eo
602 1479 772 1522 tempore
792 1471 954 1509 subinde
973 1471 1121 1522 aufugit
1141 1483 1310 1521 opesque
1328 1483 1417 1507 suas
1438 1469 1609 1507 occulta-

160 1533 233 1577 vit;
266 1540 466 1584 postquam
485 1546 574 1571 vero
593 1533 750 1584 triginta
769 1532 919 1583 tyranni
950 1546 1099 1571 summa
1124 1545 1247 1570 rerum
1274 1531 1383 1582 potiti
1404 1540 1508 1578 sunt,
1527 1539 1607 1568 tum

161 1594 315 1639 demum
335 1594 372 1631 in
393 1596 524 1634 urbem
545 1608 720 1633 reversus
741 1603 811 1632 est.
856 1594 909 1631 Et
928 1607 968 1632 se
988 1594 1139 1644 quidem
1161 1593 1383 1645 popularem
1402 1606 1486 1630 esse
1505 1593 1610 1638 dicit,

162 1662 270 1694 tanto
297 1663 427 1693 autem
447 1656 528 1693 aliis
549 1657 719 1707 cupidior
740 1664 800 1694 est
827 1657 1021 1694 societatis
1042 1655 1141 1693 illius
1162 1655 1394 1706 reipublicae,
1417 1662 1456 1693 ut
1481 1657 1528 1693 ab
1555 1656 1610 1693 eis

162 1730 209 1754 ne
231 1716 328 1754 male
349 1717 504 1766 quidem
524 1724 713 1755 tractatus
733 1718 912 1756 recedere
931 1718 1105 1764 voluerit,
1126 1718 1195 1755 sed
1214 1731 1299 1755 cum
1319 1718 1536 1755 auctoribus
1555 1717 1611 1754 in-

156 1778 340 1828 juriarum
352 1778 518 1816 obsideri
532 1778 706 1821 maluerit
721 1793 836 1830 quam
854 1781 1050 1817 vobiscum
1065 1780 1129 1830 qui
1148 1793 1222 1817 una
1235 1778 1317 1816 laesi
1331 1779 1443 1816 eratis
1456 1779 1609 1830 degere.

165 1839 216 1876 Et
243 1839 292 1876 ad
318 1853 405 1876 eum
433 1853 556 1890 usque
584 1840 685 1878 diem
710 1842 902 1892 particeps
931 1840 1149 1892 reipublicae
1175 1840 1279 1891 apud
1305 1840 1389 1878 illos
1415 1841 1610 1886 manserit,

164 1913 240 1950 quo
261 1913 410 1937 murum
430 1902 689 1951 oppugnaturi
708 1903 844 1940 eratis:
875 1910 955 1940 tum
977 1916 1067 1941 vero
1087 1903 1240 1940 demum
1261 1902 1366 1948 exiit,
1392 1915 1465 1939 non
1488 1909 1610 1940 status

163 1963 366 2012 praesentis
386 1963 489 2008 odio,
510 1964 576 2001 sed
603 1964 835 2002 imminentis
864 1965 1020 2014 periculi
1041 1972 1157 2010 metu,
1176 1972 1220 2002 ut
1237 1972 1372 2014 postea
1391 1964 1611 2002 declaravit.

165 2022 292 2065 Quum
305 2024 403 2060 enim
419 2037 442 2061 a
455 2023 752 2062 Lacedaemoniis
769 2025 933 2076 populus
950 2026 986 2063 in
1002 2025 1149 2063 Piraeeo
1167 2026 1338 2063 inclusus
1352 2037 1466 2069 esset,
1482 2039 1611 2064 rursus

164 2083 253 2122 inde
281 2085 430 2134 aufugit
458 2098 502 2123 ac
522 2086 558 2123 in
582 2086 729 2124 Boeotia
748 2094 1006 2125 commoratus
1027 2095 1103 2125 est:
1130 2101 1247 2138 quare
1266 2089 1303 2126 in
1326 2088 1611 2139 transfugarum

164 2145 292 2183 album
311 2147 436 2196 potius
456 2146 720 2186 inscribendus
742 2157 800 2187 est
815 2163 932 2199 quam
951 2150 1048 2187 inter
1062 2150 1218 2188 exsules
1235 2150 1503 2188 nominandus.
1550 2150 1610 2194 Et,

166 2219 282 2257 quum
303 2207 356 2246 ita
374 2220 415 2245 se
435 2209 600 2258 gesserit
619 2217 698 2253 tum
718 2210 756 2247 in
774 2223 840 2248 eos
855 2211 918 2261 qui
938 2211 1125 2249 Piraeeum
1143 2219 1379 2263 occuparant
1397 2219 1473 2248 turn
1491 2213 1555 2261 qui
1575 2212 1611 2248 in

165 2268 258 2306 urbe
279 2277 499 2308 manserant
525 2277 603 2308 tum
632 2284 723 2322 erga
750 2278 868 2310 totam
896 2272 1102 2319 civitatem,
1132 2286 1208 2311 non
1237 2280 1439 2312 contentus
1459 2280 1517 2310 est
1535 2273 1611 2324 pari

163 2329 250 2380 jure
271 2343 358 2368 cum
378 2332 539 2378 caeteris,
567 2332 635 2370 sed
663 2333 815 2372 meliore
840 2334 1057 2373 conditione
1085 2348 1170 2373 esse
1190 2335 1272 2373 vult
1289 2348 1403 2386 quam
1422 2348 1489 2372 vos
1508 2334 1613 2380 estis,

164 2390 323 2442 perinde
342 2404 386 2430 ac
405 2392 436 2429 si
455 2391 514 2430 vel
535 2393 639 2431 solus
659 2393 772 2432 laesus
793 2395 853 2433 vel
871 2395 1008 2434 civium
1028 2395 1194 2447 optimus
1217 2396 1274 2434 vel
1302 2396 1476 2434 maximis
1494 2395 1613 2432 cladi-

164 2453 237 2490 bus
266 2461 419 2504 propter
447 2468 515 2492 vos
547 2455 708 2493 affectus
733 2465 834 2495 esset
862 2463 929 2496 aut
957 2457 1120 2508 plurima
1146 2458 1184 2496 in
1212 2458 1395 2508 rempubl.
1428 2456 1614 2494 beneficia

165 2515 403 2553 contulisset.
450 2515 597 2554 Vellem
617 2517 795 2568 equidem
812 2531 899 2556 eum
919 2520 972 2557 ita
992 2527 1122 2557 notum
1145 2532 1229 2557 esse
1244 2519 1351 2557 vobis
1372 2525 1413 2556 ut
1432 2518 1521 2555 mihi
1539 2526 1612 2563 est,

164 2589 211 2614 ne
230 2577 279 2614 ob
296 2577 436 2616 amissa
452 2578 570 2617 vicem
591 2579 672 2630 ejus
693 2580 887 2626 doleretis,
907 2581 978 2619 sed
997 2581 1128 2619 relicta
1146 2581 1198 2618 illi
1218 2581 1449 2619 invideretis.
1500 2581 1612 2618 Nunc

163 2638 300 2687 quibus
322 2639 405 2678 aliis
424 2639 628 2680 insidiatus
649 2641 711 2687 sit,
728 2655 822 2692 quas
844 2642 931 2681 lites
946 2649 1028 2681 tum
1043 2642 1092 2680 de
1108 2642 1271 2693 publicis
1290 2649 1370 2679 turn
1387 2642 1436 2679 de
1456 2641 1612 2692 privatis

165 2699 385 2738 criminibus
405 2701 624 2748 intenderit,
648 2717 808 2754 quorum
836 2704 1067 2743 factionibus
1097 2703 1313 2749 adhaeserit,
1341 2704 1488 2754 quoties
1515 2704 1613 2742 falsa

163 2759 381 2799 testimonia
409 2763 556 2809 dixerit,
594 2765 742 2804 etiamsi
773 2766 905 2804 datum
935 2764 1025 2802 mihi
1058 2772 1206 2815 tempus
1237 2764 1505 2815 duplicaretur,
1537 2779 1611 2803 non

166 2820 258 2858 satis
288 2829 393 2860 esset
413 2823 462 2860 ad
480 2825 752 2864 enarrandum:
784 2825 867 2873 sed,
892 2826 924 2864 si
943 2839 1060 2863 unum
1081 2826 1273 2864 duntaxat
1285 2826 1433 2865 facinus
1453 2827 1610 2865 audive-

166 2883 258 2927 ritis,
279 2883 391 2921 facile
411 2897 562 2925 omnem
580 2888 662 2938 ejus
683 2887 965 2938 improbitatem
983 2887 1242 2937 cognoscetis.

218 2944 283 2982 21.
305 2945 485 2983 Cratinus
505 2959 594 2985 cum
613 2949 721 2986 istius
738 2949 850 2987 affine
869 2949 917 2986 de
939 2949 1057 2987 fundo
1072 2949 1236 2998 quodam
1254 2949 1438 2999 litigabat.
1486 2950 1613 2991 Quum
