1870 3277
588 194 659 232 DE
691 194 1141 233 PERMUTATIONE.
1519 194 1596 231 207

132 295 236 337 majori
259 295 361 326 studio
384 296 524 327 habeatis
549 308 639 339 quam
667 304 701 328 ut
725 298 826 330 Graeci
851 309 943 339 quam
971 298 1185 329 honestissime
1205 299 1244 328 de
1260 298 1348 329 vobis
1363 304 1395 329 et
1412 299 1552 333 sentiant?
1566 304 1600 330 et

131 347 311 388 loquantur:
337 358 420 383 nani,
435 358 511 389 quos
527 348 571 379 illi
585 349 628 380 sic
645 349 795 380 animatos
811 349 955 386 viderint,
967 349 1015 380 his
1032 349 1109 379 ultro
1125 354 1157 380 et
1170 353 1345 390 potentatus
1361 355 1392 380 et
1408 349 1600 392 principatus

133 398 289 429 deferunt.

530 451 548 469 ὓ
638 451 655 469 ¹·
743 452 760 469 Ο
851 451 868 469 θ
957 452 976 469 Ι
1064 451 1083 469 ὕ
1171 451 1190 469 ὓ

133 498 217 529 Nam
233 500 264 529 in
280 501 371 531 rebus
387 500 517 532 Graeciae
535 501 678 532 secundis
698 502 886 532 eruditorum
911 502 1004 532 etiam
1027 501 1184 532 hominum
1202 512 1248 532 res
1264 501 1359 532 multo
1381 502 1447 532 fieri
1462 502 1601 534 meliores

132 559 371 584 consueverunt.

188 629 255 666 25.
286 629 463 666 Duarum
490 629 606 679 igitur
631 629 845 667 orationum
865 628 1056 679 quasdam
1082 634 1212 679 partes
1233 627 1450 673 audivistis,
1473 628 1542 666 sed
1563 636 1602 667 et

134 702 154 727 e
180 690 295 727 tertia
320 703 445 740 pauca
475 690 660 736 recitabo,
676 697 719 727 ut
749 703 883 728 omnes
916 703 1023 728 meas
1050 690 1244 728 orationes
1276 690 1326 728 ad
1353 690 1533 728 virtutem
1564 696 1604 728 et

128 749 316 801 justitiam
337 751 467 788 referri
493 751 644 801 planius
674 751 914 802 intelligatis.
972 751 1112 789 Monet
1140 758 1268 790 autem
1298 752 1382 790 haec
1407 765 1496 803 quae
1521 752 1603 803 jam

135 812 288 862 legetur
314 812 449 857 oratio,
469 813 687 859 Nicoclem,
713 814 779 864 qui
810 825 856 851 eo
883 818 1057 864 tempore
1087 813 1208 865 Cypri
1239 826 1402 865 regnum
1430 814 1604 861 tenebat,

134 873 328 924 quomodo
348 874 493 912 civibus
514 875 564 912 sit
583 875 875 926 imperandum:
905 888 1031 926 neque
1050 889 1142 914 vero
1163 876 1300 914 eodem
1320 875 1437 914 modo
1463 876 1605 927 scripta

136 943 197 973 est
214 948 292 986 quo
308 949 365 973 eae
385 949 473 987 quae
494 935 578 987 jam
598 936 712 975 lectae
733 943 837 974 sunt.
895 936 939 975 In
966 937 1041 975 illis
1060 937 1162 975 enim
1182 937 1370 989 quicquid
1391 937 1544 985 dicitur,
1565 938 1604 977 id

135 1010 225 1035 cum
247 997 433 1048 superiori
462 1005 649 1050 perpetua
669 998 765 1036 serie
794 997 965 1037 cohaeret
982 1011 1028 1037 ac
1049 999 1270 1038 devinctum
1292 1005 1362 1046 est,
1383 998 1421 1037 in
1442 999 1517 1038 hae
1536 1013 1604 1038 au-

136 1064 214 1095 tern
235 1058 469 1096 eontrarium
495 1059 550 1096 fit.
609 1058 831 1097 Dissolutas
859 1059 959 1097 enirn
979 1067 1018 1098 et
1037 1060 1239 1099 distinctas
1260 1073 1283 1098 a
1301 1060 1488 1111 prioribus
1509 1074 1607 1112 prae-

138 1120 338 1172 ceptiones
375 1120 412 1158 in
441 1122 568 1173 capita
599 1135 686 1173 quae
711 1129 900 1161 vocantur
930 1122 1076 1175 redegi,
1109 1130 1154 1161 ut
1180 1124 1308 1163 omnia
1337 1138 1425 1175 quae
1461 1125 1609 1164 suadeo

137 1184 269 1234 paucis
297 1183 422 1222 verbis
453 1184 700 1235 explicarem.
759 1185 804 1223 Id
837 1195 965 1224 autem
997 1193 1265 1237 argumentum
1298 1194 1506 1238 propterea
1537 1196 1611 1227 tra-

141 1245 255 1291 ctavi,
275 1246 381 1296 quod
416 1245 686 1284 existimabam
711 1247 908 1285 monendo
940 1248 1279 1299 praecipiendoque
1301 1262 1362 1287 me
1383 1256 1421 1287 et
1447 1250 1530 1302 ejus
1551 1251 1608 1288 in-

140 1307 253 1357 genio
280 1307 468 1344 maximas
497 1307 684 1345 utilitates
705 1307 910 1346 allaturum
934 1315 973 1347 et
1002 1322 1128 1347 mores
1155 1323 1262 1349 meos
1282 1311 1427 1362 optime
1447 1311 1609 1350 demon-

137 1374 361 1412 straturum.
419 1369 509 1411 Qua
535 1368 669 1407 eadem
690 1369 738 1407 de
766 1382 885 1408 causa
906 1371 1012 1408 vobis
1032 1371 1147 1409 etiam
1176 1386 1280 1412 nunc
1300 1386 1383 1411 eam
1405 1373 1611 1412 ostendere

141 1432 340 1478 constitui,
354 1444 431 1469 non
451 1431 556 1482 quod
576 1432 676 1470 inter
696 1438 856 1471 caeteras
875 1433 1118 1472 ornatissime
1138 1435 1280 1486 scripta
1299 1435 1359 1481 sit,
1374 1435 1443 1473 sed
1463 1448 1550 1486 quae
1565 1448 1613 1474 ex

143 1506 188 1531 ea
207 1493 350 1544 optime
371 1493 558 1544 cognosci
586 1502 702 1544 queat
722 1507 799 1544 quo
819 1501 935 1545 pacto
956 1501 996 1532 et
1028 1508 1115 1533 cum
1147 1496 1308 1547 plebeiis
1334 1496 1552 1535 hominibus
1574 1502 1614 1535 et

142 1567 230 1593 cum
251 1554 488 1606 principibus
509 1554 598 1592 viris
621 1568 735 1606 agere
756 1555 927 1594 soleam:
955 1556 1048 1595 hinc
1068 1557 1169 1595 enim
1198 1558 1400 1610 apparebit
1415 1571 1476 1596 me
1494 1558 1614 1596 libere

143 1622 181 1654 et
200 1629 220 1654 e
240 1615 430 1667 dignitate
456 1622 602 1654 nostrae
622 1616 786 1655 civitatis
814 1630 903 1655 cum
921 1630 966 1656 eo
987 1617 1232 1665 disseruisse,
1258 1632 1330 1659 nec
1351 1620 1491 1658 divitiis
1511 1620 1612 1658 illius

143 1690 215 1715 nec
231 1677 414 1728 potentiae
437 1677 677 1724 adulantem,
696 1678 763 1715 sed
785 1685 825 1716 et
844 1679 976 1730 populi
998 1692 1155 1717 causam
1183 1681 1324 1731 egisse,
1345 1688 1384 1720 et
1409 1682 1443 1720 ei
1473 1682 1615 1733 guber-

143 1740 339 1779 nationem
355 1753 470 1792 quam
486 1740 568 1779 fieri
586 1740 712 1792 potuit
730 1740 969 1779 lenissimam
985 1743 1188 1792 (quantum
1208 1743 1247 1780 in
1267 1756 1330 1781 me
1350 1743 1507 1794 quidem
1528 1744 1616 1793 fuit)

144 1802 402 1841 constituisse.
460 1802 590 1846 Quum
625 1810 754 1841 autem
793 1816 880 1841 cum
913 1817 1002 1855 rege
1035 1816 1157 1855 agens
1196 1806 1340 1857 populo
1377 1805 1447 1844 sim
1485 1813 1616 1857 patro-

145 1865 310 1911 cinatus,
338 1870 486 1915 quanto
505 1864 631 1915 magis
659 1865 696 1902 in
725 1865 904 1916 populari
929 1865 1176 1904 versantibus
1205 1867 1357 1919 republ.
1378 1868 1552 1906 hortator
1579 1874 1618 1906 et

147 1932 282 1965 auctor
300 1939 365 1965 ero
379 1925 555 1964 colendae
577 1926 849 1965 multitudinis.

204 1988 270 2025 26.
299 1987 357 2025 Ac
383 1988 421 2025 in
443 1987 602 2026 exordio
620 1986 775 2037 quidem
802 1994 841 2025 et
860 1986 983 2038 primo
1004 1988 1123 2026 veluti
1142 1988 1274 2027 limine
1294 1991 1478 2029 orationis
1497 2004 1622 2043 repre-

148 2048 279 2086 hendo
306 2048 513 2099 principes,
529 2048 609 2099 qui,
625 2061 743 2099 quum
771 2049 947 2087 excolere
968 2055 1135 2087 mentem
1155 2056 1196 2088 et
1213 2050 1412 2102 ingenium
1438 2065 1622 2092 exercere

148 2109 270 2161 magis
300 2122 416 2160 quam
448 2109 511 2147 alii
539 2109 738 2156 deberent,
762 2111 872 2162 pejus
899 2109 1065 2148 instituti
1097 2111 1174 2150 sint
1200 2112 1419 2152 hominibus
1448 2115 1623 2166 privatis.

148 2173 209 2210 'Ea
230 2171 493 2224 disputatione
523 2172 715 2220 absoluta,
736 2172 937 2211 Nicoclem
965 2186 1104 2212 moneo
1132 2188 1182 2213 ne
1206 2175 1392 2214 secordiae
1420 2177 1622 2229 indulgeat

150 2248 250 2274 neve
279 2248 325 2274 eo
356 2234 539 2287 [omisso]
568 2235 694 2274 animo
722 2235 784 2282 sit,
812 2235 922 2286 quasi
950 2249 1113 2287 regnum
1141 2244 1330 2290 tanquam
1362 2240 1622 2279 sacerdotium

154 2297 405 2349 suscepisset,
436 2296 506 2335 sed
543 2303 588 2334 ut
620 2297 759 2349 spretis
791 2298 1054 2349 voluptatibus
1091 2299 1262 2338 animum
1294 2303 1416 2341 rebus·
1444 2303 1623 2354 gerendis

152 2358 344 2397 intendat.
413 2358 513 2396 Illud
542 2358 659 2397 etiarn
692 2359 727 2397 ei
759 2358 994 2411 persuadere
1025 2374 1159 2408 conor,
1191 2375 1270 2400 rem
1307 2364 1623 2402 absurdissimam

155 2419 470 2467 existimandum,
489 2419 520 2457 si
540 2419 749 2459 deteriores
782 2433 871 2459 cum
900 2422 1061 2473 imperio
1081 2436 1249 2474 praeesse
1278 2424 1408 2463 videat
1434 2433 1623 2477 praestan.

154 2482 314 2520 tioribus
334 2494 381 2520 ac
407 2481 722 2533 prudentioribus
751 2482 844 2521 dare
874 2484 1058 2522 mandata
1087 2485 1312 2530 stultiores3
1345 2494 1460 2538 atque
1491 2501 1624 2526 assero

157 2544 237 2582 fore
257 2550 300 2581 ut
319 2550 466 2594 quanto
486 2544 610 2595 magis
627 2543 787 2582 aliorum
807 2544 1000 2584 inscitiam
1021 2554 1257 2593 contemnat,
1274 2554 1382 2586 tanto
1401 2549 1625 2600 diligentius

157 2605 354 2657 ingenium
373 2618 488 2644 suum
508 2612 702 2644 exerceat.
759 2606 889 2645 Ducto
908 2608 1024 2658 igitur
1039 2609 1145 2647 initio
1162 2622 1184 2647 a
1201 2615 1398 2660 postrema
1415 2617 1522 2662 parte
1541 2624 1627 2651 ora-

158 2667 272 2705 tionis
293 2666 407 2718 hujus
427 2680 582 2718 quoque
598 2666 683 2718 lege
701 2667 805 2718 quod
827 2676 1017 2720 superest.

479 2786 554 2823 EX
584 2786 870 2826 ORATIONE
899 2788 973 2825 AD
1006 2788 1309 2827 NICOCLEM.

208 2862 245 2893 ln
262 2863 368 2904 primis
391 2869 491 2894 autem
513 2865 579 2905 ipse
597 2869 627 2895 te
650 2865 864 2899 coliortabere,
880 2866 904 2895 si
928 2865 957 2895 id
975 2864 1142 2896 absurdum
1168 2866 1292 2898 duxeris
1313 2868 1481 2900 deteriores
1498 2880 1631 2911 praeesse

165 2913 424 2957 praestantioribus
441 2920 471 2945 et
488 2915 641 2946 stultiores
658 2916 905 2956 prudentioribus
921 2916 1082 2956 imperare.

569 2967 584 2984 n
676 2966 693 2984 a
782 2967 800 2985 ο
892 2968 907 2985 ο
996 2968 1013 2986 n
1102 2970 1118 2986 a
1207 2970 1226 2987 ι
