1870 3277
757 508 782 559 l
812 508 846 558 S
875 508 944 559 AE
975 508 1000 559 I

303 630 391 678 DE
429 628 983 678 PHILOCTEMONIS
1019 628 1464 678 HEREDITATE.

641 812 1110 852 ARGUMENTUM.

198 895 393 928 Euctemonis
409 897 486 928 filius
501 897 713 929 Philoctemon
729 899 823 930 filium
840 900 964 931 alterius
980 898 1089 930 sororis
1104 901 1137 928 et
1152 896 1347 928 Phanostrati
1365 896 1597 929 Chaerestratum

154 948 321 988 adoptans,
338 954 519 980 testamento
534 949 658 990 inquam
674 951 814 991 deposito
830 961 898 982 cum
914 951 1043 982 Chaerea
1057 949 1179 980 alterius
1196 949 1305 979 sororis
1320 949 1397 985 viro,
1408 949 1480 979 vivo
1495 949 1599 979 adhuc

154 1005 239 1039 patre
254 1006 387 1031 mortuus
409 1006 472 1030 est:
497 1006 604 1042 postea
617 1011 689 1031 vero
706 1008 736 1032 et
751 1002 804 1032 illo
822 1008 940 1033 mortuo
958 1001 1178 1032 Chaerestratus
1192 1000 1261 1041 lege
1277 999 1478 1030 hereditatem
1494 1010 1599 1031 conse-

154 1055 242 1080 cutus
252 1057 307 1081 est.
330 1051 486 1083 Androcle
501 1063 570 1082 vero
588 1058 719 1083 testante
736 1063 797 1084 uon
811 1054 850 1084 ad
866 1053 949 1084 illum
961 1053 1030 1094 jure
1042 1052 1243 1082 hereditatem
1255 1056 1394 1092 spectare
1405 1062 1474 1082 curn
1485 1051 1598 1082 Eucte-

155 1102 237 1131 moni
255 1107 407 1143 superstes
419 1108 500 1135 esset
513 1103 591 1133 filius
605 1104 756 1144 legitimus
773 1104 952 1140 Antidorus,
966 1109 1070 1134 contra
1088 1102 1307 1133 Chaerestratus
1320 1102 1474 1132 accusavit
1489 1107 1598 1133 testem

153 1151 232 1187 falsi,
247 1158 279 1182 et
294 1153 370 1183 dixit
385 1159 416 1183 et
431 1155 511 1184 hunc
532 1159 563 1183 et
581 1155 699 1184 fratrem
721 1155 785 1195 ejus
805 1165 872 1186 esse
892 1155 1015 1193 nothos,
1031 1155 1158 1194 legeque
1180 1153 1330 1182 sancitum
1354 1163 1420 1182 esse
1444 1152 1598 1193 utriusque

153 1212 241 1232 sexus
257 1205 358 1234 nothis
373 1205 668 1244 consanguinitatem
690 1216 751 1235 non
774 1216 853 1236 esse·
897 1205 1006 1236 Causae
1021 1209 1118 1234 status
1133 1209 1181 1234 est
1195 1203 1423 1243 conjecturalis:
1449 1204 1597 1236 incertum

154 1253 234 1283 enim
248 1264 287 1284 an
298 1254 510 1286 Philoctemon
522 1255 757 1286 Chaerestratum
772 1256 943 1297 adoptavit,
957 1261 989 1286 et
1000 1265 1115 1287 rursum
1131 1254 1280 1285 incertum
1293 1264 1332 1285 an
1345 1254 1510 1284 Antidorus
1525 1255 1601 1295 legi-

153 1304 243 1335 timus
260 1305 309 1335 sit.

210 1379 243 1415 1.
274 1378 676 1417 FAMILIARITATEM
716 1379 807 1416 mihi
840 1391 1028 1417 summam
1065 1390 1154 1415 cum
1193 1377 1449 1416 Phanostrato
1481 1385 1596 1428 atque

154 1438 410 1477 Chaerestrato
430 1440 549 1477 hocce
568 1452 666 1485 esse,
688 1440 856 1490 judices,
876 1439 1077 1491 plerosque
1097 1445 1264 1476 vestrum
1285 1451 1399 1476 nosse
1427 1445 1597 1477 autumo.

153 1501 422 1551 Ignorantibus
455 1507 580 1539 autem
615 1501 809 1539 sufficiens
847 1501 972 1538 dicam
999 1500 1296 1538 documentum:
1340 1499 1600 1538 Chaerestrato

152 1561 253 1600 enim
273 1563 310 1600 in
332 1563 497 1600 Siciliam
512 1562 775 1614 proficiscente
794 1575 881 1600 cum
895 1562 1020 1599 classe
1035 1562 1072 1598 in
1088 1573 1165 1611 qua
1178 1561 1425 1599 trierarchum
1444 1562 1598 1612 agebat,

152 1634 225 1675 ego
244 1624 456 1675 praevidens
476 1624 707 1675 periculaibi
727 1624 979 1669 imminentia,
996 1622 1138 1673 quippe
1156 1623 1221 1672 qui
1235 1623 1316 1674 jam
1331 1631 1445 1660 antea
1463 1623 1598 1661 eadem

155 1685 395 1736 expeditione
428 1686 636 1724 defunctus
668 1698 807 1731 essem,
838 1692 967 1723 tamen
1001 1684 1224 1735 rogantibus
1254 1684 1314 1721 his
1344 1684 1599 1734 navigationis

153 1760 281 1785 comes
302 1747 641 1797 calamitatumque
671 1759 825 1784 consors
849 1746 916 1791 fui,
937 1759 1013 1783 una
1032 1759 1119 1783 cum
1151 1745 1225 1783 illis
1253 1752 1390 1796 captus
1411 1747 1458 1784 ab
1480 1746 1599 1784 hosti-

154 1809 239 1847 bus.
297 1809 488 1852 Quocirca
509 1809 675 1846 futurum
696 1808 744 1845 sit
763 1808 1102 1846 inconsentaneum
1123 1819 1195 1850 me,
1217 1807 1282 1857 qui
1302 1807 1436 1844 horum
1455 1806 1492 1843 in
1513 1819 1598 1856 gra·

157 1872 244 1908 tiam
269 1870 335 1909 illa
354 1871 573 1909 discrimina
599 1871 764 1908 obissem
791 1876 870 1907 tam
891 1869 1093 1920 perspicua
1111 1876 1224 1918 atque
1242 1867 1475 1905 inevitabilia
1494 1868 1598 1918 quod

155 1933 198 1970 iis
222 1932 456 1970 familiariter
476 1939 602 1969 uterer
621 1931 840 1981 amicosque
861 1937 975 1980 atque
997 1930 1189 1968 studiosos
1208 1930 1280 1967 mei
1301 1930 1480 1968 ducerem
1500 1943 1597 1977 esse,

155 2007 257 2031 nunc
285 2006 463 2031 recusare
487 2006 554 2044 pro
574 1993 616 2030 iis
640 2005 796 2030 causam
822 1992 948 2029 dicere
969 2005 1089 2042 eaque
1114 1991 1292 2041 proferre,
1312 1991 1360 2028 ad
1381 2004 1467 2041 quae
1488 1991 1518 2028 si
1541 1998 1596 2030 at·

155 2056 321 2093 tendatis
348 2055 530 2099 animum,
551 2054 781 2105 sperandum
803 2052 851 2090 sit
874 2053 967 2098 fore,
987 2059 1029 2090 ut
1057 2060 1097 2090 et
1117 2066 1183 2090 vos
1210 2052 1439 2090 sententiam
1466 2052 1597 2091 feratis

154 2129 240 2154 cum
260 2117 441 2167 religione
456 2114 700 2167 jurisjurandi
721 2128 743 2152 a
762 2114 867 2152 vobis
887 2114 977 2151 dicti
995 2112 1296 2151 consentientem
1317 2119 1356 2150 et
1374 2112 1509 2161 hijure
1528 2125 1598 2152 suo

154 2178 358 2229 potiantur.
415 2177 656 2227 Quapropter
669 2189 736 2213 vos
752 2188 861 2226 rogo,
876 2182 918 2213 ut
937 2175 1085 2212 veniam
1101 2173 1189 2211 mihi
1205 2173 1355 2212 dicturo
1370 2174 1468 2212 detis
1483 2181 1598 2225 atque

156 2238 336 2276 secundis
357 2238 512 2275 auribus
533 2251 592 2275 me
614 2237 777 2274 audiatis
797 2236 913 2273 verba
933 2236 1161 2273 facientem:
1191 2242 1382 2272 certamen
1403 2234 1504 2272 enim
1523 2235 1596 2272 illis

156 2299 231 2337 hoc
246 2307 306 2337 est
318 2299 420 2336 haud
443 2299 541 2344 leve,
562 2298 628 2336 sed
649 2310 801 2335 summa
820 2310 950 2334 eorum
972 2309 1030 2333 res
1050 2295 1187 2346 agitur.

209 2363 248 2397 2.
278 2360 542 2398 Philoctemon
571 2360 669 2397 enim
692 2357 965 2408 Cephisiensis,
984 2357 1059 2395 hoc
1088 2356 1349 2394 Chaerestrato
1367 2355 1599 2392 familiariter

157 2430 282 2467 utens,
302 2423 401 2459 bona
423 2422 457 2458 ei
476 2434 544 2458 sua
572 2421 728 2471 legabat
757 2419 897 2465 omnia,
917 2419 1160 2468 eundemque
1184 2430 1252 2468 pro
1276 2417 1352 2453 filio
1378 2416 1598 2466 adoptabat,

156 2496 277 2533 eoque
298 2484 400 2520 facto
420 2482 519 2519 diem
541 2494 760 2532 supremum
787 2480 931 2518 obibat.
987 2480 1247 2517 Chaerestrato
1266 2478 1394 2527 itaque
1413 2476 1601 2514 heredita·

155 2551 231 2582 tem
253 2557 301 2582 ex
328 2544 491 2581 formula
517 2542 612 2593 juris
641 2549 807 2593 petente,
827 2541 1008 2592 quoniam
1030 2538 1318 2577 Atheniensium
1346 2537 1485 2588 cuique
1509 2537 1599 2576 licet

155 2606 204 2643 de
230 2606 453 2644 vacuefacta
474 2617 701 2655 quacunque
729 2603 939 2640 hereditate
965 2608 1126 2644 certare,
1158 2600 1221 2650 qui
1249 2599 1403 2649 quidem
1432 2611 1508 2636 non
1530 2611 1599 2649 per

157 2668 338 2717 ambages
359 2668 627 2717 exceptionum
649 2665 717 2703 sed
738 2665 884 2702 directa
898 2663 993 2714 juris
1012 2662 1073 2699 via
1099 2660 1252 2698 incedat
1273 2660 1329 2711 [h.
1345 2672 1379 2697 e.
1399 2666 1599 2711 propterea

156 2729 405 2766 hereditatem
434 2729 503 2766 sibi
535 2735 642 2779 petat
675 2726 898 2779 adjudicari,
929 2725 1110 2775 quoniam
1135 2723 1196 2761 alii
1227 2722 1367 2760 nemini
1401 2723 1532 2775 majori
1561 2731 1599 2762 et

154 2790 466 2841 evidentiorijure
481 2796 686 2841 competat,
700 2802 813 2840 quam
828 2786 930 2835 sibi],
946 2799 1021 2837 quo
1042 2786 1145 2823 facto
1165 2785 1195 2822 si
1216 2791 1349 2835 petens
1364 2785 1468 2823 visus
1487 2785 1599 2824 fuerit

151 2853 237 2903 jure
270 2851 437 2890 omnium
467 2851 676 2889 certissimo
701 2859 814 2901 atque
843 2847 1201 2899 praepollentissimo
1229 2846 1310 2891 niti,
1339 2846 1531 2884 hereditas
1563 2848 1596 2884 ei

155 2913 331 2951 habenda
369 2918 482 2962 atque
518 2913 686 2950 tenenda
718 2910 982 2960 adjudicatur:
1031 2907 1247 2946 intercessit
1288 2906 1501 2946 Androcles
1528 2907 1594 2944 >hic
