1870 3277
475 190 547 226 DE
577 188 864 226 ASTYPHILI
895 187 1264 226 HEREDITATE.
1513 188 1589 224 395

151 290 182 327 si
197 296 315 327 testes
336 290 515 328 adhibeat
535 289 722 342 ejusmodi
743 295 971 327 testamento
986 301 1100 337 quarn
1120 289 1315 338 plurimos,
1332 289 1420 339 lege
1440 288 1588 327 veniam

151 351 287 401 cuique
307 351 422 389 dante
442 352 654 402 cuicunque
673 351 763 389 velit
781 352 883 387 bona
904 363 972 386 sua
991 349 1213 399 delegandi.

206 415 242 450 5.
274 414 351 450 Sed
380 423 417 451 et
445 421 595 465 tempus
621 419 807 464 spectate,
832 411 995 459 judices,
1021 423 1106 461 quo
1123 411 1162 447 hi
1191 410 1298 447 aiunt
1321 418 1591 448 testamentum

154 486 237 510 esse
255 476 450 525 scriptum.
495 475 536 511 In
553 474 748 525 procinctu
765 485 901 523 nempe
922 471 1102 522 scriptum
1119 472 1318 508 aiuntesse
1340 471 1592 520 expeditionis

154 533 399 585 Mityleneae:
430 535 531 585 quod
549 535 579 572 si
593 546 720 572 verum
738 541 808 578 est,
824 540 974 570 constat
990 533 1232 584 Astypliilum
1249 531 1460 568 futurorum
1475 531 1594 570 fuisse

152 596 368 645 prtescium.
426 597 656 646 Quanquam
688 594 788 631 enim
824 607 927 644 saepe
958 600 1132 631 versatus
1165 600 1224 630 est
1256 592 1292 629 in
1322 593 1456 630 castris
1490 596 1594 640 (nam

153 658 314 707 primum
341 659 493 709 quidem
515 659 561 695 ad
593 655 834 700 Corinthum,
856 655 996 693 deinde
1016 656 1054 693 in
1075 655 1285 699 Thessalia,
1307 662 1384 692 turn
1407 654 1595 692 Thebano

153 719 254 756 bello
276 720 456 763 interfuit,
474 718 636 768 denique
652 730 879 768 quocunque
899 717 1067 754 locorum
1082 717 1177 753 mitti
1196 716 1326 766 copias
1347 721 1532 758 cerneret,
1551 727 1596 752 eo

150 781 232 830 ipse
249 793 400 830 quoque
419 780 731 830 proficiscebatur
749 788 876 830 partes
897 792 1016 829 agens
1037 778 1187 828 lochagi
1208 778 1294 828 [seu
1315 776 1596 825 centurionis]),

152 853 349 891 nunquam
368 849 494 878 tamen
515 841 663 878 illorum
683 848 898 889 temporum
917 840 1086 877 omnium
1106 846 1378 877 testamentum
1400 837 1596 876 condidit:

152 903 189 939 in
211 910 395 953 apparatu
415 910 539 940 autem
560 902 660 939 illius
673 902 718 939 ad
736 901 966 952 Mitylenatn
979 900 1231 951 expeditionis
1245 899 1433 945 condidit,
1453 899 1598 937 scilicet

154 963 184 1000 si
204 963 263 1001 his
284 963 503 1001 auctoribus
524 962 741 1006 credimus;
772 975 859 1013 quae
878 961 1068 1012 expeditio
1097 974 1172 999 non
1193 962 1308 999 modo
1331 961 1382 998 illi
1404 968 1597 1011 postrema

152 1025 236 1069 fuit,
266 1025 334 1062 sed
366 1024 479 1062 etiam
507 1025 543 1061 in
569 1037 616 1062 ea
645 1024 746 1061 diem
777 1035 994 1074 supremum
1025 1022 1131 1060 obiit.
1185 1022 1302 1060 Eccui
1325 1021 1403 1072 jam
1431 1029 1596 1059 vestrum

153 1085 322 1122 omnium
353 1084 533 1123 credibile
559 1085 747 1129 videatur,
776 1085 841 1135 qui
870 1083 1097 1134 Astyphilus
1122 1083 1237 1121 toties
1266 1083 1303 1121 in
1334 1090 1460 1120 castra
1485 1081 1599 1132 profi-

152 1147 300 1184 ciscens
319 1153 592 1184 testamentum
612 1146 758 1183 nullum
777 1145 1029 1190 condidisset,
1050 1145 1198 1182 tametsi
1220 1145 1333 1182 sciret
1353 1144 1422 1182 sibi
1441 1143 1597 1195 perinde

153 1207 284 1244 inillis
314 1208 487 1245 omnibus
514 1208 819 1258 expeditionibus
846 1207 1002 1244 fatalem
1031 1207 1299 1244 necessitatem
1325 1206 1536 1250 imminere,
1565 1206 1599 1242 ei

155 1276 232 1306 tum
253 1269 407 1306 demum
429 1282 552 1319 neque
572 1269 683 1306 citius
705 1268 954 1318 sagacitatem
975 1268 1111 1305 mentis
1130 1268 1246 1304 fuisse
1265 1267 1302 1304 in
1324 1266 1600 1317 prospiciendis

155 1342 278 1367 rerum
308 1330 446 1368 futuris
472 1344 556 1367 cum
582 1337 718 1367 eventu
750 1329 913 1366 fortunae
945 1337 1022 1366 tam
1048 1327 1376 1367 consentaneam?
1405 1340 1601 1378 nunquam

155 1398 270 1428 antea
294 1390 340 1427 de
360 1404 484 1428 rerum
505 1404 658 1427 suarum
678 1397 784 1440 parte
804 1390 861 1427 vel
882 1390 1037 1427 minima
1057 1398 1164 1427 stans
1182 1390 1221 1427 in
1240 1389 1439 1440 procinctu
1459 1388 1602 1426 consti-

156 1460 302 1495 tuerat:
326 1452 407 1502 jam
422 1465 511 1489 vero
532 1452 767 1489 voluntarius
783 1451 862 1488 ibat
874 1451 911 1487 in
928 1451 1222 1501 expeditionem,
1237 1450 1341 1487 unde
1358 1450 1415 1487 vel
1433 1449 1601 1487 maxime

134 1530 139 1535 ’
156 1526 244 1565 spes
263 1514 335 1564 ipsi
355 1521 448 1558 erat,
470 1521 603 1564 utpote
622 1512 851 1554 voluntario,
866 1512 946 1550 fore
964 1520 1006 1549 ut
1020 1512 1147 1550 salvus
1163 1511 1250 1549 inde
1263 1512 1418 1548 domum
1434 1511 1575 1548 rediret
1591 1523 1601 1548 :

156 1575 220 1625 qui
241 1575 434 1626 probabile
449 1582 508 1612 est
527 1582 565 1612 et
584 1574 619 1611 ei
639 1582 719 1611 tum
739 1573 777 1610 in
798 1581 962 1610 mentem
982 1573 1134 1621 venisse
1156 1586 1241 1610 mox
1263 1586 1283 1609 e
1304 1580 1414 1622 portu
1429 1572 1602 1611 soluturo

159 1645 200 1674 ut
218 1637 398 1675 scriberet
426 1643 712 1681 testamentum,
739 1642 778 1672 et
804 1635 919 1672 fatale
947 1648 1100 1685 quoque
1130 1635 1246 1673 fuisse
1275 1641 1317 1671 ut
1344 1634 1499 1672 domum
1525 1647 1602 1672 nou

158 1697 325 1735 rediret?

211 1761 247 1796 6.
277 1759 419 1796 Verum
440 1758 566 1796 adhuc
581 1758 834 1795 luculentiora
852 1757 966 1802 dabo,
982 1757 1147 1808 judices,
1167 1764 1405 1808 argumenta,
1423 1769 1509 1806 quae
1526 1768 1607 1793 cer-

157 1822 271 1859 tiores
292 1834 358 1857 vos
385 1820 547 1858 reddant
574 1819 627 1856 nil
659 1819 795 1856 sinceri
824 1819 942 1856 hosce
965 1819 1216 1856 comminisci.
1274 1818 1437 1855 Planum
1467 1831 1604 1868 nempe

158 1882 264 1919 vobis
294 1881 444 1925 faciam,
474 1880 669 1918 hominum
698 1880 866 1917 omnium
896 1879 1098 1931 Astyphilo
1129 1893 1243 1916 unum
1272 1879 1390 1917 fuisse
1420 1879 1603 1917 Cleonem

159 1943 480 1985 iniinicissimum3
511 1940 615 1991 quod
635 1940 766 1978 odium
780 1941 895 1992 justis
917 1941 963 1978 de
983 1940 1106 1978 causis
1126 1947 1348 1991 susceptum
1367 1939 1438 1977 suit
1455 1946 1603 1977 tantuin

162 2014 205 2043 ut
225 2003 460 2055 Astyphilus‚
489 2002 518 2040 si
539 2010 808 2040 testamentum
836 2002 999 2040 scribere
1026 2001 1222 2046 voluisset,
1241 2001 1351 2039 citius
1372 2001 1544 2039 videatur
1571 2001 1605 2038 ei

160 2066 371 2104 clausulam
391 2064 490 2102 hanc
505 2064 755 2115 adjuncturus
770 2063 901 2109 fuisse,
917 2071 958 2100 ut
972 2077 1057 2101 cum
1076 2063 1222 2100 Cleone
1242 2077 1289 2100 ne
1310 2075 1505 2101 sermones
1521 2062 1605 2113 qui-

162 2129 249 2166 dem
270 2133 488 2165 consereret
506 2133 757 2176 cognatorum
781 2138 934 2162 suorum
952 2125 1168 2175 quisquam,
1189 2137 1302 2175 quam
1325 2131 1368 2160 ut
1387 2123 1503 2161 lilium
1525 2128 1607 2173 eJus

160 2190 232 2228 sibi
252 2189 370 2227 filium
389 2187 612 2225 adscivisset
630 2195 743 2237 atque
770 2186 944 2225 heredem
976 2185 1202 2237 scripsisset.
1257 2185 1485 2236 Thudippus
1506 2186 1606 2224 enim

160 2251 276 2302 hujus
296 2249 452 2287 Cleonis
472 2257 576 2299 pater
596 2248 786 2298 Astyphili
801 2248 897 2298 patri
912 2254 1070 2284 mortem
1089 2246 1286 2284 atrocitate
1303 2247 1501 2283 verberum
1514 2259 1606 2283 con-

162 2313 314 2351 scivisse
335 2311 484 2357 dicitur,
505 2324 591 2362 quae
612 2310 910 2359 verbe1·ajui·gio
931 2322 1044 2360 super
1063 2309 1276 2347 hereditate
1297 2309 1491 2347 cernenda
1512 2309 1607 2346 inter

161 2374 246 2411 illos
267 2374 399 2410 oborto
428 2379 535 2422 pater
563 2371 717 2408 Cleonis
751 2370 945 2420 Astyphili
974 2369 1071 2420 patri
1100 2369 1260 2406 inflixit:
1290 2377 1366 2406 tam
1397 2369 1609 2406 immaniter

160 2436 389 2486 Thudippus
410 2434 681 2485 Euthycratcm
702 2432 889 2483 Astyphili
909 2440 1054 2483 patrem
1077 2432 1194 2469 fertur
1215 2439 1293 2468 tum
1315 2430 1607 2475 commulcasse‚

163 2499 259 2537 utin
282 2498 454 2535 morbum
476 2496 659 2534 incideret
685 2496 940 2546 Euthycrates
960 2508 980 2532 a
1001 2507 1076 2544 quo
1097 2494 1228 2543 paucis
1248 2493 1382 2530 diebus
1413 2500 1499 2543 post
1518 2494 1608 2530 sub-

162 2561 263 2599 latus
283 2568 355 2597 est.
409 2559 511 2596 Vere
530 2558 615 2596 hoec
631 2571 652 2595 a
673 2571 732 2595 me
752 2557 840 2602 dici,
860 2564 1019 2608 possent
1033 2556 1186 2606 quidem
1204 2555 1504 2604 Araphenioruin
1527 2568 1611 2604 per-

165 2622 274 2659 multi
294 2621 423 2659 testari
436 2621 500 2670 qui
521 2627 598 2657 tum
616 2619 796 2670 temporis
811 2619 951 2655 fundos
965 2618 1122 2654 arabant
1137 2615 1266 2652 fundis
1282 2615 1415 2652 horum
1436 2615 1609 2662 fratrum,

166 2683 409 2733 Euthycratis
430 2690 542 2731 atque
557 2680 763 2731 Thudippi,
783 2680 981 2720 finitiinos3
1015 2677 1081 2714 sed
1099 2689 1231 2713 vereor
1246 2689 1294 2713 ne
1309 2675 1414 2712 vobis
1430 2689 1495 2713 eos
1509 2690 1608 2726 prae-

166 2753 265 2783 stare
296 2743 444 2781 disertis
469 2743 592 2781 verbis
613 2743 661 2780 de
693 2756 730 2780 re
758 2741 852 2780 tanti
880 2739 1059 2776 momenti
1090 2746 1273 2776 testantes
1300 2737 1424 2774 minus
1450 2738 1607 2787 possim.

167 2804 369 2844 Hierocles
389 2804 488 2841 enim
509 2804 603 2854 ipse,
624 2804 688 2855 qui
719 2801 905 2853 Astyphili
926 2807 1194 2838 testamentum
1217 2811 1334 2849 penes
1355 2811 1393 2836 se
1415 2798 1467 2835 ait
1488 2798 1607 2849 depo-

166 2867 277 2904 situm
306 2877 405 2910 esse,
425 2877 645 2915 quanquam
675 2865 770 2902 vidit
794 2876 880 2901 cum
902 2862 1156 2913 Euthycrates
1177 2874 1199 2898 a
1216 2860 1331 2898 fratre
1352 2869 1428 2898 tarn
1460 2863 1609 2900 saeviter

167 2927 377 2978 vapularet,
397 2925 492 2963 nolit
519 2933 657 2971 tamen,
677 2926 714 2964 id
734 2925 837 2975 quod
864 2924 1073 2962 certissime
1102 2923 1203 2968 novi,
1222 2935 1269 2960 ea
1296 2923 1438 2967 testari,
1459 2937 1545 2972 quae
1577 2925 1607 2961 si
