<?xml version="1.0" encoding="UTF-8"?>
<!DOCTYPE html PUBLIC "-//W3C//DTD XHTML 1.0 Transitional//EN"
    "http://www.w3.org/TR/xhtml1/DTD/xhtml1-transitional.dtd">
<html xmlns="http://www.w3.org/1999/xhtml" xml:lang="en" lang="en">
 <head>
  <title>
</title>
<meta http-equiv="Content-Type" content="text/html;charset=utf-8" />
  <meta name='ocr-system' content='tesseract 3.04.00' />
  <meta name='ocr-capabilities' content='ocr_page ocr_carea ocr_par ocr_line ocrx_word'/>
</head>
<body>
  <div class='ocr_page' id='page_1' title='image "./oratoresatticie14dobs_0228.png"; bbox 0 0 1870 3277; ppageno 0'>
   <div class='ocr_carea' id='block_1_1' title="bbox 232 146 1114 186">
    <p class='ocr_par' dir='ltr' id='par_1_1' title="bbox 232 146 1114 186">
     <span class='ocr_line' id='line_1_1' title="bbox 232 146 1114 186; baseline 0.005 -4"><span class='ocrx_word' id='word_1_1' title='bbox 232 146 312 182; x_wconf 84' lang='lat'>216</span> <span class='ocrx_word' id='word_1_2' title='bbox 826 147 1114 186; x_wconf 81' lang='lat' dir='ltr'>ISOCRATIS</span> 
     </span>
    </p>
   </div>
   <div class='ocr_carea' id='block_1_2' title="bbox 228 248 1722 2964">
    <p class='ocr_par' dir='ltr' id='par_1_2' title="bbox 228 248 1722 2964">
     <span class='ocr_line' id='line_1_2' title="bbox 234 248 1704 297; baseline 0.001 -13"><span class='ocrx_word' id='word_1_3' title='bbox 234 248 489 286; x_wconf 80' lang='lat' dir='ltr'>bulatores</span> <span class='ocrx_word' id='word_1_4' title='bbox 517 250 772 288; x_wconf 83' lang='lat' dir='ltr'>consecuti</span> <span class='ocrx_word' id='word_1_5' title='bbox 799 257 926 297; x_wconf 84' lang='lat' dir='ltr'>sunt,</span> <span class='ocrx_word' id='word_1_6' title='bbox 956 251 1027 289; x_wconf 89' lang='lat' dir='ltr'>illi</span> <span class='ocrx_word' id='word_1_7' title='bbox 1054 257 1208 289; x_wconf 88' lang='lat' dir='ltr'>autem</span> <span class='ocrx_word' id='word_1_8' title='bbox 1237 250 1464 288; x_wconf 88' lang='lat' dir='ltr'>neminem</span> <span class='ocrx_word' id='word_1_9' title='bbox 1496 250 1704 287; x_wconf 83' lang='lat' dir='ltr'>habuere</span> 
     </span>
     <span class='ocr_line' id='line_1_3' title="bbox 234 309 1704 363; baseline 0.001 -17"><span class='ocrx_word' id='word_1_10' title='bbox 234 311 390 360; x_wconf 84' lang='lat' dir='ltr'>quise</span> <span class='ocrx_word' id='word_1_11' title='bbox 416 309 704 349; x_wconf 86' lang='lat' dir='ltr'>celebraret.</span> <span class='ocrx_word' id='word_1_12' title='bbox 763 313 808 350; x_wconf 86' lang='lat' dir='ltr'>Si</span> <span class='ocrx_word' id='word_1_13' title='bbox 838 312 950 350; x_wconf 88' lang='lat' dir='ltr'>mihi</span> <span class='ocrx_word' id='word_1_14' title='bbox 980 313 1132 363; x_wconf 84' lang='lat' dir='ltr'>igitur</span> <span class='ocrx_word' id='word_1_15' title='bbox 1160 311 1381 362; x_wconf 85' lang='lat' dir='ltr'>parueris</span> <span class='ocrx_word' id='word_1_16' title='bbox 1409 310 1704 362; x_wconf 83' lang='lat' dir='ltr'>sapiensque</span> 
     </span>
     <span class='ocr_line' id='line_1_4' title="bbox 234 371 1706 425; baseline 0 -17"><span class='ocrx_word' id='word_1_17' title='bbox 234 372 403 417; x_wconf 86' lang='lat' dir='ltr'>fueris,</span> <span class='ocrx_word' id='word_1_18' title='bbox 426 384 516 410; x_wconf 89' lang='lat' dir='ltr'>non</span> <span class='ocrx_word' id='word_1_19' title='bbox 548 374 773 423; x_wconf 80' lang='lat' dir='ltr'>profecto</span> <span class='ocrx_word' id='word_1_20' title='bbox 803 374 1083 425; x_wconf 83' lang='lat' dir='ltr'>hujusmodi</span> <span class='ocrx_word' id='word_1_21' title='bbox 1114 373 1338 411; x_wconf 84' lang='lat' dir='ltr'>homines</span> <span class='ocrx_word' id='word_1_22' title='bbox 1370 385 1582 423; x_wconf 83' lang='lat' dir='ltr'>spernes,</span> <span class='ocrx_word' id='word_1_23' title='bbox 1612 371 1706 422; x_wconf 86' lang='lat' dir='ltr'>qui-</span> 
     </span>
     <span class='ocr_line' id='line_1_5' title="bbox 233 433 1703 486; baseline -0.001 -16"><span class='ocrx_word' id='word_1_24' title='bbox 233 433 318 470; x_wconf 89' lang='lat' dir='ltr'>bus</span> <span class='ocrx_word' id='word_1_25' title='bbox 349 433 610 472; x_wconf 87' lang='lat' dir='ltr'>multitudo</span> <span class='ocrx_word' id='word_1_26' title='bbox 636 447 727 472; x_wconf 91' lang='lat' dir='ltr'>non</span> <span class='ocrx_word' id='word_1_27' title='bbox 758 435 803 472; x_wconf 91' lang='lat' dir='ltr'>in</span> <span class='ocrx_word' id='word_1_28' title='bbox 829 435 887 472; x_wconf 88' lang='lat' dir='ltr'>iis</span> <span class='ocrx_word' id='word_1_29' title='bbox 916 435 1070 472; x_wconf 90' lang='lat' dir='ltr'>solum</span> <span class='ocrx_word' id='word_1_30' title='bbox 1099 448 1199 486; x_wconf 77' lang='lat' dir='ltr'>quae</span> <span class='ocrx_word' id='word_1_31' title='bbox 1227 434 1283 471; x_wconf 90' lang='lat' dir='ltr'>ad</span> <span class='ocrx_word' id='word_1_32' title='bbox 1315 444 1703 483; x_wconf 88' lang='lat' dir='ltr'>unumquemque</span> 
     </span>
     <span class='ocr_line' id='line_1_6' title="bbox 233 493 1706 546; baseline -0.001 -13"><span class='ocrx_word' id='word_1_33' title='bbox 233 495 388 533; x_wconf 90' lang='lat' dir='ltr'>civem</span> <span class='ocrx_word' id='word_1_34' title='bbox 432 495 708 546; x_wconf 76' lang='lat' dir='ltr'>pertinent,v</span> <span class='ocrx_word' id='word_1_35' title='bbox 735 496 814 534; x_wconf 89' lang='lat' dir='ltr'>sed</span> <span class='ocrx_word' id='word_1_36' title='bbox 855 496 899 533; x_wconf 91' lang='lat' dir='ltr'>in</span> <span class='ocrx_word' id='word_1_37' title='bbox 940 497 1274 534; x_wconf 88' lang='lat' dir='ltr'>communibus</span> <span class='ocrx_word' id='word_1_38' title='bbox 1317 495 1437 546; x_wconf 86' lang='lat' dir='ltr'>reip.</span> <span class='ocrx_word' id='word_1_39' title='bbox 1477 493 1706 545; x_wconf 83' lang='lat' dir='ltr'>negotiiS,</span> 
     </span>
     <span class='ocr_line' id='line_1_7' title="bbox 232 556 1704 610; baseline -0.001 -15"><span class='ocrx_word' id='word_1_40' title='bbox 232 557 377 596; x_wconf 86' lang='lat' dir='ltr'>fidem</span> <span class='ocrx_word' id='word_1_41' title='bbox 401 558 573 602; x_wconf 83' lang='lat' dir='ltr'>habet3</span> <span class='ocrx_word' id='word_1_42' title='bbox 606 566 749 610; x_wconf 85' lang='lat' dir='ltr'>atque</span> <span class='ocrx_word' id='word_1_43' title='bbox 771 559 815 596; x_wconf 92' lang='lat' dir='ltr'>in</span> <span class='ocrx_word' id='word_1_44' title='bbox 834 558 918 597; x_wconf 90' lang='lat' dir='ltr'>hos</span> <span class='ocrx_word' id='word_1_45' title='bbox 939 559 1157 597; x_wconf 88' lang='lat' dir='ltr'>studium</span> <span class='ocrx_word' id='word_1_46' title='bbox 1177 565 1320 609; x_wconf 88' lang='lat' dir='ltr'>atque</span> <span class='ocrx_word' id='word_1_47' title='bbox 1341 556 1704 595; x_wconf 81' lang='lat' dir='ltr'>observantiam</span> 
     </span>
     <span class='ocr_line' id='line_1_8' title="bbox 234 618 1704 670; baseline -0.001 -14"><span class='ocrx_word' id='word_1_48' title='bbox 234 619 471 670; x_wconf 87' lang='lat' dir='ltr'>quandam</span> <span class='ocrx_word' id='word_1_49' title='bbox 493 632 587 670; x_wconf 86' lang='lat' dir='ltr'>prae</span> <span class='ocrx_word' id='word_1_50' title='bbox 607 627 652 657; x_wconf 89' lang='lat' dir='ltr'>te</span> <span class='ocrx_word' id='word_1_51' title='bbox 673 620 815 667; x_wconf 84' lang='lat' dir='ltr'>seres,</span> <span class='ocrx_word' id='word_1_52' title='bbox 837 628 888 658; x_wconf 92' lang='lat' dir='ltr'>ut</span> <span class='ocrx_word' id='word_1_53' title='bbox 911 621 1034 659; x_wconf 85' lang='lat' dir='ltr'>bona</span> <span class='ocrx_word' id='word_1_54' title='bbox 1062 621 1286 670; x_wconf 86' lang='lat' dir='ltr'>utrinque</span> <span class='ocrx_word' id='word_1_55' title='bbox 1313 619 1463 656; x_wconf 89' lang='lat' dir='ltr'>utaris</span> <span class='ocrx_word' id='word_1_56' title='bbox 1490 618 1629 662; x_wconf 83' lang='lat' dir='ltr'>fama,</span> <span class='ocrx_word' id='word_1_57' title='bbox 1651 629 1704 654; x_wconf 91' lang='lat' dir='ltr'>ex</span> 
     </span>
     <span class='ocr_line' id='line_1_9' title="bbox 233 677 1705 732; baseline -0.002 -14"><span class='ocrx_word' id='word_1_58' title='bbox 233 681 330 718; x_wconf 89' lang='lat' dir='ltr'>tuis</span> <span class='ocrx_word' id='word_1_59' title='bbox 353 680 547 718; x_wconf 90' lang='lat' dir='ltr'>scilicet</span> <span class='ocrx_word' id='word_1_60' title='bbox 574 682 726 732; x_wconf 91' lang='lat' dir='ltr'>gestis</span> <span class='ocrx_word' id='word_1_61' title='bbox 747 688 802 720; x_wconf 81' lang='lat' dir='ltr'>et</span> <span class='ocrx_word' id='word_1_62' title='bbox 828 695 882 720; x_wconf 86' lang='lat' dir='ltr'>ex</span> <span class='ocrx_word' id='word_1_63' title='bbox 905 681 1068 721; x_wconf 89' lang='lat' dir='ltr'>horum</span> <span class='ocrx_word' id='word_1_64' title='bbox 1099 682 1328 720; x_wconf 86' lang='lat' dir='ltr'>oratione.</span> <span class='ocrx_word' id='word_1_65' title='bbox 1353 677 1705 718; x_wconf 81' lang='lat' dir='ltr'>Haecilleaudiens</span> 
     </span>
     <span class='ocr_line' id='line_1_10' title="bbox 231 741 1705 795; baseline -0.003 -14"><span class='ocrx_word' id='word_1_66' title='bbox 231 749 337 781; x_wconf 86' lang='lat' dir='ltr'>recte</span> <span class='ocrx_word' id='word_1_67' title='bbox 356 741 515 793; x_wconf 88' lang='lat' dir='ltr'>quidem</span> <span class='ocrx_word' id='word_1_68' title='bbox 536 756 597 781; x_wconf 90' lang='lat' dir='ltr'>me</span> <span class='ocrx_word' id='word_1_69' title='bbox 616 744 720 794; x_wconf 90' lang='lat' dir='ltr'>loqui</span> <span class='ocrx_word' id='word_1_70' title='bbox 746 743 914 791; x_wconf 83' lang='lat' dir='ltr'>dicebat,</span> <span class='ocrx_word' id='word_1_71' title='bbox 937 758 1060 795; x_wconf 88' lang='lat' dir='ltr'>neque</span> <span class='ocrx_word' id='word_1_72' title='bbox 1082 752 1211 782; x_wconf 84' lang='lat' dir='ltr'>tamen</span> <span class='ocrx_word' id='word_1_73' title='bbox 1231 751 1379 782; x_wconf 89' lang='lat' dir='ltr'>mutare</span> <span class='ocrx_word' id='word_1_74' title='bbox 1400 750 1575 780; x_wconf 86' lang='lat' dir='ltr'>naturam</span> <span class='ocrx_word' id='word_1_75' title='bbox 1596 746 1705 791; x_wconf 90' lang='lat' dir='ltr'>pote-</span> 
     </span>
     <span class='ocr_line' id='line_1_11' title="bbox 231 803 1707 858; baseline -0.001 -16"><span class='ocrx_word' id='word_1_76' title='bbox 231 812 315 848; x_wconf 86' lang='lat' dir='ltr'>rat;</span> <span class='ocrx_word' id='word_1_77' title='bbox 349 804 418 843; x_wconf 89' lang='lat' dir='ltr'>sed</span> <span class='ocrx_word' id='word_1_78' title='bbox 437 812 620 844; x_wconf 86' lang='lat' dir='ltr'>strenuus</span> <span class='ocrx_word' id='word_1_79' title='bbox 640 805 774 857; x_wconf 85' lang='lat' dir='ltr'>utique</span> <span class='ocrx_word' id='word_1_80' title='bbox 790 814 829 845; x_wconf 89' lang='lat' dir='ltr'>et</span> <span class='ocrx_word' id='word_1_81' title='bbox 849 807 958 845; x_wconf 88' lang='lat' dir='ltr'>fortis</span> <span class='ocrx_word' id='word_1_82' title='bbox 979 808 1034 845; x_wconf 86' lang='lat' dir='ltr'>vir</span> <span class='ocrx_word' id='word_1_83' title='bbox 1056 814 1138 845; x_wconf 87' lang='lat' dir='ltr'>erat</span> <span class='ocrx_word' id='word_1_84' title='bbox 1157 813 1273 858; x_wconf 88' lang='lat' dir='ltr'>atque</span> <span class='ocrx_word' id='word_1_85' title='bbox 1289 805 1362 844; x_wconf 86' lang='lat' dir='ltr'>hac</span> <span class='ocrx_word' id='word_1_86' title='bbox 1379 805 1473 843; x_wconf 89' lang='lat' dir='ltr'>urbe</span> <span class='ocrx_word' id='word_1_87' title='bbox 1494 812 1534 842; x_wconf 89' lang='lat' dir='ltr'>et</span> <span class='ocrx_word' id='word_1_88' title='bbox 1550 803 1707 841; x_wconf 82' lang='lat' dir='ltr'>Graecia</span> 
     </span>
     <span class='ocr_line' id='line_1_12' title="bbox 232 866 1708 921; baseline -0.001 -18"><span class='ocrx_word' id='word_1_89' title='bbox 232 866 387 917; x_wconf 84' lang='lat' dir='ltr'>dignus,</span> <span class='ocrx_word' id='word_1_90' title='bbox 400 872 440 905; x_wconf 89' lang='lat' dir='ltr'>at</span> <span class='ocrx_word' id='word_1_91' title='bbox 453 880 530 906; x_wconf 91' lang='lat' dir='ltr'>non</span> <span class='ocrx_word' id='word_1_92' title='bbox 549 868 869 907; x_wconf 77' lang='lat' dir='ltr'>accommodatus</span> <span class='ocrx_word' id='word_1_93' title='bbox 890 869 980 907; x_wconf 88' lang='lat' dir='ltr'>huic</span> <span class='ocrx_word' id='word_1_94' title='bbox 997 869 1130 921; x_wconf 80' lang='lat' dir='ltr'>generi</span> <span class='ocrx_word' id='word_1_95' title='bbox 1151 869 1362 913; x_wconf 90' lang='lat' dir='ltr'>hominum,</span> <span class='ocrx_word' id='word_1_96' title='bbox 1380 867 1446 918; x_wconf 88' lang='lat' dir='ltr'>qui</span> <span class='ocrx_word' id='word_1_97' title='bbox 1461 879 1501 904; x_wconf 89' lang='lat' dir='ltr'>se</span> <span class='ocrx_word' id='word_1_98' title='bbox 1519 871 1708 917; x_wconf 84' lang='lat' dir='ltr'>praestan-</span> 
     </span>
     <span class='ocr_line' id='line_1_13' title="bbox 231 926 1705 980; baseline -0.001 -15"><span class='ocrx_word' id='word_1_99' title='bbox 231 928 393 966; x_wconf 85' lang='lat' dir='ltr'>tioribus</span> <span class='ocrx_word' id='word_1_100' title='bbox 419 937 665 967; x_wconf 86' lang='lat' dir='ltr'>succensent.</span> <span class='ocrx_word' id='word_1_101' title='bbox 723 930 861 980; x_wconf 87' lang='lat' dir='ltr'>Itaque</span> <span class='ocrx_word' id='word_1_102' title='bbox 881 930 1054 968; x_wconf 86' lang='lat' dir='ltr'>rhetores</span> <span class='ocrx_word' id='word_1_103' title='bbox 1074 930 1229 980; x_wconf 90' lang='lat' dir='ltr'>quidem</span> <span class='ocrx_word' id='word_1_104' title='bbox 1251 929 1291 967; x_wconf 93' lang='lat' dir='ltr'>in</span> <span class='ocrx_word' id='word_1_105' title='bbox 1312 928 1556 979; x_wconf 85' lang='lat' dir='ltr'>configendis</span> <span class='ocrx_word' id='word_1_106' title='bbox 1576 926 1705 964; x_wconf 87' lang='lat' dir='ltr'>multis</span> 
     </span>
     <span class='ocr_line' id='line_1_14' title="bbox 234 988 1707 1042; baseline -0.002 -14"><span class='ocrx_word' id='word_1_107' title='bbox 234 997 273 1028; x_wconf 90' lang='lat' dir='ltr'>et</span> <span class='ocrx_word' id='word_1_108' title='bbox 304 990 412 1028; x_wconf 85' lang='lat' dir='ltr'>falsis</span> <span class='ocrx_word' id='word_1_109' title='bbox 447 991 635 1029; x_wconf 87' lang='lat' dir='ltr'>adversus</span> <span class='ocrx_word' id='word_1_110' title='bbox 662 1004 751 1029; x_wconf 91' lang='lat' dir='ltr'>eum</span> <span class='ocrx_word' id='word_1_111' title='bbox 782 991 1007 1029; x_wconf 87' lang='lat' dir='ltr'>criminibus</span> <span class='ocrx_word' id='word_1_112' title='bbox 1037 992 1347 1042; x_wconf 81' lang='lat' dir='ltr'>occupabantur,</span> <span class='ocrx_word' id='word_1_113' title='bbox 1369 989 1538 1040; x_wconf 91' lang='lat' dir='ltr'>populus</span> <span class='ocrx_word' id='word_1_114' title='bbox 1558 988 1707 1026; x_wconf 90' lang='lat' dir='ltr'>veroin</span> 
     </span>
     <span class='ocr_line' id='line_1_15' title="bbox 230 1050 1707 1103; baseline -0.001 -14"><span class='ocrx_word' id='word_1_115' title='bbox 230 1051 463 1103; x_wconf 88' lang='lat' dir='ltr'>excipiendo</span> <span class='ocrx_word' id='word_1_116' title='bbox 483 1065 573 1103; x_wconf 88' lang='lat' dir='ltr'>quae</span> <span class='ocrx_word' id='word_1_117' title='bbox 593 1052 642 1089; x_wconf 87' lang='lat' dir='ltr'>ab</span> <span class='ocrx_word' id='word_1_118' title='bbox 673 1052 751 1089; x_wconf 90' lang='lat' dir='ltr'>illis</span> <span class='ocrx_word' id='word_1_119' title='bbox 782 1051 1016 1090; x_wconf 83' lang='lat' dir='ltr'>dicerentur.</span> <span class='ocrx_word' id='word_1_120' title='bbox 1077 1053 1144 1089; x_wconf 92' lang='lat' dir='ltr'>Ad</span> <span class='ocrx_word' id='word_1_121' title='bbox 1173 1065 1261 1103; x_wconf 87' lang='lat' dir='ltr'>quae</span> <span class='ocrx_word' id='word_1_122' title='bbox 1292 1051 1458 1089; x_wconf 86' lang='lat' dir='ltr'>libenter</span> <span class='ocrx_word' id='word_1_123' title='bbox 1488 1050 1707 1101; x_wconf 86' lang='lat' dir='ltr'>apologiam</span> 
     </span>
     <span class='ocr_line' id='line_1_16' title="bbox 233 1112 1705 1165; baseline -0.001 -14"><span class='ocrx_word' id='word_1_124' title='bbox 233 1113 474 1161; x_wconf 84' lang='lat' dir='ltr'>adornarem,</span> <span class='ocrx_word' id='word_1_125' title='bbox 494 1114 526 1152; x_wconf 92' lang='lat' dir='ltr'>si</span> <span class='ocrx_word' id='word_1_126' title='bbox 546 1119 700 1164; x_wconf 90' lang='lat' dir='ltr'>tempus</span> <span class='ocrx_word' id='word_1_127' title='bbox 721 1120 966 1165; x_wconf 82' lang='lat' dir='ltr'>suppeteret:</span> <span class='ocrx_word' id='word_1_128' title='bbox 996 1114 1173 1152; x_wconf 88' lang='lat' dir='ltr'>existimo</span> <span class='ocrx_word' id='word_1_129' title='bbox 1187 1114 1289 1152; x_wconf 91' lang='lat' dir='ltr'>enirn</span> <span class='ocrx_word' id='word_1_130' title='bbox 1305 1126 1374 1152; x_wconf 90' lang='lat' dir='ltr'>vos</span> <span class='ocrx_word' id='word_1_131' title='bbox 1395 1113 1599 1151; x_wconf 85' lang='lat' dir='ltr'>audientes</span> <span class='ocrx_word' id='word_1_132' title='bbox 1615 1112 1705 1151; x_wconf 85' lang='lat' dir='ltr'>odio</span> 
     </span>
     <span class='ocr_line' id='line_1_17' title="bbox 231 1173 1706 1226; baseline 0.001 -15"><span class='ocrx_word' id='word_1_133' title='bbox 231 1173 508 1213; x_wconf 85' lang='lat' dir='ltr'>inflammatum</span> <span class='ocrx_word' id='word_1_134' title='bbox 524 1174 568 1213; x_wconf 91' lang='lat' dir='ltr'>iri</span> <span class='ocrx_word' id='word_1_135' title='bbox 588 1174 627 1212; x_wconf 92' lang='lat' dir='ltr'>in</span> <span class='ocrx_word' id='word_1_136' title='bbox 644 1187 712 1213; x_wconf 89' lang='lat' dir='ltr'>eos</span> <span class='ocrx_word' id='word_1_137' title='bbox 727 1176 792 1226; x_wconf 91' lang='lat' dir='ltr'>qui</span> <span class='ocrx_word' id='word_1_138' title='bbox 813 1176 916 1214; x_wconf 91' lang='lat' dir='ltr'>urbis</span> <span class='ocrx_word' id='word_1_139' title='bbox 935 1176 1118 1214; x_wconf 87' lang='lat' dir='ltr'>invidiam</span> <span class='ocrx_word' id='word_1_140' title='bbox 1141 1182 1277 1214; x_wconf 88' lang='lat' dir='ltr'>contra</span> <span class='ocrx_word' id='word_1_141' title='bbox 1292 1175 1541 1214; x_wconf 88' lang='lat' dir='ltr'>Timotheum</span> <span class='ocrx_word' id='word_1_142' title='bbox 1561 1175 1706 1213; x_wconf 87' lang='lat' dir='ltr'>excita-</span> 
     </span>
     <span class='ocr_line' id='line_1_18' title="bbox 231 1236 1637 1288; baseline 0.001 -15"><span class='ocrx_word' id='word_1_143' title='bbox 231 1242 322 1273; x_wconf 91' lang='lat' dir='ltr'>runt</span> <span class='ocrx_word' id='word_1_144' title='bbox 342 1236 487 1286; x_wconf 90' lang='lat' dir='ltr'>quique</span> <span class='ocrx_word' id='word_1_145' title='bbox 507 1236 830 1275; x_wconf 89' lang='lat' dir='ltr'>contumeliosum</span> <span class='ocrx_word' id='word_1_146' title='bbox 852 1237 999 1288; x_wconf 90' lang='lat' dir='ltr'>aliquid</span> <span class='ocrx_word' id='word_1_147' title='bbox 1016 1237 1202 1276; x_wconf 89' lang='lat' dir='ltr'>adversus</span> <span class='ocrx_word' id='word_1_148' title='bbox 1221 1250 1307 1275; x_wconf 90' lang='lat' dir='ltr'>eum</span> <span class='ocrx_word' id='word_1_149' title='bbox 1329 1237 1458 1276; x_wconf 84' lang='lat' dir='ltr'>dicere</span> <span class='ocrx_word' id='word_1_150' title='bbox 1479 1237 1637 1275; x_wconf 89' lang='lat' dir='ltr'>audent.</span> 
     </span>
     <span class='ocr_line' id='line_1_19' title="bbox 284 1297 1706 1349; baseline 0 -14"><span class='ocrx_word' id='word_1_151' title='bbox 284 1298 376 1336; x_wconf 53' lang='lat'>265*</span> <span class='ocrx_word' id='word_1_152' title='bbox 397 1300 434 1335; x_wconf 90' lang='lat'>8.</span> <span class='ocrx_word' id='word_1_153' title='bbox 466 1297 583 1337; x_wconf 90' lang='lat' dir='ltr'>Nunc</span> <span class='ocrx_word' id='word_1_154' title='bbox 604 1305 734 1336; x_wconf 86' lang='lat' dir='ltr'>autem</span> <span class='ocrx_word' id='word_1_155' title='bbox 754 1299 840 1337; x_wconf 90' lang='lat' dir='ltr'>haec</span> <span class='ocrx_word' id='word_1_156' title='bbox 868 1299 1060 1346; x_wconf 87' lang='lat' dir='ltr'>omittam,</span> <span class='ocrx_word' id='word_1_157' title='bbox 1081 1300 1130 1338; x_wconf 89' lang='lat' dir='ltr'>de</span> <span class='ocrx_word' id='word_1_158' title='bbox 1159 1312 1220 1337; x_wconf 88' lang='lat' dir='ltr'>me</span> <span class='ocrx_word' id='word_1_159' title='bbox 1241 1305 1371 1337; x_wconf 82' lang='lat' dir='ltr'>autern</span> <span class='ocrx_word' id='word_1_160' title='bbox 1398 1305 1437 1337; x_wconf 90' lang='lat' dir='ltr'>et</span> <span class='ocrx_word' id='word_1_161' title='bbox 1456 1298 1504 1336; x_wconf 91' lang='lat' dir='ltr'>de</span> <span class='ocrx_word' id='word_1_162' title='bbox 1525 1297 1706 1349; x_wconf 84' lang='lat' dir='ltr'>praesenti</span> 
     </span>
     <span class='ocr_line' id='line_1_20' title="bbox 231 1360 1707 1412; baseline 0 -13"><span class='ocrx_word' id='word_1_163' title='bbox 231 1360 391 1410; x_wconf 87' lang='lat' dir='ltr'>negotio</span> <span class='ocrx_word' id='word_1_164' title='bbox 411 1361 549 1398; x_wconf 89' lang='lat' dir='ltr'>iterum</span> <span class='ocrx_word' id='word_1_165' title='bbox 568 1361 686 1399; x_wconf 89' lang='lat' dir='ltr'>verba</span> <span class='ocrx_word' id='word_1_166' title='bbox 705 1360 861 1399; x_wconf 86' lang='lat' dir='ltr'>faciam.</span> <span class='ocrx_word' id='word_1_167' title='bbox 919 1361 1010 1399; x_wconf 84' lang='lat' dir='ltr'>Jam</span> <span class='ocrx_word' id='word_1_168' title='bbox 1027 1375 1118 1400; x_wconf 91' lang='lat' dir='ltr'>vero</span> <span class='ocrx_word' id='word_1_169' title='bbox 1149 1361 1305 1412; x_wconf 85' lang='lat' dir='ltr'>ambigo</span> <span class='ocrx_word' id='word_1_170' title='bbox 1332 1360 1529 1412; x_wconf 90' lang='lat' dir='ltr'>quomodo</span> <span class='ocrx_word' id='word_1_171' title='bbox 1557 1360 1707 1412; x_wconf 86' lang='lat' dir='ltr'>reliqua</span> 
     </span>
     <span class='ocr_line' id='line_1_21' title="bbox 228 1421 1705 1475; baseline 0.001 -16"><span class='ocrx_word' id='word_1_172' title='bbox 228 1434 453 1473; x_wconf 87' lang='lat' dir='ltr'>persequar,</span> <span class='ocrx_word' id='word_1_173' title='bbox 474 1421 615 1472; x_wconf 89' lang='lat' dir='ltr'>quidve</span> <span class='ocrx_word' id='word_1_174' title='bbox 634 1423 798 1473; x_wconf 90' lang='lat' dir='ltr'>primum</span> <span class='ocrx_word' id='word_1_175' title='bbox 821 1436 1029 1461; x_wconf 86' lang='lat' dir='ltr'>memorem</span> <span class='ocrx_word' id='word_1_176' title='bbox 1057 1423 1150 1474; x_wconf 90' lang='lat' dir='ltr'>quid</span> <span class='ocrx_word' id='word_1_177' title='bbox 1174 1423 1390 1475; x_wconf 87' lang='lat' dir='ltr'>posterius:</span> <span class='ocrx_word' id='word_1_178' title='bbox 1422 1436 1511 1460; x_wconf 91' lang='lat' dir='ltr'>nam</span> <span class='ocrx_word' id='word_1_179' title='bbox 1533 1423 1581 1460; x_wconf 87' lang='lat' dir='ltr'>ab</span> <span class='ocrx_word' id='word_1_180' title='bbox 1602 1422 1705 1460; x_wconf 85' lang='lat' dir='ltr'>ordi-</span> 
     </span>
     <span class='ocr_line' id='line_1_22' title="bbox 230 1483 1708 1536; baseline 0.001 -15"><span class='ocrx_word' id='word_1_181' title='bbox 230 1489 320 1521; x_wconf 87' lang='lat' dir='ltr'>nate</span> <span class='ocrx_word' id='word_1_182' title='bbox 341 1483 509 1521; x_wconf 89' lang='lat' dir='ltr'>dicendo</span> <span class='ocrx_word' id='word_1_183' title='bbox 523 1483 605 1533; x_wconf 89' lang='lat' dir='ltr'>jam</span> <span class='ocrx_word' id='word_1_184' title='bbox 627 1484 768 1523; x_wconf 85' lang='lat' dir='ltr'>excidi.</span> <span class='ocrx_word' id='word_1_185' title='bbox 800 1484 915 1523; x_wconf 85' lang='lat' dir='ltr'>Forte</span> <span class='ocrx_word' id='word_1_186' title='bbox 935 1498 1028 1536; x_wconf 83' lang='lat' dir='ltr'>ergo</span> <span class='ocrx_word' id='word_1_187' title='bbox 1045 1485 1308 1524; x_wconf 81' lang='lat' dir='ltr'>necessarium</span> <span class='ocrx_word' id='word_1_188' title='bbox 1327 1491 1398 1531; x_wconf 89' lang='lat' dir='ltr'>est,</span> <span class='ocrx_word' id='word_1_189' title='bbox 1413 1492 1456 1522; x_wconf 90' lang='lat' dir='ltr'>ut</span> <span class='ocrx_word' id='word_1_190' title='bbox 1472 1497 1513 1522; x_wconf 91' lang='lat' dir='ltr'>se</span> <span class='ocrx_word' id='word_1_191' title='bbox 1534 1484 1708 1535; x_wconf 89' lang='lat' dir='ltr'>quidque</span> 
     </span>
     <span class='ocr_line' id='line_1_23' title="bbox 230 1545 1707 1597; baseline 0 -13"><span class='ocrx_word' id='word_1_192' title='bbox 230 1545 425 1591; x_wconf 88' lang='lat' dir='ltr'>obtulerit,</span> <span class='ocrx_word' id='word_1_193' title='bbox 446 1545 501 1583; x_wconf 85' lang='lat' dir='ltr'>ita</span> <span class='ocrx_word' id='word_1_194' title='bbox 520 1546 569 1583; x_wconf 90' lang='lat' dir='ltr'>de</span> <span class='ocrx_word' id='word_1_195' title='bbox 590 1558 637 1583; x_wconf 90' lang='lat' dir='ltr'>eo</span> <span class='ocrx_word' id='word_1_196' title='bbox 656 1546 810 1584; x_wconf 87' lang='lat' dir='ltr'>dicere:</span> <span class='ocrx_word' id='word_1_197' title='bbox 840 1546 944 1597; x_wconf 89' lang='lat' dir='ltr'>quod</span> <span class='ocrx_word' id='word_1_198' title='bbox 965 1547 1082 1597; x_wconf 83' lang='lat' dir='ltr'>igitur</span> <span class='ocrx_word' id='word_1_199' title='bbox 1102 1546 1195 1584; x_wconf 87' lang='lat' dir='ltr'>mihi</span> <span class='ocrx_word' id='word_1_200' title='bbox 1216 1559 1320 1584; x_wconf 91' lang='lat' dir='ltr'>nunc</span> <span class='ocrx_word' id='word_1_201' title='bbox 1342 1546 1379 1583; x_wconf 91' lang='lat' dir='ltr'>in</span> <span class='ocrx_word' id='word_1_202' title='bbox 1398 1553 1567 1584; x_wconf 88' lang='lat' dir='ltr'>mentem</span> <span class='ocrx_word' id='word_1_203' title='bbox 1589 1545 1707 1584; x_wconf 75' lang='lat' dir='ltr'>venit,</span> 
     </span>
     <span class='ocr_line' id='line_1_24' title="bbox 230 1607 1708 1660; baseline 0.001 -16"><span class='ocrx_word' id='word_1_204' title='bbox 230 1607 413 1658; x_wconf 84' lang='lat' dir='ltr'>quodque.</span> <span class='ocrx_word' id='word_1_205' title='bbox 430 1620 505 1657; x_wconf 83' lang='lat' dir='ltr'>ego</span> <span class='ocrx_word' id='word_1_206' title='bbox 525 1620 618 1645; x_wconf 89' lang='lat' dir='ltr'>sane</span> <span class='ocrx_word' id='word_1_207' title='bbox 639 1608 890 1659; x_wconf 87' lang='lat' dir='ltr'>aperiendum</span> <span class='ocrx_word' id='word_1_208' title='bbox 912 1609 1135 1654; x_wconf 88' lang='lat' dir='ltr'>censebam,</span> <span class='ocrx_word' id='word_1_209' title='bbox 1152 1608 1250 1647; x_wconf 90' lang='lat' dir='ltr'>alius</span> <span class='ocrx_word' id='word_1_210' title='bbox 1268 1621 1360 1647; x_wconf 88' lang='lat' dir='ltr'>vero</span> <span class='ocrx_word' id='word_1_211' title='bbox 1381 1608 1539 1660; x_wconf 86' lang='lat' dir='ltr'>quidam</span> <span class='ocrx_word' id='word_1_212' title='bbox 1561 1609 1708 1647; x_wconf 84' lang='lat' dir='ltr'>abster-</span> 
     </span>
     <span class='ocr_line' id='line_1_25' title="bbox 231 1669 1708 1722; baseline 0 -14"><span class='ocrx_word' id='word_1_213' title='bbox 231 1671 340 1708; x_wconf 87' lang='lat' dir='ltr'>rebat</span> <span class='ocrx_word' id='word_1_214' title='bbox 369 1682 418 1707; x_wconf 88' lang='lat' dir='ltr'>ne</span> <span class='ocrx_word' id='word_1_215' title='bbox 446 1669 630 1716; x_wconf 90' lang='lat' dir='ltr'>dicerem,</span> <span class='ocrx_word' id='word_1_216' title='bbox 657 1683 734 1707; x_wconf 91' lang='lat' dir='ltr'>non</span> <span class='ocrx_word' id='word_1_217' title='bbox 764 1669 902 1708; x_wconf 86' lang='lat' dir='ltr'>celabo</span> <span class='ocrx_word' id='word_1_218' title='bbox 933 1684 1016 1709; x_wconf 89' lang='lat' dir='ltr'>vos.</span> <span class='ocrx_word' id='word_1_219' title='bbox 1075 1670 1291 1721; x_wconf 89' lang='lat' dir='ltr'>Postquam</span> <span class='ocrx_word' id='word_1_220' title='bbox 1320 1671 1421 1708; x_wconf 89' lang='lat' dir='ltr'>enim</span> <span class='ocrx_word' id='word_1_221' title='bbox 1453 1670 1708 1722; x_wconf 84' lang='lat' dir='ltr'>Lysimachus</span> 
     </span>
     <span class='ocr_line' id='line_1_26' title="bbox 230 1731 1707 1784; baseline 0.001 -16"><span class='ocrx_word' id='word_1_222' title='bbox 230 1731 333 1769; x_wconf 86' lang='lat' dir='ltr'>hanc</span> <span class='ocrx_word' id='word_1_223' title='bbox 353 1731 482 1769; x_wconf 90' lang='lat' dir='ltr'>dicam</span> <span class='ocrx_word' id='word_1_224' title='bbox 505 1731 679 1783; x_wconf 81' lang='lat' dir='ltr'>impegit,</span> <span class='ocrx_word' id='word_1_225' title='bbox 697 1732 793 1783; x_wconf 89' lang='lat' dir='ltr'>coepi</span> <span class='ocrx_word' id='word_1_226' title='bbox 815 1732 1066 1771; x_wconf 88' lang='lat' dir='ltr'>considerare</span> <span class='ocrx_word' id='word_1_227' title='bbox 1086 1732 1170 1771; x_wconf 78' lang='lat' dir='ltr'>haec</span> <span class='ocrx_word' id='word_1_228' title='bbox 1190 1733 1275 1784; x_wconf 89' lang='lat' dir='ltr'>ipsa</span> <span class='ocrx_word' id='word_1_229' title='bbox 1294 1732 1454 1778; x_wconf 86' lang='lat' dir='ltr'>scilicet,</span> <span class='ocrx_word' id='word_1_230' title='bbox 1474 1739 1517 1770; x_wconf 89' lang='lat' dir='ltr'>ut</span> <span class='ocrx_word' id='word_1_231' title='bbox 1536 1740 1707 1770; x_wconf 83' lang='lat' dir='ltr'>vestrum</span> 
     </span>
     <span class='ocr_line' id='line_1_27' title="bbox 229 1793 1706 1846; baseline 0.001 -15"><span class='ocrx_word' id='word_1_232' title='bbox 229 1793 518 1844; x_wconf 89' lang='lat' dir='ltr'>unusquisque;</span> <span class='ocrx_word' id='word_1_233' title='bbox 550 1794 746 1844; x_wconf 87' lang='lat' dir='ltr'>vitamque</span> <span class='ocrx_word' id='word_1_234' title='bbox 762 1807 886 1832; x_wconf 88' lang='lat' dir='ltr'>meam</span> <span class='ocrx_word' id='word_1_235' title='bbox 907 1801 947 1832; x_wconf 88' lang='lat' dir='ltr'>et</span> <span class='ocrx_word' id='word_1_236' title='bbox 966 1801 1075 1845; x_wconf 82' lang='lat' dir='ltr'>gesta</span> <span class='ocrx_word' id='word_1_237' title='bbox 1091 1794 1292 1846; x_wconf 84' lang='lat' dir='ltr'>perpendi,</span> <span class='ocrx_word' id='word_1_238' title='bbox 1308 1794 1592 1846; x_wconf 88' lang='lat' dir='ltr'>plurimumque</span> <span class='ocrx_word' id='word_1_239' title='bbox 1607 1801 1706 1833; x_wconf 89' lang='lat' dir='ltr'>tem-</span> 
     </span>
     <span class='ocr_line' id='line_1_28' title="bbox 231 1855 1706 1908; baseline 0.002 -16"><span class='ocrx_word' id='word_1_240' title='bbox 231 1868 304 1905; x_wconf 89' lang='lat' dir='ltr'>pus</span> <span class='ocrx_word' id='word_1_241' title='bbox 324 1855 363 1892; x_wconf 92' lang='lat' dir='ltr'>in</span> <span class='ocrx_word' id='word_1_242' title='bbox 384 1855 428 1893; x_wconf 90' lang='lat' dir='ltr'>iis</span> <span class='ocrx_word' id='word_1_243' title='bbox 442 1855 638 1894; x_wconf 85' lang='lat' dir='ltr'>versandis</span> <span class='ocrx_word' id='word_1_244' title='bbox 659 1856 744 1894; x_wconf 90' lang='lat' dir='ltr'>trivi</span> <span class='ocrx_word' id='word_1_245' title='bbox 764 1869 813 1894; x_wconf 88' lang='lat' dir='ltr'>ex</span> <span class='ocrx_word' id='word_1_246' title='bbox 829 1856 971 1907; x_wconf 92' lang='lat' dir='ltr'>quibus</span> <span class='ocrx_word' id='word_1_247' title='bbox 988 1856 1142 1895; x_wconf 90' lang='lat' dir='ltr'>laudem</span> <span class='ocrx_word' id='word_1_248' title='bbox 1163 1856 1254 1894; x_wconf 90' lang='lat' dir='ltr'>mihi</span> <span class='ocrx_word' id='word_1_249' title='bbox 1276 1856 1408 1895; x_wconf 88' lang='lat' dir='ltr'>deberi</span> <span class='ocrx_word' id='word_1_250' title='bbox 1428 1858 1628 1908; x_wconf 80' lang='lat' dir='ltr'>putabam.</span> <span class='ocrx_word' id='word_1_251' title='bbox 1662 1857 1706 1895; x_wconf 92' lang='lat' dir='ltr'>Id</span> 
     </span>
     <span class='ocr_line' id='line_1_29' title="bbox 230 1917 1710 1970; baseline 0.002 -16"><span class='ocrx_word' id='word_1_252' title='bbox 230 1917 451 1968; x_wconf 86' lang='lat' dir='ltr'>intelligens</span> <span class='ocrx_word' id='word_1_253' title='bbox 471 1917 628 1967; x_wconf 83' lang='lat' dir='ltr'>quidam</span> <span class='ocrx_word' id='word_1_254' title='bbox 649 1930 669 1955; x_wconf 91' lang='lat' dir='ltr'>e</span> <span class='ocrx_word' id='word_1_255' title='bbox 689 1918 919 1956; x_wconf 85' lang='lat' dir='ltr'>necessariis</span> <span class='ocrx_word' id='word_1_256' title='bbox 940 1919 1037 1956; x_wconf 88' lang='lat' dir='ltr'>meis</span> <span class='ocrx_word' id='word_1_257' title='bbox 1058 1931 1276 1957; x_wconf 84' lang='lat' dir='ltr'>sermonem</span> <span class='ocrx_word' id='word_1_258' title='bbox 1304 1919 1475 1956; x_wconf 86' lang='lat' dir='ltr'>omnium</span> <span class='ocrx_word' id='word_1_259' title='bbox 1497 1918 1710 1970; x_wconf 85' lang='lat' dir='ltr'>abjectissi-</span> 
     </span>
     <span class='ocr_line' id='line_1_30' title="bbox 230 1978 1705 2032; baseline 0.003 -17"><span class='ocrx_word' id='word_1_260' title='bbox 230 1990 335 2016; x_wconf 88' lang='lat' dir='ltr'>mum</span> <span class='ocrx_word' id='word_1_261' title='bbox 352 1978 457 2029; x_wconf 86' lang='lat' dir='ltr'>apud</span> <span class='ocrx_word' id='word_1_262' title='bbox 474 1991 534 2016; x_wconf 87' lang='lat' dir='ltr'>me</span> <span class='ocrx_word' id='word_1_263' title='bbox 554 1978 671 2017; x_wconf 92' lang='lat' dir='ltr'>ordiri</span> <span class='ocrx_word' id='word_1_264' title='bbox 691 1991 811 2017; x_wconf 86' lang='lat' dir='ltr'>ausus</span> <span class='ocrx_word' id='word_1_265' title='bbox 827 1986 906 2017; x_wconf 87' lang='lat' dir='ltr'>est:</span> <span class='ocrx_word' id='word_1_266' title='bbox 929 1979 1177 2018; x_wconf 74' lang='lat' dir='ltr'>aemulatione</span> <span class='ocrx_word' id='word_1_267' title='bbox 1198 1979 1355 2031; x_wconf 88' lang='lat' dir='ltr'>quidem</span> <span class='ocrx_word' id='word_1_268' title='bbox 1377 1979 1497 2031; x_wconf 82' lang='lat' dir='ltr'>digna</span> <span class='ocrx_word' id='word_1_269' title='bbox 1513 1993 1601 2019; x_wconf 89' lang='lat' dir='ltr'>esse</span> <span class='ocrx_word' id='word_1_270' title='bbox 1619 1993 1705 2032; x_wconf 85' lang='lat' dir='ltr'>quae</span> 
     </span>
     <span class='ocr_line' id='line_1_31' title="bbox 231 2040 1706 2093; baseline 0.001 -14"><span class='ocrx_word' id='word_1_271' title='bbox 231 2054 305 2092; x_wconf 85' lang='lat' dir='ltr'>ego</span> <span class='ocrx_word' id='word_1_272' title='bbox 326 2040 510 2088; x_wconf 91' lang='lat' dir='ltr'>dicerem,</span> <span class='ocrx_word' id='word_1_273' title='bbox 529 2054 569 2079; x_wconf 91' lang='lat' dir='ltr'>se</span> <span class='ocrx_word' id='word_1_274' title='bbox 589 2047 719 2080; x_wconf 87' lang='lat' dir='ltr'>tamen</span> <span class='ocrx_word' id='word_1_275' title='bbox 738 2040 872 2088; x_wconf 89' lang='lat' dir='ltr'>vereri,</span> <span class='ocrx_word' id='word_1_276' title='bbox 893 2054 942 2079; x_wconf 89' lang='lat' dir='ltr'>ne</span> <span class='ocrx_word' id='word_1_277' title='bbox 964 2041 1096 2080; x_wconf 89' lang='lat' dir='ltr'>multis</span> <span class='ocrx_word' id='word_1_278' title='bbox 1118 2041 1358 2081; x_wconf 90' lang='lat' dir='ltr'>audientium</span> <span class='ocrx_word' id='word_1_279' title='bbox 1384 2042 1538 2093; x_wconf 85' lang='lat' dir='ltr'>ingrata</span> <span class='ocrx_word' id='word_1_280' title='bbox 1564 2043 1706 2081; x_wconf 83' lang='lat' dir='ltr'>forent.</span> 
     </span>
     <span class='ocr_line' id='line_1_32' title="bbox 232 2103 1707 2156; baseline 0.003 -17"><span class='ocrx_word' id='word_1_281' title='bbox 232 2103 308 2141; x_wconf 79' lang='lat' dir='ltr'>Ita</span> <span class='ocrx_word' id='word_1_282' title='bbox 336 2103 460 2141; x_wconf 86' lang='lat' dir='ltr'>enim</span> <span class='ocrx_word' id='word_1_283' title='bbox 494 2103 623 2141; x_wconf 83' lang='lat' dir='ltr'>aiebat</span> <span class='ocrx_word' id='word_1_284' title='bbox 660 2103 888 2141; x_wconf 90' lang='lat' dir='ltr'>nonnulli</span> <span class='ocrx_word' id='word_1_285' title='bbox 927 2103 1117 2143; x_wconf 90' lang='lat' dir='ltr'>invidia</span> <span class='ocrx_word' id='word_1_286' title='bbox 1153 2111 1201 2142; x_wconf 91' lang='lat' dir='ltr'>et</span> <span class='ocrx_word' id='word_1_287' title='bbox 1240 2105 1558 2156; x_wconf 87' lang='lat' dir='ltr'>egestatibus</span> <span class='ocrx_word' id='word_1_288' title='bbox 1590 2105 1707 2143; x_wconf 84' lang='lat' dir='ltr'>effe-</span> 
     </span>
     <span class='ocr_line' id='line_1_33' title="bbox 231 2162 1707 2214; baseline 0.001 -12"><span class='ocrx_word' id='word_1_289' title='bbox 231 2170 399 2202; x_wconf 80' lang='lat' dir='ltr'>rantur</span> <span class='ocrx_word' id='word_1_290' title='bbox 427 2170 570 2214; x_wconf 86' lang='lat' dir='ltr'>atque</span> <span class='ocrx_word' id='word_1_291' title='bbox 602 2162 775 2202; x_wconf 90' lang='lat' dir='ltr'>hostili</span> <span class='ocrx_word' id='word_1_292' title='bbox 809 2164 964 2203; x_wconf 88' lang='lat' dir='ltr'>animo</span> <span class='ocrx_word' id='word_1_293' title='bbox 992 2171 1117 2211; x_wconf 91' lang='lat' dir='ltr'>sunt,</span> <span class='ocrx_word' id='word_1_294' title='bbox 1155 2171 1204 2203; x_wconf 91' lang='lat' dir='ltr'>ut</span> <span class='ocrx_word' id='word_1_295' title='bbox 1232 2178 1325 2204; x_wconf 92' lang='lat' dir='ltr'>non</span> <span class='ocrx_word' id='word_1_296' title='bbox 1358 2165 1498 2204; x_wconf 88' lang='lat' dir='ltr'>vitiis</span> <span class='ocrx_word' id='word_1_297' title='bbox 1526 2165 1609 2204; x_wconf 90' lang='lat' dir='ltr'>sed</span> <span class='ocrx_word' id='word_1_298' title='bbox 1641 2166 1707 2204; x_wconf 91' lang='lat' dir='ltr'>di-</span> 
     </span>
     <span class='ocr_line' id='line_1_34' title="bbox 230 2224 1722 2280; baseline 0.003 -18"><span class='ocrx_word' id='word_1_299' title='bbox 230 2224 407 2276; x_wconf 84' lang='lat' dir='ltr'>ligenti</span> <span class='ocrx_word' id='word_1_300' title='bbox 451 2225 561 2263; x_wconf 88' lang='lat' dir='ltr'>vitae</span> <span class='ocrx_word' id='word_1_301' title='bbox 601 2225 940 2272; x_wconf 88' lang='lat' dir='ltr'>adversentur,</span> <span class='ocrx_word' id='word_1_302' title='bbox 987 2226 1281 2278; x_wconf 85' lang='lat' dir='ltr'>oderintque</span> <span class='ocrx_word' id='word_1_303' title='bbox 1319 2239 1412 2265; x_wconf 88' lang='lat' dir='ltr'>non</span> <span class='ocrx_word' id='word_1_304' title='bbox 1446 2227 1603 2266; x_wconf 88' lang='lat' dir='ltr'>solum</span> <span class='ocrx_word' id='word_1_305' title='bbox 1632 2228 1722 2280; x_wconf 85' lang='lat' dir='ltr'>ju—.</span> 
     </span>
     <span class='ocr_line' id='line_1_35' title="bbox 231 2286 1709 2340; baseline 0.003 -16"><span class='ocrx_word' id='word_1_306' title='bbox 231 2286 482 2325; x_wconf 83' lang='lat' dir='ltr'>stissimos</span> <span class='ocrx_word' id='word_1_307' title='bbox 518 2286 778 2332; x_wconf 90' lang='lat' dir='ltr'>hominum,</span> <span class='ocrx_word' id='word_1_308' title='bbox 817 2287 900 2326; x_wconf 92' lang='lat' dir='ltr'>sed</span> <span class='ocrx_word' id='word_1_309' title='bbox 931 2288 1076 2326; x_wconf 88' lang='lat' dir='ltr'>etiam</span> <span class='ocrx_word' id='word_1_310' title='bbox 1107 2288 1378 2326; x_wconf 90' lang='lat' dir='ltr'>studiorum</span> <span class='ocrx_word' id='word_1_311' title='bbox 1408 2289 1614 2340; x_wconf 89' lang='lat' dir='ltr'>optima;</span> <span class='ocrx_word' id='word_1_312' title='bbox 1656 2299 1709 2329; x_wconf 81' lang='lat' dir='ltr'>ac</span> 
     </span>
     <span class='ocr_line' id='line_1_36' title="bbox 231 2348 1708 2402; baseline 0.003 -17"><span class='ocrx_word' id='word_1_313' title='bbox 231 2354 404 2400; x_wconf 77' lang='lat' dir='ltr'>praeter</span> <span class='ocrx_word' id='word_1_314' title='bbox 458 2355 637 2387; x_wconf 78' lang='lat' dir='ltr'>caetera</span> <span class='ocrx_word' id='word_1_315' title='bbox 691 2348 816 2386; x_wconf 88' lang='lat' dir='ltr'>mala</span> <span class='ocrx_word' id='word_1_316' title='bbox 862 2349 1027 2400; x_wconf 88' lang='lat' dir='ltr'>impiis</span> <span class='ocrx_word' id='word_1_317' title='bbox 1076 2350 1267 2401; x_wconf 90' lang='lat' dir='ltr'>quidem</span> <span class='ocrx_word' id='word_1_318' title='bbox 1314 2349 1516 2388; x_wconf 74' lang='lat' dir='ltr'>faveant</span> <span class='ocrx_word' id='word_1_319' title='bbox 1563 2357 1708 2402; x_wconf 87' lang='lat' dir='ltr'>atque</span> 
     </span>
     <span class='ocr_line' id='line_1_37' title="bbox 229 2411 1708 2462; baseline 0.003 -14"><span class='ocrx_word' id='word_1_320' title='bbox 229 2411 549 2462; x_wconf 85' lang='lat' dir='ltr'>indulgentes</span> <span class='ocrx_word' id='word_1_321' title='bbox 585 2423 635 2449; x_wconf 91' lang='lat' dir='ltr'>se</span> <span class='ocrx_word' id='word_1_322' title='bbox 670 2411 921 2461; x_wconf 71' lang='lat' dir='ltr'>praebeant,</span> <span class='ocrx_word' id='word_1_323' title='bbox 951 2412 1126 2462; x_wconf 89' lang='lat' dir='ltr'>quibus</span> <span class='ocrx_word' id='word_1_324' title='bbox 1166 2419 1327 2452; x_wconf 88' lang='lat' dir='ltr'>autem</span> <span class='ocrx_word' id='word_1_325' title='bbox 1359 2414 1592 2460; x_wconf 87' lang='lat' dir='ltr'>invident,</span> <span class='ocrx_word' id='word_1_326' title='bbox 1621 2414 1708 2454; x_wconf 89' lang='lat' dir='ltr'>hos</span> 
     </span>
     <span class='ocr_line' id='line_1_38' title="bbox 232 2472 1706 2526; baseline 0.003 -16"><span class='ocrx_word' id='word_1_327' title='bbox 232 2472 469 2524; x_wconf 88' lang='lat' dir='ltr'>siquidem</span> <span class='ocrx_word' id='word_1_328' title='bbox 529 2472 722 2523; x_wconf 90' lang='lat' dir='ltr'>possint</span> <span class='ocrx_word' id='word_1_329' title='bbox 776 2479 1012 2511; x_wconf 89' lang='lat' dir='ltr'>evertant.</span> <span class='ocrx_word' id='word_1_330' title='bbox 1097 2474 1253 2526; x_wconf 88' lang='lat' dir='ltr'>Atque</span> <span class='ocrx_word' id='word_1_331' title='bbox 1307 2475 1409 2514; x_wconf 90' lang='lat' dir='ltr'>haec</span> <span class='ocrx_word' id='word_1_332' title='bbox 1460 2475 1706 2514; x_wconf 84' lang='lat' dir='ltr'>facientes</span> 
     </span>
     <span class='ocr_line' id='line_1_39' title="bbox 232 2534 1708 2588; baseline 0.003 -16"><span class='ocrx_word' id='word_1_333' title='bbox 232 2547 325 2572; x_wconf 89' lang='lat' dir='ltr'>non</span> <span class='ocrx_word' id='word_1_334' title='bbox 352 2534 583 2586; x_wconf 82' lang='lat' dir='ltr'>ignorant</span> <span class='ocrx_word' id='word_1_335' title='bbox 611 2534 838 2586; x_wconf 85' lang='lat' dir='ltr'>profecto</span> <span class='ocrx_word' id='word_1_336' title='bbox 866 2548 951 2586; x_wconf 90' lang='lat' dir='ltr'>pro</span> <span class='ocrx_word' id='word_1_337' title='bbox 985 2536 1166 2586; x_wconf 89' lang='lat' dir='ltr'>quibus</span> <span class='ocrx_word' id='word_1_338' title='bbox 1202 2537 1495 2588; x_wconf 84' lang='lat' dir='ltr'>suffragium</span> <span class='ocrx_word' id='word_1_339' title='bbox 1535 2537 1708 2585; x_wconf 85' lang='lat' dir='ltr'>ferant,</span> 
     </span>
     <span class='ocr_line' id='line_1_40' title="bbox 232 2596 1706 2649; baseline 0.002 -14"><span class='ocrx_word' id='word_1_340' title='bbox 232 2596 313 2635; x_wconf 84' lang='lat' dir='ltr'>sed</span> <span class='ocrx_word' id='word_1_341' title='bbox 370 2609 549 2635; x_wconf 86' lang='lat' dir='ltr'>nocere</span> <span class='ocrx_word' id='word_1_342' title='bbox 602 2596 794 2648; x_wconf 91' lang='lat' dir='ltr'>quidem</span> <span class='ocrx_word' id='word_1_343' title='bbox 842 2604 1062 2649; x_wconf 84' lang='lat' dir='ltr'>sperant,</span> <span class='ocrx_word' id='word_1_344' title='bbox 1112 2599 1379 2637; x_wconf 86' lang='lat' dir='ltr'>revelatum</span> <span class='ocrx_word' id='word_1_345' title='bbox 1435 2605 1593 2638; x_wconf 90' lang='lat' dir='ltr'>autem</span> <span class='ocrx_word' id='word_1_346' title='bbox 1646 2601 1706 2639; x_wconf 87' lang='lat' dir='ltr'>iri</span> 
     </span>
     <span class='ocr_line' id='line_1_41' title="bbox 233 2658 1707 2711; baseline 0.003 -15"><span class='ocrx_word' id='word_1_347' title='bbox 233 2671 323 2696; x_wconf 82' lang='lat' dir='ltr'>non</span> <span class='ocrx_word' id='word_1_348' title='bbox 358 2665 669 2710; x_wconf 78' lang='lat' dir='ltr'>exspectant:</span> <span class='ocrx_word' id='word_1_349' title='bbox 712 2658 819 2697; x_wconf 90' lang='lat' dir='ltr'>dum</span> <span class='ocrx_word' id='word_1_350' title='bbox 859 2659 1013 2711; x_wconf 89' lang='lat' dir='ltr'>igitur</span> <span class='ocrx_word' id='word_1_351' title='bbox 1043 2660 1113 2698; x_wconf 89' lang='lat' dir='ltr'>sui</span> <span class='ocrx_word' id='word_1_352' title='bbox 1145 2660 1331 2699; x_wconf 88' lang='lat' dir='ltr'>similes</span> <span class='ocrx_word' id='word_1_353' title='bbox 1369 2668 1582 2708; x_wconf 88' lang='lat' dir='ltr'>servant,</span> <span class='ocrx_word' id='word_1_354' title='bbox 1613 2662 1707 2701; x_wconf 90' lang='lat' dir='ltr'>sibi</span> 
     </span>
     <span class='ocr_line' id='line_1_42' title="bbox 230 2721 1708 2776; baseline 0.005 -18"><span class='ocrx_word' id='word_1_355' title='bbox 230 2721 352 2772; x_wconf 84' lang='lat' dir='ltr'>ipsis</span> <span class='ocrx_word' id='word_1_356' title='bbox 381 2721 684 2772; x_wconf 81' lang='lat' dir='ltr'>patrocinari</span> <span class='ocrx_word' id='word_1_357' title='bbox 714 2722 1032 2761; x_wconf 84' lang='lat' dir='ltr'>arbitrantur.</span> <span class='ocrx_word' id='word_1_358' title='bbox 1073 2722 1186 2761; x_wconf 87' lang='lat' dir='ltr'>Haec</span> <span class='ocrx_word' id='word_1_359' title='bbox 1216 2736 1272 2761; x_wconf 91' lang='lat' dir='ltr'>eo</span> <span class='ocrx_word' id='word_1_360' title='bbox 1301 2724 1590 2776; x_wconf 85' lang='lat' dir='ltr'>exposui,ut</span> <span class='ocrx_word' id='word_1_361' title='bbox 1616 2738 1708 2765; x_wconf 87' lang='lat' dir='ltr'>me—</span> 
     </span>
     <span class='ocr_line' id='line_1_43' title="bbox 232 2782 1706 2836; baseline 0.003 -16"><span class='ocrx_word' id='word_1_362' title='bbox 232 2782 353 2820; x_wconf 81' lang='lat' dir='ltr'>liore</span> <span class='ocrx_word' id='word_1_363' title='bbox 391 2782 596 2821; x_wconf 91' lang='lat' dir='ltr'>consilio</span> <span class='ocrx_word' id='word_1_364' title='bbox 641 2790 693 2821; x_wconf 86' lang='lat' dir='ltr'>te</span> <span class='ocrx_word' id='word_1_365' title='bbox 728 2795 866 2836; x_wconf 84' lang='lat' dir='ltr'>geras</span> <span class='ocrx_word' id='word_1_366' title='bbox 903 2789 1052 2835; x_wconf 86' lang='lat' dir='ltr'>utque</span> <span class='ocrx_word' id='word_1_367' title='bbox 1093 2784 1361 2823; x_wconf 65' lang='lat' dir='ltr'>tutioribus</span> <span class='ocrx_word' id='word_1_368' title='bbox 1400 2786 1706 2826; x_wconf 86' lang='lat' dir='ltr'>sermonibus</span> 
     </span>
     <span class='ocr_line' id='line_1_44' title="bbox 230 2843 1706 2900; baseline 0.005 -19"><span class='ocrx_word' id='word_1_369' title='bbox 230 2843 358 2895; x_wconf 83' lang='lat' dir='ltr'>apud</span> <span class='ocrx_word' id='word_1_370' title='bbox 385 2856 466 2882; x_wconf 86' lang='lat' dir='ltr'>eos</span> <span class='ocrx_word' id='word_1_371' title='bbox 503 2844 688 2883; x_wconf 86' lang='lat' dir='ltr'>utaris:</span> <span class='ocrx_word' id='word_1_372' title='bbox 723 2857 930 2897; x_wconf 85' lang='lat' dir='ltr'>quanam</span> <span class='ocrx_word' id='word_1_373' title='bbox 968 2846 1089 2884; x_wconf 91' lang='lat' dir='ltr'>enim</span> <span class='ocrx_word' id='word_1_374' title='bbox 1127 2852 1286 2885; x_wconf 87' lang='lat' dir='ltr'>mente</span> <span class='ocrx_word' id='word_1_375' title='bbox 1323 2848 1706 2900; x_wconf 79' lang='lat' dir='ltr'>exspectandum</span> 
     </span>
     <span class='ocr_line' id='line_1_45' title="bbox 233 2905 1708 2964; baseline 0.005 -20"><span class='ocrx_word' id='word_1_376' title='bbox 233 2912 306 2944; x_wconf 80' lang='lat' dir='ltr'>est</span> <span class='ocrx_word' id='word_1_377' title='bbox 338 2905 429 2944; x_wconf 87' lang='lat' dir='ltr'>hos-</span> <span class='ocrx_word' id='word_1_378' title='bbox 456 2918 564 2944; x_wconf 86' lang='lat' dir='ltr'>esse</span> <span class='ocrx_word' id='word_1_379' title='bbox 595 2906 805 2954; x_wconf 87' lang='lat' dir='ltr'>futuros,</span> <span class='ocrx_word' id='word_1_380' title='bbox 838 2920 939 2946; x_wconf 91' lang='lat' dir='ltr'>cum</span> <span class='ocrx_word' id='word_1_381' title='bbox 973 2914 1019 2947; x_wconf 90' lang='lat' dir='ltr'>et</span> <span class='ocrx_word' id='word_1_382' title='bbox 1049 2907 1195 2947; x_wconf 85' lang='lat' dir='ltr'>vitam</span> <span class='ocrx_word' id='word_1_383' title='bbox 1229 2914 1353 2947; x_wconf 87' lang='lat' dir='ltr'>tuam</span> <span class='ocrx_word' id='word_1_384' title='bbox 1386 2916 1431 2949; x_wconf 87' lang='lat' dir='ltr'>et</span> <span class='ocrx_word' id='word_1_385' title='bbox 1458 2915 1540 2950; x_wconf 85' lang='lat' dir='ltr'>tua</span> <span class='ocrx_word' id='word_1_386' title='bbox 1571 2918 1708 2964; x_wconf 83' lang='lat' dir='ltr'>gesta</span> 
     </span>
    </p>
   </div>
  </div>
 </body>
</html>
