1870 3277
252 167 330 204 316
922 165 1043 205 ISAEI

251 267 388 306 habuit
417 280 567 315 curam,
585 279 705 319 quam
725 274 875 320 patrem
894 268 1007 308 decet
1032 268 1081 308 de
1103 268 1196 316 filio,
1219 277 1257 308 et
1283 282 1358 321 ego
1378 270 1461 322 pari
1480 269 1629 308 ratione
1648 280 1722 306 ceu

252 329 353 368 filius
369 337 509 369 natura
521 330 674 382 genitus
689 336 838 382 patrem
855 345 983 370 meum
996 332 1050 370 ita
1065 330 1167 369 colui
1184 337 1223 369 et
1236 338 1442 370 veneratus
1457 345 1557 378 sum,
1573 341 1727 383 egoque

252 399 292 432 et
310 405 408 431 uxor
423 405 524 440 mea,
542 398 587 431 ut
608 394 784 431 fortunas
804 394 887 444 ejus
909 394 1067 433 tribules
1083 407 1216 432 omnes
1233 393 1452 432 laudarent.

305 457 344 492 7.
375 455 496 495 Porro
511 455 619 507 quod
638 468 766 506 neque
787 455 955 495 delirans
972 470 1099 507 nequc
1118 455 1268 494 mulieri
1285 469 1431 494 morem
1450 467 1587 506 gerens
1607 454 1728 492 filium

253 517 458 557 Menecles
478 518 655 563 adscivit,
676 517 747 555 sed
760 518 857 556 bene
874 531 1008 564 sanus,
1023 518 1163 556 exinde
1179 517 1288 556 vobis
1310 518 1423 556 facile
1438 523 1499 555 est
1515 516 1731 555 intellectu.

254 579 427 618 Primum
458 580 563 619 enim
595 592 719 626 soror,
746 592 864 630 quam
885 579 958 619 iste
979 579 1262 631 [adversarius]
1294 579 1331 617 in
1359 579 1532 618 oratione
1554 591 1626 616 sua
1646 591 1735 629 per-

252 641 461 694 plurimum
495 641 722 692 exagitavit,
756 641 867 691 quasi
900 643 931 679 si
964 641 1020 681 illi
1049 655 1197 680 morem
1228 653 1367 692 gerens
1399 654 1462 679 me
1493 640 1735 691 adoptasset,

253 704 372 754 longe
406 710 496 741 ante
528 703 566 741 in
601 702 888 740 matrimonium
922 703 1115 742 collocata
1145 710 1218 749 cst,
1249 717 1366 755 quam
1392 702 1489 741 inita
1518 702 1733 753 adoptatio,

254 777 373 816 quare
396 765 535 803 saltem
561 764 593 803 si
621 763 677 802 illi
704 764 899 817 paruisset
924 765 1124 817 filiumque
1147 765 1396 811 adscivisset,
1418 778 1539 804 unum
1560 777 1610 801 ex
1630 763 1732 801 illius

253 828 384 866 liberis
406 827 658 879 adoptasset:
689 827 787 865 duos
808 828 909 866 enim
929 827 1113 866 habebat.
1155 828 1289 880 Atqui,
1310 826 1393 874 viri,
1410 839 1658 878 nequaquam
1678 825 1733 863 illi

254 902 401 928 morem
424 902 563 941 gerens
582 902 644 927 me
663 888 878 940 adoptavit,
898 903 988 927 eum
1008 902 1098 928 vero
1126 891 1323 941 praecipue
1354 889 1562 928 liberorum
1585 889 1733 927 orbitas

255 953 459 1003 persuasit,
474 951 615 990 deinde
633 964 730 1002 quas
745 963 861 1002 supra
883 951 960 988 dixi
980 964 1119 989 causas
1134 964 1303 1002 veraque
1320 964 1415 1002 erga
1433 958 1583 1002 patrem
1603 962 1734 988 meum

256 1013 426 1060 affectio,
443 1013 612 1065 denique
632 1013 739 1064 quod
755 1013 906 1050 nullum
927 1013 1045 1051 alium
1063 1022 1274 1065 cognatum
1291 1014 1473 1059 habebat,
1495 1013 1596 1050 unde
1611 1012 1734 1050 filium

254 1075 504 1114 adscisceret.
563 1074 659 1113 Haec
681 1075 839 1113 demum
856 1087 917 1113 me
934 1075 1121 1127 adoptare
1141 1089 1229 1114 eum
1244 1076 1503 1114 induxerunt:
1533 1087 1652 1125 quare
1672 1087 1738 1112 ne-

254 1149 329 1187 que
347 1136 535 1175 delirasse
562 1149 650 1175 eum
667 1149 792 1187 neque
810 1135 958 1175 mulieri
980 1150 1124 1175 morem
1142 1137 1315 1188 gessisse
1335 1138 1453 1175 evicit
1479 1134 1736 1182 adversarius,

254 1197 330 1236 nisi
350 1198 526 1249 profecto
549 1198 799 1237 solitudinem
820 1197 904 1250 ejus
925 1204 966 1237 et
991 1199 1197 1237 orbitatem
1217 1199 1345 1237 isthoc
1373 1199 1529 1237 nomine
1549 1197 1733 1250 appellet.

255 1260 418 1298 Lubens
439 1273 534 1311 ergo
555 1261 603 1298 ab
616 1261 691 1297 hoc
712 1260 866 1298 homine
886 1260 1133 1311 postularim,
1154 1261 1321 1298 sanitate
1344 1261 1537 1299 Meneclis
1554 1272 1624 1311 pro
1639 1272 1735 1298 con-

255 1334 372 1360 cesso
404 1328 574 1372 sumpta,
599 1333 856 1372 ecquemnam
884 1327 1142 1371 cognatorum
1174 1321 1363 1372 adoptare
1400 1320 1592 1360 debebat?
1631 1320 1737 1358 Num

254 1384 366 1422 istius
381 1383 525 1422 filium?
547 1383 668 1434 Atqui
681 1383 712 1420 ei
725 1382 862 1433 [filium
877 1383 1010 1432 suum]
1023 1396 1100 1421 non
1114 1383 1572 1434 concessisset,improlis
1586 1384 1670 1433 ipse
1682 1382 1740 1420 fa-

256 1453 364 1485 ctus:
385 1459 446 1484 nae
461 1446 534 1484 iste
548 1445 802 1497 pecuniarum
819 1456 897 1483 non
913 1445 966 1484 ita
983 1458 1118 1484 amans
1136 1445 1254 1484 homo
1269 1451 1341 1484 est.
1379 1445 1432 1483 At
1447 1445 1586 1483 sororis
1603 1445 1738 1491 filium,

256 1508 552 1547 consobrinaeve
566 1508 626 1545 vel
639 1506 884 1546 consobrini?
916 1508 1041 1558 Atqui
1057 1507 1213 1545 omnino
1227 1507 1266 1545 id
1281 1519 1405 1558 genus
1423 1507 1738 1558 consanguineos

257 1582 456 1621 nunquam
490 1569 693 1607 habuerat.
752 1569 906 1607 Idcirco
925 1570 959 1607 ei
979 1582 1146 1608 necesse
1166 1576 1248 1608 erat
1281 1569 1401 1607 aliurn
1428 1568 1624 1620 quendam
1645 1569 1740 1607 ado·

257 1638 382 1684 ptare,
403 1638 447 1670 ut
465 1643 514 1670 ne
533 1630 705 1683 improlis
726 1630 880 1669 senium
901 1638 1047 1682 ageret,
1069 1631 1171 1670 sicut
1198 1631 1269 1670 iste
1299 1644 1404 1670 nunc
1433 1632 1482 1669 ab
1502 1644 1549 1670 eo
1570 1631 1741 1682 requirit.

258 1694 392 1747 Atque
411 1707 561 1741 omnes,
581 1701 692 1746 puto,
714 1694 1022 1741 confitebuntur,
1041 1694 1160 1745 quod,
1178 1695 1209 1733 si
1225 1708 1451 1747 quenquam
1468 1707 1626 1746 prorsus
1646 1695 1742 1734 ado-

255 1763 422 1808 ptasset,
443 1757 640 1796 neminem
659 1757 784 1808 magis
800 1769 859 1795 me
880 1756 1109 1795 familiarem
1128 1757 1315 1810 adoptare
1331 1758 1535 1810 potuisset.
1592 1757 1740 1796 Osten-

257 1818 328 1856 dat
347 1818 472 1857 vobis.
529 1819 582 1857 At
608 1831 808 1871 nunquam
836 1817 1026 1871 potuerit:
1057 1818 1209 1857 nullum
1241 1820 1345 1858 enim
1374 1819 1494 1857 alium
1526 1826 1739 1870 cognatum

257 1888 400 1933 praeter
419 1880 492 1919 hos
511 1881 661 1919 habuit.

315 1944 354 1981 8.
383 1943 465 1981 Iste
483 1955 576 1981 vero
596 1956 676 1980 non
691 1949 867 1989 nunc,ut
880 1941 1047 1988 videtur,
1069 1942 1293 1982 Meneclem
1313 1944 1482 1990 incusat,
1495 1942 1601 1994 quod
1618 1941 1739 1981 filium

259 2017 372 2044 suum
398 2016 477 2042 non
502 2004 719 2055 adoptavit,
750 2004 821 2043 sed
850 2004 958 2057 quod
985 2004 1107 2043 ullam
1140 2018 1313 2056 unquam
1337 2006 1629 2058 adoptationem
1659 2006 1741 2044 iniit

260 2070 462 2119 orbusque
480 2067 562 2106 fato
591 2080 670 2106 non
691 2068 849 2107 functus
878 2075 952 2107 est.
1022 2068 1112 2107 Hoc
1145 2077 1218 2115 est,
1237 2069 1345 2120 quod
1365 2071 1531 2116 incusat,
1554 2069 1742 2108 invidiose

260 2136 301 2168 et
319 2130 450 2181 inique
470 2142 615 2182 agens:
649 2129 720 2168 sibi
742 2129 848 2168 enim
873 2143 963 2168 cum
983 2129 1093 2169 liberi
1114 2129 1206 2178 sint,
1226 2130 1316 2170 huic
1335 2132 1511 2170 orbitatis
1528 2132 1741 2171 infortunio

258 2191 451 2230 laboranti
470 2190 722 2230 conviciatur.
762 2191 822 2231 Ac
842 2192 947 2244 apud
969 2199 1132 2231 caeteros
1149 2193 1307 2244 quidem
1327 2193 1506 2232 homines
1526 2200 1608 2232 tum
1631 2193 1743 2231 Grae-

261 2266 331 2294 cos
361 2260 444 2292 tum
469 2253 657 2292 barbaros
676 2253 765 2292 haec
786 2254 835 2292 de
855 2255 1108 2306 adoptatione
1129 2255 1280 2294 sancita
1294 2255 1356 2294 lex
1376 2256 1413 2293 in
1428 2256 1549 2307 pretio
1564 2256 1744 2306 habetur,

261 2328 390 2367 eaque
418 2321 580 2367 propter
604 2327 739 2353 omnes
763 2328 810 2353 ea
842 2323 1030 2358 utuntur:
1059 2317 1131 2356 iste
1151 2330 1244 2356 vero
1263 2323 1425 2368 patruus
1453 2331 1559 2356 nunc
1584 2318 1740 2356 fratrem

262 2390 376 2417 suurn
406 2377 665 2416 inverecunde
693 2377 766 2416 hac
795 2377 984 2416 facultate
1012 2378 1205 2430 privatum
1225 2378 1267 2425 it,
1299 2378 1423 2416 filium
1444 2378 1592 2416 scilicet
1616 2378 1741 2417 adsci-

261 2438 412 2485 scendi,
430 2451 548 2490 quam
562 2439 622 2477 vel
635 2438 697 2485 iis,
711 2438 946 2490 quibuscum
966 2439 1085 2477 nullae
1103 2440 1415 2479 necessitudines
1432 2439 1741 2486 intercedebant,

262 2514 378 2540 nemo
407 2513 578 2552 unquam
607 2500 759 2539 invidit.
814 2501 960 2539 Verum
991 2501 1187 2539 enimvero
1215 2502 1380 2548 huncce,
1411 2502 1559 2553 opinor,
1580 2501 1740 2540 cuilibet

262 2576 366 2602 eum·
388 2561 658 2613 interroganti,
677 2562 816 2613 ecquid
842 2562 980 2601 eadem
1001 2575 1095 2601 usus
1114 2571 1216 2602 sorte
1239 2563 1408 2610 fecisset,
1441 2576 1514 2601 nec
1545 2562 1651 2601 aliud
1682 2577 1740 2602 re-

261 2638 513 2678 sponsurum,
531 2637 649 2675 quam
668 2625 775 2675 quod
794 2625 1035 2676 adoptasset,
1055 2624 1120 2676 qui
1142 2638 1231 2664 eum
1251 2631 1356 2664 esset
1374 2624 1467 2662 dum
1487 2625 1633 2665 viveret
1651 2625 1740 2664 loeo

260 2687 435 2741 parentis
465 2687 641 2726 culturus
668 2687 952 2738 exsequiasque
981 2687 1180 2726 soluturus
1203 2687 1416 2726 defuncto:
1447 2692 1487 2725 et
1513 2686 1672 2738 planum
1699 2687 1739 2725 id

258 2749 415 2801 quidem
434 2755 507 2797 est,
527 2749 665 2788 eadem
684 2748 758 2789 hac
775 2749 875 2801 lege,
894 2762 973 2801 qua
991 2761 1091 2796 mea,
1111 2749 1184 2788 sibi
1204 2749 1340 2787 initum
1361 2749 1400 2787 iri
1423 2748 1736 2800 adoptationem.

256 2811 357 2849 Tum
378 2810 461 2856 iste,
483 2811 514 2848 si
538 2811 667 2850 liberis
693 2812 896 2858 caruisset,
917 2812 1036 2850 filium
1057 2812 1250 2850 adscitum
1272 2812 1385 2851 isset:
1418 2820 1458 2850 at
1476 2825 1567 2851 vero
1595 2813 1734 2851 Mene-

255 2873 372 2919 clem,
396 2885 442 2911 eo
461 2873 569 2923 quod
588 2873 753 2912 eandem
771 2874 871 2912 viam
894 2874 1045 2921 institit,
1065 2874 1286 2917 dementem
1314 2887 1399 2912 esse
1421 2875 1476 2912 ait
1498 2874 1728 2925 mulierique

260 2947 405 2974 morem
422 2941 621 2986 gerentem
635 2935 754 2973 filium
769 2936 990 2988 adoptasse.
1015 2936 1154 2976 Nonne
1171 2936 1301 2976 hercle
1319 2948 1445 2975 meras
1463 2949 1588 2987 nugas
1610 2936 1728 2974 dicit?
