1870 3277
241 172 318 207 ‘226
832 170 1116 207 ISOCRATIS

242 280 345 316 sunt,
378 273 494 309 timeo
519 285 566 309 ne
600 272 634 309 id
670 274 793 310 sacci-e
826 273 955 310 videar
988 273 1076 323 quia
1112 271 1200 307 mihi
1229 270 1356 308 desint
1383 278 1609 322 argumenta
1645 282 1712 320 pro

241 335 511 372 controversis.

295 396 384 432 ‘26st
421 398 479 433 17.
513 395 584 433 His
612 396 727 446 igitur
753 394 907 440 relictis,
929 395 1007 445 jam
1037 395 1084 432 ad
1116 394 1204 431 illos
1235 401 1438 432 convertar
1465 394 1528 444 qui
1554 394 1712 444 quidem

241 458 523 510 philosophiam
547 472 622 496 non
640 465 909 503 contemnunt,
929 458 1051 495 multo
1070 471 1157 494 vcro
1179 458 1354 494 acerbius
1376 468 1458 494 eam
1480 455 1716 493 calumnian-

242 528 316 565 tur,
339 520 682 572 improbitatesquc
704 532 835 557 corum
858 520 921 569 qui
950 518 1144 569 sophistas
1171 531 1210 555 se
1235 518 1383 562 dicunt,
1406 517 1473 555 sed
1498 516 1601 554 aliud
1621 516 1714 567 quid

241 582 401 627 faciunt,
422 583 627 620 conferunt
657 582 693 618 in
728 594 792 619 cos
813 581 876 631 qui
914 580 1005 617 nihil
1039 593 1128 617 cum
1162 580 1311 617 illorum
1346 579 1482 616 studiis
1512 591 1716 616 commune

240 643 398 682 habent.
461 644 545 694 Ego
569 650 698 681 autem
729 654 804 679 non
833 654 901 693 pro
926 642 1105 679 omnibus
1126 643 1189 692 qui
1219 655 1258 679 se
1287 654 1402 692 posse
1432 640 1570 678 docere
1600 641 1716 691 profi-

240 711 370 743 tentur
391 707 508 743 verba
530 705 681 749 faciam,
711 704 779 742 sed
808 716 876 754 pro
905 703 948 741 iis
971 704 1034 754 qui
1065 704 1200 741 merito
1230 703 1300 740 hac
1323 703 1503 754 opinione
1526 703 1716 740 fruuntur.

243 766 343 804 Puto
370 774 498 805 autem
527 780 589 804 me
616 773 749 817 aperte
777 774 1026 803 ostensurum
1057 766 1335 817 vituperatores
1368 773 1518 803 nostros
1551 766 1666 816 longe
1694 778 1717 803 a

242 828 402 866 veritate
428 819 618 873 aberrare,
648 828 679 865 si
703 827 901 865 volueritis
929 829 978 864 ad
1008 828 1123 864 finem
1155 841 1278 878 usque
1306 828 1440 865 audire
1461 841 1549 877 quae
1578 827 1719 865 dicam.

244 892 307 929 Ac
327 892 490 943 primum
512 890 670 941 quidem
695 890 856 928 definire
883 902 982 940 opus
1010 896 1071 926 est
1090 889 1183 940 quid
1213 896 1439 940 spectantes
1459 889 1602 939 quidve
1622 901 1717 927 con-

243 953 351 1004 sequi
370 954 542 991 volentes
570 952 717 990 audent
735 952 889 1002 quidam
912 964 1103 1003 peccare:
1134 952 1165 989 si
1185 952 1286 989 enim
1307 952 1391 989 haec
1417 959 1522 990 recte
1545 952 1718 1003 comple-

243 1021 405 1061 ctemur,
427 1014 563 1052 mellus
586 1014 835 1065 cognoscetis
857 1026 949 1051 vera
976 1026 1023 1051 ne
1051 1014 1127 1050 sint
1149 1026 1196 1050 an
1218 1014 1315 1051 falsa
1333 1027 1421 1064 quae
1441 1014 1552 1051 nobis
1573 1013 1717 1051 adscri-

241 1076 386 1114 buntur
404 1076 579 1114 crimina.
640 1076 721 1127 Ego
743 1076 858 1126 igitur
879 1075 1088 1127 voluptatis
1110 1083 1177 1113 aut
1204 1075 1299 1113 lucri
1329 1082 1396 1113 aut
1420 1075 1578 1113 honoris
1598 1088 1720 1114 causa

243 1150 376 1177 omnes
391 1138 521 1176 omnia
537 1151 653 1189 agere
674 1138 785 1176 dico:
817 1138 919 1176 ultra
938 1138 1024 1176 haec
1046 1137 1148 1176 enim
1169 1138 1314 1176 nullam
1335 1139 1584 1190 cupiditatem
1602 1138 1722 1177 homi-

243 1201 354 1239 nibus
375 1201 555 1240 accidere
578 1201 704 1240 video.
780 1201 897 1245 Quod
919 1202 949 1239 si
971 1201 1056 1238 haec
1077 1201 1130 1240 ita
1148 1213 1187 1239 se
1208 1201 1368 1248 habeut,
1390 1202 1579 1252 reliquum
1601 1208 1659 1240 est
1678 1208 1721 1240 ut

241 1263 546 1311 consideremus,
568 1264 662 1314 quid
685 1265 819 1302 horum
842 1277 913 1302 nos
935 1277 1225 1314 consequemur
1252 1263 1526 1302 adolescentes
1545 1276 1719 1301 corrum-

241 1325 386 1376 pendo.
447 1326 586 1363 Utrum
617 1326 835 1364 laetabimur
863 1326 1042 1364 videntes
1075 1339 1123 1362 an
1155 1325 1269 1363 etiarn
1303 1325 1507 1362 audientes
1535 1337 1602 1362 eos
1629 1337 1716 1363 esse

242 1399 384 1437 pravos
410 1393 528 1438 atque
559 1388 657 1425 tales
680 1400 702 1424 a
723 1387 870 1425 civibus
887 1386 1081 1438 judicari?
1113 1387 1209 1428 Quis
1231 1399 1319 1423 vero
1340 1387 1393 1424 ita
1413 1386 1533 1423 durus
1555 1393 1626 1433 est,
1653 1386 1718 1436 qui

242 1461 320 1485 non
341 1456 548 1500 angeretur
571 1449 795 1499 hujusmodi
821 1449 974 1500 patiens
1002 1447 1321 1486 accusationem?
1363 1448 1567 1485 Enimvero
1595 1460 1719 1497 neque

242 1511 526 1562 suspiceremur
545 1524 671 1561 neque
689 1524 832 1561 magno
849 1511 886 1548 in
908 1512 1053 1548 honore
1073 1510 1318 1554 haberemur,
1336 1509 1366 1546 si
1387 1508 1483 1546 tales
1503 1508 1719 1559 discipulos

241 1579 395 1610 nostros
415 1572 704 1616 emitteremus;
735 1573 853 1610 immo
874 1573 991 1622 longe
1012 1571 1146 1622 majori
1172 1570 1412 1622 contemptui
1438 1583 1483 1607 ac
1503 1569 1592 1607 odio
1614 1583 1721 1608 esse-

243 1647 330 1671 mus
350 1647 467 1684 quam
488 1634 554 1684 qui
575 1634 658 1671 aliis
675 1634 984 1684 improbitatibus
1005 1638 1096 1669 sunt
1117 1632 1308 1670 obstricti.
1368 1631 1446 1669 Sed
1468 1632 1527 1670 fac
1554 1632 1630 1670 ista
1651 1644 1720 1670 nos

243 1695 462 1745 despicere,
490 1708 567 1732 non
587 1695 763 1745 profecto
785 1694 951 1732 maxima
972 1693 1166 1745 stipendia
1187 1693 1448 1745 acciperemus
1478 1694 1509 1731 si
1534 1693 1587 1731 ita
1611 1693 1721 1732 insti-

245 1757 431 1794 tutionem
467 1756 765 1794 moderaremur.
841 1755 941 1794 Puto
971 1755 1152 1793 videlicet
1185 1755 1260 1793 hoc
1294 1768 1430 1793 omnes
1468 1768 1721 1806 cognoscere,

248 1818 434 1869 sophistae
457 1817 674 1856 mercedem
697 1816 997 1868 pulcherrimam
1019 1830 1064 1855 ac
1091 1817 1301 1855 maximam
1332 1817 1524 1862 accidere,
1558 1818 1587 1855 si
1608 1817 1724 1856 disci-

247 1879 427 1931 pulorum
456 1879 615 1931 quidam
646 1879 738 1917 boni
766 1878 920 1916 honesti
956 1892 1001 1917 ac
1030 1879 1132 1928 frugi
1163 1879 1333 1916 evadant
1364 1878 1585 1929 optimaque
1616 1879 1721 1930 apud

247 1943 351 1981 cives
380 1943 561 1995 opinione
582 1948 762 1979 utentes:
794 1941 833 1978 hi
854 1941 955 1978 enim
978 1941 1111 1978 multis
1137 1941 1315 1992 injiciunt
1341 1940 1591 1991 cupiditatem
1619 1942 1722 1992 ejus-

248 2005 337 2043 dem
357 2005 516 2049 scholae,
546 2003 708 2055 improbi
737 2008 867 2041 autem
897 2001 1013 2040 etiam
1039 2015 1106 2040 eos
1126 2003 1192 2053 qui
1220 2015 1260 2040 se
1286 2001 1402 2053 prius·
1419 2001 1456 2038 in
1477 2001 1722 2053 disciplinam

250 2067 400 2105 tradere
417 2067 687 2117 cogitaverant
706 2070 908 2107 avertunt;
933 2071 974 2101 ut
990 2064 1105 2115 plane
1126 2076 1241 2101 nemo
1261 2063 1355 2113 quid
1375 2062 1414 2099 in
1435 2062 1494 2100 his
1515 2063 1566 2101 sit
1583 2063 1720 2102 melius

250 2142 328 2167 non
349 2129 491 2175 videat,
512 2141 632 2179 quum
655 2141 713 2165 res
734 2135 813 2164 tam
834 2127 914 2164 lato
934 2126 1140 2164 intervallo
1159 2126 1259 2163 inter
1279 2138 1320 2163 se
1340 2124 1531 2163 differant.

305 2191 397 2228 26f³⁶
430 2192 493 2228 18.
516 2190 591 2227 Sed
614 2189 716 2227 enim
740 2189 902 2226 fortasse
922 2188 1061 2238 aliquis
1083 2188 1131 2226 ad
1150 2188 1236 2225 haec
1258 2186 1388 2224 dicere
1409 2186 1569 2224 audebit
1590 2186 1720 2237 plures

251 2253 428 2291 homines
453 2259 609 2304 propter
637 2251 958 2288 incontinentiam
984 2250 1029 2287 iis
1057 2263 1144 2300 quae
1173 2248 1269 2287 ratio
1300 2248 1442 2286 suadet
1468 2261 1543 2285 non
1572 2248 1724 2297 acquie-

250 2327 372 2361 scere,
399 2313 469 2353 sed
499 2313 663 2351 utilitate
690 2318 917 2362 contempta
943 2311 992 2350 ad
1020 2312 1239 2362 voluptates
1267 2323 1464 2362 proruere.
1490 2310 1493 2311 ⁷
1522 2309 1606 2360 Ego
1631 2323 1723 2348 vero

249 2377 374 2415 fateor
392 2383 432 2414 et
451 2375 548 2415 alios
568 2373 709 2413 multos
729 2381 768 2412 et
784 2373 989 2411 nonnullos
1006 2373 1119 2411 etiam
1136 2373 1202 2425 qui
1221 2386 1261 2411 se
1283 2372 1476 2423 sophistas
1495 2371 1725 2422 profitentur

252 2438 327 2477 hoc
347 2451 431 2477 esse
458 2437 629 2489 ingenio.
687 2435 767 2474 Sed
792 2442 925 2473 tamen
949 2448 998 2472 ne
1029 2435 1166 2472 horum
1188 2434 1344 2485 quidem
1365 2433 1573 2485 quisquam
1592 2439 1653 2471 est
1671 2433 1726 2471 ita

253 2501 529 2553 intemperans,
549 2499 615 2551 qui
641 2498 735 2537 velit
766 2498 880 2536 etiam
917 2497 1129 2549 discipulos
1154 2510 1240 2535 esse
1272 2497 1394 2535 tales:
1426 2509 1515 2534 nam
1546 2495 1725 2545 volupta-

252 2570 334 2600 tum
365 2562 522 2614 quidem
550 2575 639 2612 quae
672 2573 719 2598 ex
751 2559 1032 2598 incontinentia
1061 2559 1135 2596 illis
1164 2558 1387 2597 acciderent
1417 2557 1499 2608 ipse
1528 2556 1724 2607 particeps

252 2637 338 2662 esse
358 2637 435 2662 non
457 2631 602 2674 posset,
622 2623 737 2660 famae
756 2634 845 2659 vero
874 2634 962 2672 quae
991 2633 1039 2658 ex
1069 2620 1313 2671 improbitate
1341 2618 1556 2656 eorundem
1577 2618 1725 2656 confla-

253 2693 358 2723 retur
385 2685 550 2736 plurima
578 2692 686 2736 parte
716 2684 917 2721 frueretur.
978 2681 1132 2720 Deinde
1158 2693 1349 2731 quosnam
1375 2687 1638 2730 corrumperet
1663 2681 1725 2718 vel

255 2747 451 2798 quomodo
463 2753 708 2797 comparatos
720 2746 907 2795 reciperet
922 2742 1164 2794 discipulos?
1212 2742 1313 2780 Nam
1330 2748 1370 2779 et
1382 2741 1456 2779 hoc
1469 2741 1724 2791 quaerendum

255 2818 334 2849 est:
375 2823 466 2848 num
493 2810 642 2848 scilicet
668 2809 768 2847 male
793 2808 877 2860 jam
903 2813 1071 2844 moratos
1100 2812 1138 2844 et
1165 2804 1336 2856 pravos?
1378 2804 1475 2848 Quis
1500 2817 1606 2849 vero,
1635 2818 1724 2855 quae

254 2872 410 2924 proprio
437 2871 591 2922 ingenio
618 2871 736 2916 novit,
765 2871 813 2909 ab
842 2869 916 2908 alio
944 2868 1092 2906 discere
1111 2866 1256 2918 queat?
1294 2866 1372 2904 Sed
1393 2867 1544 2913 dicetis,
1568 2867 1727 2917 recipiet

258 2933 560 2985 corrumpendos
579 2934 702 2971 bonos
725 2940 764 2971 et
782 2933 1034 2970 honestorum
1055 2930 1268 2968 studiorum
1289 2929 1460 2981 cupidos
1513 2929 1657 2967 Verum
1678 2942 1725 2966 ne
