1870 3277
269 186 342 222 130
867 182 1154 220 ISOCRATIS

265 289 424 341 privatis
444 287 708 326 contractibus
729 285 910 323 fraudant
931 293 969 323 et
990 285 1128 322 fallunt
1157 283 1303 333 aliquos
1323 290 1361 322 et
1377 295 1551 321 sermone
1570 284 1618 321 ad
1639 284 1738 335 inju-

264 351 337 388 rias
360 351 585 394 abutuntur,
616 348 687 399 ipsi
723 347 843 385 multo
873 347 1028 397 gravius
1064 345 1309 395 delinquunt.
1368 344 1469 382 Nam
1500 346 1552 383 illi
1581 345 1737 396 quidem

265 413 450 450 damnum
481 413 576 451 dant
602 410 749 455 alienis,
776 409 812 446 hi
834 422 925 447 vero
953 410 1032 446 suis
1060 408 1308 446 familiaribus
1330 408 1569 458 potissimum
1591 409 1736 446 incom-

263 475 438 513 modant.

319 538 357 574 6.
389 536 606 574 Mentiendi
628 534 783 572 licentia
818 540 1020 583 tantopere
1047 540 1160 570 aucta
1184 540 1256 576 est,
1279 540 1320 569 ut
1341 532 1420 582 jam
1452 531 1624 581 quidam,
1644 530 1736 567 dum

264 598 359 636 istos
376 597 598 649 hujusmodi
615 597 730 634 rebus
749 595 861 632 ditari
876 594 1021 640 vident,
1037 594 1203 631 scribere
1224 593 1395 630 audeant
1415 592 1678 630 mendicorum
1700 598 1740 628 et

264 661 441 698 exsulum
463 660 582 697 vitam
605 660 728 709 magis
751 657 1012 708 expetendam
1038 669 1124 693 csse
1144 668 1258 705 quam
1281 654 1480 692 hominum
1500 663 1742 691 caeterorurn.

265 722 309 760 Id
338 729 467 759 autern
489 727 679 759 venantur
712 728 755 757 ut
775 719 891 769 vulgo
927 716 1202 769 persuadeant,
1224 730 1277 762 se,
1310 730 1428 766 quum
1460 716 1508 753 de
1539 715 1652 752 rebus
1685 714 1738 752 ita

261 783 487 835 improbatis
509 783 626 820 verba
648 777 874 832 suppetant,¹
892 781 940 818 ad
962 793 1023 817 res
1041 778 1249 830 praeclaras
1269 778 1518 829 exponendas
1539 776 1737 815 luculenta

261 844 433 883 oratione
454 843 568 882 facile
591 844 870 882 abundaturos.
930 841 1029 879 Mihi
1052 853 1139 878 vero
1161 840 1252 877 nihil
1273 852 1385 891 aeque
1405 839 1607 877 ridiculum
1629 838 1735 876 vide-

258 911 321 943 tur
336 919 381 944 ac
398 906 503 957 quod
523 906 607 944 istis
630 905 843 943 rationibus
859 905 1020 955 probare
1036 902 1196 941 student
1212 915 1252 939 se
1270 915 1394 939 rerum
1411 901 1574 939 civilium
1593 901 1736 951 peritos

257 980 358 1013 esse,
380 981 499 1018 quum
532 967 569 1004 in
600 968 642 1005 iis
673 967 763 1018 ipsis
791 979 878 1017 quae
911 965 1144 1016 pollicentur
1173 964 1367 1015 specimen
1398 962 1621 1001 eruditionis
1653 975 1735 1000 suae

257 1031 431 1080 praebere
461 1036 647 1080 possent:
680 1042 783 1074 nam,
805 1028 870 1078 qui
890 1026 1098 1078 prudentia
1116 1033 1300 1076 praestare
1321 1025 1473 1062 caeteris
1493 1032 1532 1062 et
1548 1024 1735 1075 sophistae

255 1090 375 1128 videri
411 1091 562 1135 volunt,
595 1089 786 1128 excellere
817 1102 861 1126 ac
897 1100 1080 1139 superare
1108 1087 1287 1124 indoctos
1318 1086 1475 1131 debent,
1510 1099 1588 1123 non
1622 1085 1736 1122 rebus

257 1163 355 1200 quas
377 1151 439 1188 alii
461 1151 681 1202 negligunt,
703 1150 771 1188 sed
788 1150 833 1188 iis
853 1163 951 1201 quas
973 1149 1137 1187 universi
1157 1148 1401 1186 aemulantur.
1441 1148 1556 1186 Nunc
1577 1147 1734 1198 perinde

255 1212 418 1259 faciunt,
440 1226 484 1251 ac
516 1213 546 1251 si
576 1214 606 1251 is
627 1214 692 1264 qui
719 1226 762 1251 se
794 1213 973 1264 pugilum
1000 1212 1361 1263 praestantissimum
1384 1223 1467 1248 esse
1496 1211 1733 1262 profiteatur,

254 1275 396 1312 eumin
418 1275 548 1313 locum
570 1275 787 1313 descendat
806 1288 884 1326 quo
905 1288 1019 1312 nemo
1034 1275 1142 1325 sequi
1163 1274 1356 1324 dignetur.
1387 1273 1484 1316 Quis
1505 1273 1606 1311 enirn
1628 1285 1734 1311 sanae

253 1337 394 1374 mentis
414 1337 531 1375 homo
553 1337 796 1375 calamitates
823 1336 984 1374 laudare
1012 1335 1222 1373 instituat?
1280 1334 1410 1372 Facile
1431 1335 1546 1385 igitur
1564 1336 1734 1372 cernitur

252 1412 320 1437 eos
336 1400 385 1437 ob
406 1400 647 1451 ingeniorum
664 1401 927 1438 infirmitatem
944 1399 1021 1437 huc
1042 1399 1270 1449 confugere.
1329 1398 1400 1436 Est
1420 1399 1520 1436 enim
1542 1398 1734 1446 ejusmodi

252 1461 503 1512 scriptionum
526 1475 605 1499 una
626 1461 806 1512 quaedam
829 1461 901 1505 via,
925 1474 995 1498 nec
1023 1461 1069 1498 ad
1100 1459 1377 1498 inveniendum
1406 1472 1476 1497 nec
1503 1459 1551 1497 ad
1582 1459 1734 1497 discen-

252 1521 343 1560 dum
367 1536 437 1561 nec
460 1523 509 1562 ad
540 1524 769 1561 imitandum
806 1522 992 1561 difficilis:
1025 1535 1251 1561 communes
1286 1529 1415 1560 autem
1444 1529 1482 1559 et
1507 1522 1581 1561 fide
1601 1522 1731 1573 dignae

252 1589 292 1621 et
311 1584 536 1623 verisimiles
557 1585 752 1623 orationes
770 1597 835 1636 per
855 1584 997 1622 multas
1014 1584 1158 1622 formas
1188 1592 1226 1622 et
1256 1584 1546 1622 observationes
1574 1585 1733 1634 cognitu

252 1645 426 1684 difficiles
447 1653 528 1684 tum
548 1647 794 1685 inveniuntur
817 1653 897 1684 tum
929 1646 1146 1691 discuntur,
1169 1659 1214 1684 ac
1236 1653 1344 1684 tanto
1364 1645 1559 1684 difficilius
1581 1659 1735 1697 compo-

251 1714 407 1754 nuntur,
429 1715 576 1759 quanto
599 1709 769 1760 gravitas
791 1721 1010 1746 scurrarum
1032 1708 1203 1754 levitate,
1225 1721 1283 1746 res
1305 1708 1405 1746 seria
1427 1708 1530 1745 ludis
1555 1715 1593 1745 et
1611 1708 1729 1759 jociS,

251 1769 568 1808 estlaboriosior.
628 1770 753 1822 quue
773 1784 819 1808 ex
839 1783 885 1808 eo
906 1769 1160 1820 intelligitur:
1192 1769 1299 1820 quod
1326 1770 1518 1807 neminem
1548 1783 1732 1820 unquam,

250 1830 316 1880 qui
337 1830 511 1881 apiculas
539 1839 579 1869 et
599 1832 719 1870 salem
753 1839 791 1870 et
822 1831 972 1882 reliqua
998 1835 1079 1879 ejiis
1103 1831 1257 1881 generis
1284 1831 1445 1868 laudare
1466 1830 1598 1875 voluit,
1617 1832 1733 1870 verba

251 1890 505 1934 defecerunt;
536 1894 601 1943 qui
631 1905 722 1931 vero
755 1891 805 1930 de
838 1892 955 1929 rebus
989 1892 1157 1929 omnium
1190 1891 1436 1930 confessione
1468 1891 1661 1942 praeclaris
1694 1899 1733 1931 et

250 1953 362 1990 bonis
385 1959 451 1990 aut
470 1953 557 1991 viris
576 1954 720 1991 virtute
755 1953 1030 2004 praestantibus
1058 1953 1188 1990 dicere
1220 1953 1349 1991 conati
1379 1960 1484 1999 sunt,
1504 1953 1543 1990 hi
1564 1954 1730 1992 universi

250 2014 367 2066 longe
401 2016 556 2054 tenuius
590 2016 773 2053 dixerunt
809 2028 927 2066 quam
967 2014 1186 2064 argumenti
1224 2013 1455 2064 magnitudo
1493 2013 1729 2064 postulabat.

252 2075 344 2113 Non
365 2076 466 2114 enim
487 2076 661 2128 ejusdem
678 2084 737 2115 est
763 2076 907 2126 ingenii
928 2088 998 2127 pro
1020 2082 1271 2126 utrorumque
1293 2075 1420 2113 dicere
1438 2075 1641 2126 dignitate,
1658 2077 1729 2115 sed

251 2143 295 2174 ut
319 2138 543 2188 expeditum
575 2150 695 2189 parva
721 2139 894 2175 oratione
927 2150 1124 2188 superare,
1154 2137 1211 2174 sic
1240 2135 1453 2187 ingenuum
1484 2150 1639 2188 aequare
1671 2138 1730 2176 di-

250 2198 377 2236 cendo
396 2199 706 2249 magnitudinem
728 2197 1024 2236 difficillimum:
1055 2210 1103 2235 ac
1123 2197 1170 2235 de
1192 2198 1307 2235 rebus
1336 2196 1542 2235 luculentis
1573 2198 1728 2238 difficile

250 2267 311 2298 est
333 2260 480 2319 aliquid
501 2260 638 2298 afferre
657 2261 692 2298 in
725 2261 893 2298 medium
924 2259 1031 2310 quod
1051 2273 1167 2297 nemo
1196 2266 1286 2297 ante
1307 2260 1516 2310 usurparit,
1543 2259 1592 2298 de
1612 2250 1727 2300 rebus

251 2329 381 2360 autem
415 2323 649 2374 contemptis
684 2330 724 2360 et
753 2322 963 2361 humilibus
996 2322 1180 2374 quicquid
1208 2322 1266 2360 vel
1300 2322 1337 2359 in
1368 2323 1534 2361 buccam
1567 2325 1727 2371 venerit,

249 2396 364 2421 omne
385 2384 583 2435 proprium
600 2384 728 2422 fuerit.
1340 2426 1342 2428 ,

304 2446 342 2482 7.
375 2446 623 2496 Quapropter
651 2458 741 2483 eum
763 2444 829 2495 qui
854 2445 903 2482 de
925 2445 1079 2483 Helena
1100 2444 1254 2495 scripsit
1281 2445 1452 2483 maxime
1481 2444 1600 2484 laudo
1627 2447 1727 2487 inter

251 2518 318 2543 eos
345 2506 411 2557 qui
440 2506 608 2545 dicendo
642 2505 789 2556 aliquid
823 2505 1017 2543 illustrare
1038 2506 1256 2552 voluerunt,
1278 2506 1384 2557 quod
1412 2519 1497 2544 eam
1527 2508 1727 2548 mulierem

248 2567 523 2606 celebrandam
541 2568 665 2614 duxit,
684 2581 770 2618 quae
787 2575 826 2605 et
847 2580 988 2619 genere
1008 2575 1047 2606 et
1066 2568 1190 2606 forma
1210 2575 1250 2606 et
1270 2568 1392 2618 gloria
1412 2567 1575 2606 multum
1595 2571 1726 2609 excel-

247 2627 332 2666 luit.
391 2629 469 2667 Sed
488 2637 527 2667 et
546 2629 654 2666 illum
675 2636 806 2666 tamen
831 2640 991 2679 parvum
1014 2629 1200 2679 quiddam
1227 2628 1386 2666 fefellit:
1419 2641 1522 2674 nam,
1542 2643 1662 2680 quum
1682 2645 1725 2671 se

246 2687 511 2727 laudationem
547 2690 747 2741 scripsisse
785 2690 1027 2741 profiteatur,
1060 2689 1327 2727 defensionem
1367 2690 1494 2740 potius
1532 2690 1725 2731 factorum

245 2750 349 2788 illius
370 2750 506 2788 edidit.
566 2751 704 2801 Neque
725 2764 817 2789 vero
839 2750 1014 2802 ejusdem
1036 2751 1186 2801 generis
1206 2757 1267 2789 est
1286 2763 1358 2788 nec
1379 2751 1427 2788 de
1448 2752 1563 2789 rebus
1584 2752 1723 2792 iisdem

245 2810 409 2850 habetur
427 2812 563 2858 oratio,
583 2812 660 2850 imo
682 2813 776 2851 nihil
796 2812 875 2850 fieri
895 2819 1031 2864 posset
1051 2814 1175 2863 magis
1196 2811 1428 2850 contrarium
1446 2825 1455 2850 ε
1487 2812 1724 2853 defendendi

247 2873 349 2911 enim
372 2881 463 2912 sunt
481 2874 545 2924 qui
573 2873 742 2912 criminis
765 2874 931 2926 alicujus
953 2880 1200 2920 accusantur,
1216 2872 1402 2911 laudandi
1417 2873 1482 2924 qui
1503 2875 1605 2913 bono
1625 2888 1721 2926 quo-

246 2934 349 2985 piam
368 2935 455 2973 aliis
475 2934 726 2973 antecellunt.
