1870 3277
635 180 1061 220 AREOPAGITICA,
1529 181 1575 216 87

120 294 204 320 ros:
234 281 324 320 mihi
341 287 470 320 tamen
490 281 575 321 haec
595 282 680 334 ipsa
698 289 842 321 metum
862 282 1068 327 incutiunt,
1087 280 1231 332 quippe
1251 282 1316 332 qui
1336 282 1486 320 videam
1507 281 1576 319 flo-

118 344 356 383 rentissimas
376 352 419 382 ut
440 346 510 383 sibi
529 352 804 397 persuaserunt
822 345 997 383 civitates
1015 343 1189 395 pessimis
1204 345 1257 381 uti
1270 345 1440 382 consiliis
1458 352 1495 382 et
1511 357 1577 382 eas

119 418 208 455 quae
239 405 495 443 securissimae
526 414 617 444 sunt
647 406 817 458 plurimis
846 406 1026 457 periculis
1055 404 1332 443 circumveniri.
1391 406 1432 442 In
1461 419 1579 444 causa

119 465 214 502 illud
234 472 308 511 est,
330 467 434 517 quod
467 480 591 518 neque
621 466 804 505 secundae
837 479 908 504 nec
938 466 1111 504 adversae
1140 479 1199 504 res
1230 465 1320 503 ullae
1353 466 1576 504 mortalibus

120 526 214 564 solae
233 527 479 578 contingunt,
500 528 569 566 sed
589 527 643 566 ita
662 533 928 578 comparatum
949 533 1009 565 est
1028 533 1072 565 ut
1092 540 1185 578 opes
1215 533 1253 565 et
1279 526 1490 577 potentiam
1513 527 1579 564 de·

120 588 264 626 mentia
283 595 321 626 et
340 602 428 627 cum
447 589 521 627 hac
541 588 784 627 immodestia
799 589 1018 634 comitetur,
1034 588 1201 639 inopiam
1220 595 1348 626 autem
1369 595 1407 625 et
1427 587 1581 624 humili-

120 656 239 688 tatem
269 651 473 702 prudentia
504 658 542 689 et
569 651 796 689 moderatio.
854 650 983 693 Quare
1015 649 1168 688 difficile
1190 650 1368 701 judicatu
1401 656 1473 694 est,
1495 656 1581 687 utra

118 711 275 749 istarum
297 712 462 762 partium
480 712 733 763 praeoptanda
747 711 807 756 sit,
823 723 937 762 quam
959 709 1087 748 liberis
1107 711 1293 761 quispiam
1315 711 1394 748 suis
1407 710 1579 748 relictam

119 787 141 812 a
163 788 203 813 se
217 775 321 813 velit.
351 775 551 826 Siquidem
571 789 616 813 ex
636 789 681 814 ea
696 789 783 826 quae
799 775 964 812 deterior
981 774 1147 812 habetur
1168 788 1225 812 res
1245 775 1458 826 plerunque
1473 774 1578 813 vide·

120 849 204 873 mus
224 836 461 875 incrementa
479 850 629 875 sumere
655 837 862 882 felicitatis,
884 849 931 874 ex
962 835 1083 873 altera
1102 848 1192 874 vero
1218 849 1306 886 quae
1335 836 1581 887 praestantior

120 905 276 948 putatur
295 899 462 937 recidere
482 899 605 937 solere
626 899 663 936 in
685 898 870 937 deterius.
928 898 1100 941 Quarum
1131 911 1260 935 rerum
1292 898 1469 949 exempla
1490 898 1580 935 mihi

120 972 197 1010 prae
214 973 328 998 manu
350 967 453 1006 sunt,
470 960 635 1011 plurima
655 960 811 1012 quidem
833 972 880 997 ex
900 960 1057 1010 privatis
1079 961 1192 998 rebus
1210 959 1461 998 ductis—eae
1481 960 1581 997 enim

120 1020 441 1071 frequentissimis
480 1023 657 1060 obnoxiae
690 1021 967 1060 mutationibus
998 1027 1089 1058 sunt
1103 1044 1155 1049 -—
1171 1051 1182 1067 ,
1220 1034 1351 1059 verum
1387 1023 1582 1059 enimvero

119 1085 266 1131 majora
285 1089 322 1120 et
342 1083 578 1121 auditoribus
599 1083 836 1122 evidentiora
853 1096 965 1121 casus
987 1083 1107 1121 nostri
1127 1089 1165 1120 et
1186 1083 1582 1121 Lacedaemoniorum.

177 1145 213 1181 3.
243 1144 344 1181 Nam
366 1153 404 1182 et
424 1158 494 1182 nos
524 1158 659 1183 eversa
685 1146 780 1182 urbe
802 1157 824 1182 a
842 1145 1015 1182 barbaris
1038 1146 1087 1182 ob
1115 1151 1267 1182 cautam
1288 1153 1327 1182 et
1356 1136 1581 1196 diligentem

119 1218 244 1244 rerum
266 1205 633 1244 administrationem
650 1206 842 1257 principes
856 1206 1083 1244 Graecorum
1104 1206 1305 1251 evasimus,
1321 1219 1439 1256 quum
1455 1216 1583 1244 autem

120 1279 190 1304 nos
211 1267 384 1317 potentia
404 1280 489 1304 esse
518 1267 701 1317 praeditos
723 1267 969 1318 insuperabili
997 1274 1236 1318 putaremus,
1256 1268 1359 1304 urbis
1388 1268 1582 1305 excidium

119 1328 180 1365 vix
201 1329 445 1367 evitavimus:
475 1335 514 1367 et
535 1328 818 1367 Lacedaemonii
838 1342 883 1366 ex
900 1329 1134 1380 ignobilibus
1155 1329 1245 1367 olim
1262 1336 1300 1367 et
1320 1329 1494 1368 obscuris
1515 1343 1584 1381 opa

117 1390 259 1441 pidulis
280 1390 476 1441 progressi
494 1391 583 1428 vitae
604 1390 793 1428 modestia
811 1398 851 1428 et
871 1391 1075 1442 disciplina
1096 1391 1247 1429 militari
1272 1391 1584 1442 Peloponnesum

118 1454 365 1505 subegerunt,
382 1461 471 1505 post
491 1460 618 1492 autem
639 1454 738 1491 fastu
753 1462 793 1491 et
811 1454 991 1505 superbia
1004 1453 1094 1492 elati
1114 1460 1152 1492 et
1172 1461 1283 1492 terrae
1304 1454 1498 1505 marisque
1516 1455 1585 1492 im-

119 1516 267 1568 perium
283 1516 413 1567 adepti
428 1516 564 1554 eadem
578 1528 664 1566 quae
679 1528 749 1553 nos
765 1515 987 1554 discrimina
1001 1515 1212 1554 subierunt.
1269 1516 1454 1566 Quisquis
1469 1517 1585 1567 igitur

117 1578 339 1630 hujusmodi
358 1578 591 1617 mutationes
611 1590 690 1615 non
709 1577 864 1628 ignorat
883 1583 934 1623 et,
956 1590 1075 1628 quum
1092 1584 1220 1615 tantas
1243 1590 1336 1627 opes
1358 1584 1435 1615 tam
1457 1578 1584 1616 subito

119 1653 273 1680 eversas
292 1640 434 1686 videat,
451 1639 631 1691 praesenti
651 1640 768 1677 statui
785 1646 913 1677 tamen
925 1639 1022 1685 fidit,
1039 1638 1150 1677 valde
1166 1638 1381 1689 incogitans
1397 1646 1470 1686 est,
1490 1653 1587 1691 pree-

119 1703 248 1742 sertim
267 1715 385 1753 quum
404 1709 546 1740 nostrae
566 1701 671 1739 urbis
692 1713 751 1738 res
765 1700 952 1738 deteriore
972 1700 1059 1738 loco
1082 1700 1157 1737 sint
1177 1712 1292 1750 quam
1313 1700 1378 1737 illo
1399 1707 1586 1752 tempore,

120 1771 201 1803 tum
229 1763 455 1802 Graecorum
476 1762 572 1801 odiis
592 1768 673 1800 tum
694 1761 795 1812 regis
815 1761 1023 1800 Persarum
1042 1760 1247 1799 inimicitiis
1275 1763 1477 1809 renovatis,
1497 1776 1585 1814 quae

118 1833 199 1864 tum
218 1839 290 1864 nos
308 1825 564 1864 debellarunt.

173 1890 212 1925 4.
245 1887 339 1925 Sum
357 1887 536 1938 equidem
564 1887 681 1924 animi
709 1885 847 1924 dubius
867 1893 997 1925 utrum
1026 1887 1241 1925 existimem
1269 1887 1377 1925 nulla
1396 1900 1464 1926 vos
1485 1888 1585 1926 affici

121 1949 343 2000 reipublicae
363 1962 470 1994 cura,
493 1961 556 1995 an,
583 1961 703 1999 quum
723 1960 809 1986 eam
830 1949 987 1995 curetis,
1016 1961 1094 1986 non
1121 1955 1251 1987 tamen
1282 1949 1587 1988 animadvertere

120 2012 158 2049 in
177 2010 331 2061 quantis
351 2010 472 2048 turbis
493 2009 625 2048 civitas
645 2015 775 2046 nostra
794 2015 981 2047 versetur.
1039 2009 1140 2047 Nam
1161 2022 1207 2047 ea
1226 2022 1350 2047 rerum
1372 2018 1586 2049 vestrarum

121 2072 243 2110 forma
262 2078 299 2109 et
319 2071 429 2122 quasi
448 2070 565 2109 facies
592 2077 662 2116 est,
684 2076 726 2108 ut
752 2078 790 2108 et
809 2071 926 2108 urbes
957 2069 1141 2109 Thracias
1168 2084 1302 2110 omnes
1331 2073 1521 2120 amisisse,
1550 2081 1589 2112 et

121 2134 224 2172 ultra
248 2133 351 2171 mille
371 2133 518 2172 talenta
544 2133 582 2171 in
616 2131 809 2183 stipendia
836 2132 999 2170 militum
1029 2132 1266 2183 profudisse,
1285 2141 1323 2172 et
1352 2134 1502 2174 Graecis
1524 2149 1588 2174 su-

119 2196 242 2247 specti
262 2208 347 2233 esse
374 2201 413 2232 et
431 2194 563 2232 hostes
590 2194 682 2232 facti
708 2194 885 2239 barbaro,
908 2201 946 2232 et
965 2194 1241 2233 Thebanorum
1263 2196 1408 2235 amicos
1435 2211 1586 2236 servare

119 2257 259 2302 coacti,
276 2264 314 2294 et
335 2263 486 2294 nostros
507 2256 631 2294 socios
652 2255 869 2306 perdidisse
885 2256 1114 2300 videamini;
1144 2258 1193 2295 ob
1209 2258 1295 2297 haec
1316 2259 1419 2297 facta
1437 2260 1587 2311 bisjam

122 2318 233 2370 quasi
254 2331 292 2356 re
310 2320 409 2356 bene
430 2324 541 2369 gesta
573 2316 872 2368 supplicationes
894 2317 1148 2364 decrevimus,
1169 2332 1214 2357 ac
1235 2320 1496 2371 negligentius
1518 2334 1586 2371 pro

122 2379 308 2418 concione
329 2379 587 2417 deliberamus
616 2391 733 2429 quam
754 2378 778 2414 ii
799 2379 937 2429 quibus
966 2379 1094 2418 omnia
1121 2381 1405 2420 secundissima
1435 2382 1586 2420 accide-

122 2448 223 2480 runt.
281 2441 421 2492 Neque
442 2453 531 2479 vero
552 2440 688 2478 mirum
710 2446 770 2477 est
797 2454 868 2479 nos
890 2441 950 2479 his
979 2449 1060 2481 tum
1081 2443 1297 2482 actionibus
1324 2450 1405 2481 turn
1430 2445 1586 2482 casibus

121 2503 306 2555 implicari
323 2515 332 2540 z
362 2502 455 2539 nihil
475 2501 577 2540 enim
602 2502 672 2540 rite
692 2501 740 2539 ab
761 2501 849 2540 ullis
869 2504 1001 2554 perfici
1020 2511 1161 2555 potest,
1181 2505 1252 2542 nisi
1271 2505 1319 2542 de
1339 2517 1491 2543 summa
1518 2506 1586 2543 rei-

121 2565 286 2617 publicae
317 2571 422 2603 recte
456 2564 728 2608 deliberarint:
776 2565 847 2605 etsi
876 2566 976 2604 enim
1010 2566 1196 2604 nonnulla
1230 2566 1489 2604 successerint
1517 2580 1585 2605 seu

122 2627 279 2666 fortuito
299 2640 367 2664 seu
388 2626 525 2665 virtute
545 2626 613 2665 viri
633 2627 811 2680 alicujus,
839 2627 956 2679 paulo
975 2634 1061 2679 post
1089 2635 1216 2666 tamen
1239 2627 1274 2663 in
1306 2627 1464 2665 easdem
1484 2628 1586 2666 diffi-

122 2688 287 2726 cultates
307 2687 518 2726 incurrunt.
577 2688 620 2725 Id
641 2690 744 2739 quod
765 2703 786 2728 e
806 2689 947 2727 nostris
967 2690 1169 2727 eventibus
1188 2688 1370 2726 cernitur.

178 2751 212 2787 5.
245 2749 374 2793 Quum
395 2749 496 2787 enim
522 2750 700 2788 universa
719 2750 874 2789 Graecia
894 2757 984 2801 post
1003 2750 1138 2788 navale
1161 2750 1332 2788 Cononis
1352 2750 1527 2801 praelium
1549 2758 1587 2789 ct

124 2809 315 2848 Timothei
336 2809 534 2861 imperium
555 2811 591 2848 in
610 2818 753 2849 nostrae
772 2811 938 2849 civitatis
958 2816 1187 2861 potestatem
1207 2810 1428 2857 cecidisset,
1447 2824 1506 2849 res
1529 2825 1586 2849 se-

125 2871 275 2910 cundas
294 2871 436 2911 diutius
455 2873 617 2911 retinere
637 2887 713 2911 non
734 2874 940 2924 potuimus,
962 2871 1031 2910 sed
1050 2871 1223 2910 celeriter
1242 2873 1501 2912 destruximus
1521 2888 1586 2912 eas

125 2940 163 2970 et
188 2932 471 2983 dissipavimus.
530 2934 824 2986 Rempublicam
854 2933 954 2972 enim
984 2946 1062 2984 qua
1089 2933 1296 2985 quIcquam
1328 2941 1432 2973 recte
1465 2935 1586 2984 admi—
