1870 3277
647 197 723 235 AD
755 194 1077 234 PHILIPPUM.
1550 190 1594 226 61

128 318 289 345 summae
305 318 431 344 rerum
451 305 648 357 praeficere
666 303 917 350 decrevisset,
938 304 1058 341 fiebat
1076 315 1123 339 ex
1138 301 1206 339 illo
1226 308 1369 339 conatu
1393 301 1440 339 de
1458 300 1603 345 amicis,

128 376 172 407 ut
189 375 228 407 et
249 367 376 407 Graeci
398 368 435 405 in
455 368 566 406 malis
588 380 632 405 ac
651 366 832 418 periculis
852 371 1112 408 versarentur,
1130 370 1169 400 et
1189 364 1269 413 ipse
1286 369 1439 413 propter
1459 362 1603 398 tumul-

129 437 209 468 tum
235 429 298 468 hic
328 430 538 468 excitatum
568 428 769 480 pugnandi
799 435 936 465 contra
966 427 1149 463 barbaros
1182 425 1302 462 otium
1324 431 1363 461 et
1382 423 1603 461 facultatem

130 505 208 530 non
228 492 401 529 haberet.
459 492 589 533 Quare
605 503 652 527 ex
670 490 743 536 his,
763 502 851 540 quae
872 489 937 525 illo
960 496 1133 538 tempore
1157 486 1336 536 ignorata
1371 492 1477 529 sunt,
1494 484 1606 522 facile

129 553 359 604 intelligitur
391 566 494 597 eum,
527 552 593 602 qui
622 559 726 589 recte
754 552 869 589 rebus
900 549 1123 587 consultum
1145 548 1250 592 velit,
1283 560 1361 583 non
1393 546 1498 597 prius
1526 546 1606 595 regi

131 617 274 655 bellum
292 616 432 653 inferre
454 615 609 660 debere,
629 628 744 665 quam
777 614 941 651 Graecos
971 611 1227 650 reconciliarit
1255 610 1484 660 illorumque
1505 608 1607 646 hunc

130 678 299 715 furorem
321 676 623 727 compescuerit;
655 675 760 726 quod
784 688 855 713 nos
872 682 911 712 et
929 675 996 711 tibi
1018 673 1297 711 consuluimus.

189 741 253 776 37.
286 739 336 775 Et
368 737 454 775 haec
492 737 648 788 quidem
688 750 802 774 nemo
835 736 1006 787 prudens
1039 748 1185 785 negare
1221 733 1404 771 audebit:
1448 733 1612 770 arbitror

132 807 278 844 autem,
301 800 331 837 si
350 800 488 850 quibus
505 799 589 837 aliis
603 798 724 837 visum
745 798 861 836 fuerit
877 797 1038 836 suadere
1054 805 1097 834 ut
1118 797 1260 835 bellum
1280 796 1318 833 in
1339 795 1470 833 Asiam
1487 801 1613 832 trans-

138 862 295 906 feratur,
322 863 371 898 ad
405 861 505 899 hanc
536 860 845 899 adhortationem
881 860 1130 904 deventuros,
1163 866 1207 896 ut
1233 858 1366 895 dicant
1392 857 1612 907 quicunque

132 925 277 963 bellum
310 931 447 962 contra
478 937 610 975 regem
645 923 906 974 susceperint,
934 922 980 960 iis
1010 922 1187 959 omnibus
1213 920 1455 964 usuvenisse,
1487 927 1530 957 ut
1564 932 1611 956 ex

136 985 309 1024 obscuris
328 985 498 1023 illustres
519 986 665 1031 fierent,
687 998 707 1022 e
733 985 968 1036 pauperibus
989 984 1143 1029 divites,
1169 996 1217 1021 ex
1235 982 1446 1020 humilibus
1474 981 1614 1032 amplae

136 1048 303 1099 regionis
324 1054 363 1086 et
381 1047 533 1085 urbium
554 1047 712 1085 domini.
772 1047 857 1098 Ego
877 1059 967 1084 vero
987 1045 1048 1084 his
1068 1045 1163 1084 locis
1185 1044 1236 1082 ad
1262 1052 1299 1082 te
1327 1043 1615 1082 adhortandum

138 1123 216 1147 non
237 1117 336 1155 utar,
359 1109 427 1147 sed
447 1122 580 1147 eorum
594 1108 774 1160 exempla
787 1109 976 1160 proferam
992 1108 1057 1159 qui
1075 1107 1175 1145 male
1193 1106 1363 1158 gessisse
1377 1119 1455 1144 rem
1476 1113 1617 1156 putan-

138 1180 214 1217 tur,
234 1185 300 1210 eos
333 1179 461 1210 autem
492 1171 580 1209 dico
607 1171 673 1222 qui
704 1183 793 1209 cum
828 1170 930 1221 Cyro
961 1176 1000 1207 et
1029 1168 1221 1207 Clearcho
1243 1167 1468 1205 militarunt.
1524 1166 1618 1204 Illos

141 1233 298 1271 enimin
318 1233 502 1271 confesso
521 1240 581 1270 est
595 1232 809 1283 pugnando
826 1232 966 1269 vicisse
987 1231 1182 1268 universas
1199 1230 1300 1280 regis
1323 1229 1470 1280 copiaS,
1492 1241 1618 1278 usque

139 1295 239 1333 adeo
270 1294 381 1345 quasi
412 1307 500 1331 cum
533 1307 665 1331 eorum
699 1293 922 1331 mulieribus
946 1292 1231 1337 conflixissent,
1253 1305 1370 1342 quum
1392 1298 1518 1328 autem
1534 1291 1616 1342 jam

139 1356 272 1407 adepti
299 1356 500 1394 victoriam
518 1355 756 1400 viderentur,
779 1356 828 1393 ob
856 1356 948 1407 Cyri
969 1355 1228 1393 temeritatem
1256 1354 1464 1406 impegisse
1486 1354 1620 1391 laetitia

140 1419 394 1460 exsultantis:
423 1420 487 1471 qui
503 1433 622 1471 quum
641 1421 756 1471 longe
775 1428 863 1458 ante
880 1420 976 1458 alios
997 1419 1241 1466 eveheretur,
1262 1419 1464 1463 inmedios
1484 1419 1620 1457 hostes

142 1481 272 1519 illatus
305 1481 503 1520 interierit.
561 1482 749 1526 Quamvis
776 1483 893 1533 igitur
921 1496 987 1521 rex
1008 1489 1117 1520 tanta
1150 1482 1224 1520 hac
1253 1482 1409 1519 fortuna
1433 1489 1622 1527 uteretur,

124 1550 269 1582 -tamen
289 1557 379 1582 suas
398 1544 531 1595 copias
550 1551 750 1596 tantopere
765 1545 998 1596 contempsit
1014 1552 1068 1590 ut,
1087 1544 1279 1583 Clearcho
1299 1551 1337 1582 et
1359 1543 1442 1581 aliis
1458 1543 1622 1581 ducibus

144 1605 194 1643 ad
221 1605 459 1656 colloquium
492 1606 677 1651 evocatis,
710 1615 792 1643 tum
825 1606 900 1644 illis
933 1606 1106 1657 ingentia
1136 1619 1296 1643 munera
1327 1605 1507 1643 daturum
1538 1612 1620 1642 tum

143 1666 313 1718 reliquos
342 1667 482 1706 milites
500 1669 652 1719 integro
681 1669 875 1720 stipendio
903 1669 1105 1720 persoluto
1137 1682 1175 1707 se
1195 1669 1443 1706 dimissurum
1473 1668 1522 1705 sit
1539 1668 1624 1719 pol-

143 1730 285 1776 licitus,
302 1743 399 1781 quos
416 1743 535 1781 quum
558 1731 699 1769 talibus
727 1732 937 1783 promissis,
959 1732 1035 1769 fide
1058 1733 1149 1770 data
1171 1745 1259 1783 quae
1279 1731 1383 1782 apud
1404 1731 1511 1768 illum
1542 1744 1623 1768 ma-

144 1792 250 1830 xima
283 1792 460 1838 habetur,
497 1793 740 1844 pellexisset,
787 1794 1088 1844 comprehensos
1128 1793 1334 1837 interfecit,
1372 1806 1415 1830 ac
1456 1793 1494 1830 in
1531 1793 1625 1830 deos

144 1854 284 1904 impius
304 1867 388 1893 esse
408 1867 523 1905 quarn
551 1868 640 1893 cum
665 1855 846 1894 militibus
871 1856 927 1902 §.xa
946 1856 1143 1894 destitutis
1175 1859 1290 1894 armis
1322 1855 1521 1893 decertare
1542 1868 1625 1893 ma-

146 1916 231 1953 luit.

205 1978 268 2015 38.
303 1977 404 2021 Quae
422 1990 513 2015 vero
535 1977 755 2016 adhortatio
785 1978 953 2029 pulcrior
981 1991 1067 2015 esse
1098 1978 1172 2015 hac
1207 1985 1246 2015 et
1274 1978 1361 2029 plus
1393 1978 1441 2016 ad
1469 1992 1625 2029 persua-

149 2038 321 2076 dendum
354 2039 481 2076 valere
510 2039 656 2089 queat?
686 2053 775 2077 nam
808 2040 966 2078 omnino
998 2040 1067 2086 illi,
1101 2040 1132 2077 si
1162 2041 1309 2090 absque
1342 2040 1446 2092 Cyro
1474 2042 1626 2087 fuisset,

150 2099 307 2138 Persico
339 2113 459 2150 regno
493 2100 606 2150 potiri
638 2102 869 2152 potuissent.
928 2101 1013 2139 Tibi
1035 2108 1163 2139 autem
1189 2108 1229 2139 et
1258 2102 1518 2141 calamitatem
1540 2117 1627 2155 quae

150 2169 230 2198 tum
253 2161 392 2199 accidit
413 2175 551 2200 cavere
568 2175 646 2200 non
668 2163 824 2201 difficile
841 2170 914 2210 est,
934 2171 973 2202 et
993 2165 1205 2202 exercitum
1225 2178 1271 2202 eo
1286 2165 1401 2216 longe
1422 2166 1626 2205 firmiorem

149 2237 172 2263 a
190 2237 266 2274 quo
286 2226 387 2275 regis
418 2225 541 2276 copiae
562 2225 674 2264 victae
704 2233 795 2264 sunt
822 2227 934 2265 facile
955 2228 1214 2278 comparabis.
1273 2228 1373 2272 Quae
1404 2237 1566 2280 utraque
1596 2230 1627 2268 si

150 2293 293 2337 praesto
313 2286 467 2332 fuerint,
489 2300 616 2325 annon
636 2288 686 2325 de
702 2288 944 2339 expeditione
959 2288 1035 2327 hac
1057 2290 1202 2340 optime
1223 2290 1456 2341 sperandum
1475 2291 1575 2328 erit?

205 2350 270 2386 39.
303 2349 440 2399 Neque
461 2362 552 2387 vero
572 2349 781 2400 quisquam
808 2350 1000 2388 existimet
1025 2351 1269 2389 dissimulare
1291 2351 1389 2389 velle
1406 2365 1465 2388 me
1488 2352 1623 2389 horum

151 2411 332 2462 quaedam
354 2412 490 2449 eodem
521 2413 638 2450 modo
669 2414 896 2464 exposuisse
916 2426 993 2464 quo
1020 2413 1138 2464 prius.
1197 2415 1328 2458 Quum
1357 2414 1458 2451 enim
1481 2415 1517 2451 in
1539 2427 1626 2452 eas-

153 2474 241 2511 dem
261 2474 516 2525 cogitationes
538 2475 773 2520 incidissem,
796 2475 976 2513 nolebam
997 2476 1195 2514 elaborare
1219 2476 1441 2528 appetendo
1463 2484 1505 2513 ut
1530 2477 1629 2514 benc

156 2535 339 2586 evulgata
358 2535 466 2573 aliter
479 2535 659 2574 dixerim:
691 2537 723 2574 si
743 2536 842 2574 enim
865 2537 912 2575 ad
927 2537 1226 2575 ostentationem
1248 2538 1333 2574 haec
1352 2537 1626 2583 scriberemus,

158 2596 329 2634 animum
366 2597 616 2635 attendi.‹sem
653 2598 703 2636 ad
740 2586 869 2636 o'mnia
909 2599 1001 2636 talia
1039 2599 1272 2643 cavendum,
1307 2612 1393 2636 cum
1431 2613 1519 2637 vero
1560 2600 1628 2637 tibi

157 2658 359 2696 consilium
399 2658 594 2704 daremus,
627 2659 859 2711 desiperem,
899 2660 929 2698 si
965 2661 1237 2711 compositioni
1271 2660 1452 2699 dictionis
1484 2662 1630 2699 diutius

158 2720 380 2758 immorarer
407 2733 523 2771 quam
556 2722 672 2759 rebus
700 2722 820 2773 ipsis;
853 2729 1041 2773 praeterea
1074 2723 1119 2764 si,
1146 2736 1263 2773 quum
1295 2723 1388 2761 alios
1419 2724 1514 2761 meis
1543 2738 1630 2761 sen-

159 2782 288 2819 tentiis
321 2782 375 2819 uti
402 2782 569 2828 videam,
593 2796 668 2834 ego
694 2784 799 2822 solus
834 2785 877 2821 iis
898 2798 986 2834 quae
1021 2792 1109 2822 ante
1137 2797 1159 2821 a
1185 2797 1244 2822 me
1271 2785 1377 2824 dicta
1405 2794 1537 2824 essent
1564 2787 1630 2823 ab-

164 2842 372 2881 stinerem?
422 2844 589 2896 Propriis
616 2845 733 2896 igitur
752 2846 911 2883 forsitan
936 2854 1034 2890 utar,
1056 2846 1177 2884 sicubi
1204 2860 1262 2884 res
1285 2847 1397 2885 valde
1429 2848 1633 2898 postularit

165 2917 291 2954 neque
312 2904 552 2953 dedecuerit,
569 2907 680 2945 alieni
697 2921 787 2946 vero
801 2908 891 2944 nihil
909 2908 1140 2953 adsciscam,
1157 2908 1193 2946 id
1211 2909 1314 2960 quod
1333 2910 1447 2948 etiam
1468 2910 1634 2948 antehac

170 2973 296 3004 vitavi.
