1870 3277
205 174 274 209 176
822 171 1108 209 lsOCRA'rls·

223 279 345 316 taris
385 275 653 327 singulare,
692 287 795 326 quoe
832 287 999 313 omnes
1049 275 1334 326 praedicent,
1374 282 1419 313 et
1457 274 1558 314 illis
1599 278 1691 314 usi-

221 339 473 377 tatissima
505 350 612 375 esse
647 337 918 374 fateantur.

276 401 338 438 86.
370 400 468 441 Quae
489 412 607 449 quum
630 397 910 448 respondisset,
931 397 1128 448 acquievi:
1162 411 1236 435 non
1260 397 1365 448 quod
1388 397 1508 435 ullum
1530 411 1690 437 accusa-

221 462 334 499 tionis
359 470 477 512 caput
507 460 699 505 diluisset,
723 459 791 496 sed
812 459 916 510 quod
938 459 977 496 id
1007 460 1112 510 quod
1135 459 1383 497 acerbissime
1403 459 1544 497 dictum
1567 461 1691 499 fuerat

218 524 432 562 occultaret
452 536 529 560 non
551 521 742 559 inerudite
765 520 833 558 sed
862 522 1070 572 sapienter,
1091 529 1130 559 et
1150 529 1292 560 coetera
1323 521 1532 560 modestius
1554 523 1689 562 defen-

222 585 342 623 disset
363 598 479 635 quam
501 583 648 621 dudum
663 583 846 633 jactatat.

278 648 342 683 87.
374 646 652 683 Verumtamen
673 652 714 681 ut
735 643 830 681 illud
850 643 1081 690 omitterem,
1100 657 1160 682 me
1180 644 1320 682 habere
1342 645 1516 682 dicebam
1537 658 1605 682 cur
1624 644 1688 684 illa

220 708 305 759 ipsa
321 708 436 757 longe
455 706 610 756 gravius
625 718 742 755 quam
760 718 962 756 puerorum
983 705 1222 743 furacitatem
1241 719 1480 743 accusarem.
1539 706 1618 756 Siq
1631 719 1654 743 u
1667 707 1692 743 i-

222 769 323 806 dem
362 769 552 818 (inquam)
588 767 695 805 illis
735 766 921 804 studiis
959 779 1074 804 suos
1112 767 1301 805 liberos
1343 775 1688 818 corruperunt,

220 832 324 870 illis
357 844 485 877 vero,
524 843 627 881 quae
660 836 707 868 tu
744 829 881 867 modo
915 830 1322 875 commemorasti,
1355 830 1553 868 Graecos
1587 843 1688 880 per-

221 893 468 931 diderunt.
545 891 682 936 Quod
723 891 791 930 ita
837 904 944 928 esse
991 891 1141 929 facile
1187 891 1507 942 perspicitur.
1582 891 1689 929 Exi-

220 955 363 993 stimo
397 953 522 991 enIm
553 952 875 991 confessione
902 951 1111 989 omnium
1144 951 1386 1002 pessimos
1414 952 1546 990 viros
1576 965 1687 990 esse

220 1016 618 1069 gravissimaque
666 1028 804 1065 poena
849 1014 1044 1064 dignOS‚
1082 1014 1163 1063 qui
1212 1027 1288 1051 res
1334 1014 1391 1051 ad
1445 1014 1687 1052 hominum

221 1079 433 1117 salutem
472 1077 700 1114 inventas
739 1076 796 1113 ad
829 1075 1035 1112 aliorum
1076 1075 1337 1125 perniciem
1375 1082 1687 1122 convertunt,

221 1150 266 1178 et
294 1140 354 1177 iis
384 1151 542 1189 neque
566 1142 740 1175 contra
765 1136 1002 1174 barbaros
1026 1149 1181 1186 neque
1209 1143 1383 1174 contra
1411 1136 1691 1189 delinquen-

223 1209 296 1240 tes
329 1214 482 1251 neque
517 1206 684 1238 contra
713 1211 797 1236 eos
833 1198 913 1248 qui
945 1199 989 1235 in
1027 1211 1171 1249 agros
1206 1199 1420 1249 ipsorum
1458 1199 1689 1251 impetum

219 1265 424 1309 faciunt,
445 1263 529 1302 sed
559 1269 724 1301 contra
758 1262 1204 1312 conjunctissimos
1232 1270 1278 1300 et
1305 1270 1544 1313 cognatos
1573 1278 1687 1304 suos

222 1329 521 1370 abutuntur;
554 1325 600 1363 id
620 1324 748 1375 quod
770 1324 1029 1374 Spartiatae
1052 1324 1288 1362 fecerunt.
1350 1324 1466 1362 Nam
1486 1326 1685 1375 quidici

220 1397 292 1430 fas
325 1400 401 1430 est
435 1390 552 1427 illos
590 1401 639 1426 re
678 1387 881 1425 militari
921 1394 1054 1425 recte
1087 1387 1172 1433 uti,
1206 1387 1300 1438 qui,
1331 1400 1452 1438 quos
1491 1401 1686 1427 conser-

221 1461 363 1494 vatos
402 1450 635 1502 oportuit,
668 1462 748 1487 eos
782 1448 987 1499 perdere
1026 1460 1118 1486 non
1153 1448 1487 1486 destiterunt?

293 1517 357 1552 88.
400 1513 570 1562 Neque
605 1523 719 1549 vero
757 1518 804 1548 tu
843 1509 977 1547 solus
1017 1509 1217 1560 ignoras
1257 1510 1339 1561 qui
1379 1511 1522 1548 rebus
1561 1511 1684 1552 bene

219 1583 437 1621 utantur,
470 1573 556 1612 sed
590 1573 871 1610 Graeeorum
909 1583 1022 1622 pars
1061 1571 1162 1608 fere
1202 1572 1419 1609 maxima.
1489 1572 1604 1610 Nam
1643 1575 1682 1614 si

220 1651 343 1691 quos
380 1635 598 1675 viderint
641 1641 724 1672 aut
765 1646 820 1670 ex
864 1632 1120 1683 aliquibus
1165 1632 1410 1672 audierint
1455 1635 1681 1674 studiose

218 1698 408 1739 versari
446 1697 492 1735 in
526 1696 590 1733 iis
626 1694 808 1733 studiis
844 1707 947 1745 quae
981 1694 1153 1744 pulcra
1184 1694 1445 1739 habentur,
1477 1695 1683 1735 laudant

217 1762 338 1800 illos
377 1766 423 1798 et
460 1758 615 1796 multa
651 1758 799 1796 verba
834 1756 889 1793 de
928 1756 998 1793 eis
1032 1755 1239 1802 faciunt,
1273 1769 1414 1807 quum
1452 1758 1684 1808 ignorent

220 1821 336 1874 quid
374 1826 658 1858 eventurum
691 1818 768 1855 sit.
826 1817 983 1855 Decet
1021 1824 1182 1854 autem
1213 1830 1350 1855 veros
1389 1819 1527 1857 etiam
1568 1821 1683 1859 isto-

218 1896 317 1921 rum
361 1880 685 1919 aestimatores
722 1879 869 1917 initio
907 1877 1210 1928 tranquillos
1257 1891 1367 1917 esse
1407 1893 1459 1918 ac
1498 1881 1681 1920 nullam

220 1946 279 1984 de
316 1945 385 1983 eis
424 1943 607 1980 habere
636 1941 929 1992 opinionem,
967 1947 1226 1991 postquam
1257 1954 1368 1979 vero
1404 1941 1460 1979 ad
1492 1942 1537 1980 id
1572 1951 1683 1983 tem-

218 2022 307 2061 pus
345 2005 582 2051 venerint,
620 2017 712 2055 quo
759 2016 842 2042 eos
879 2008 925 2041 et
962 2003 1186 2040 dieentes
1230 2010 1277 2040 et
1316 2011 1517 2054 agentes
1556 2005 1684 2044 vide·

217 2077 301 2109 ant
327 2069 428 2107 sive
459 2066 672 2118 privatis
708 2066 810 2104 sive
843 2064 1062 2115 publicis
1095 2064 1150 2102 de
1181 2065 1341 2111 rebus,
1367 2072 1465 2104 tum
1499 2066 1682 2106 demum

217 2131 442 2182 singulos
488 2135 629 2167 acute
672 2126 1000 2178 contemplari
1042 2133 1186 2177 atque
1233 2139 1313 2164 eos
1351 2128 1430 2178 qui
1460 2128 1594 2179 juste
1637 2137 1684 2168 et

218 2195 427 2232 honeste
465 2191 571 2229 illis
609 2195 815 2227 utuntur
851 2201 954 2239 quae
991 2187 1213 2226 meditati
1252 2195 1365 2226 sunt
1402 2188 1602 2228 laudare
1638 2199 1683 2229 et

217 2256 472 2298 honorare,
503 2251 857 2301 delinquentes
887 2256 1046 2288 autem
1076 2256 1122 2287 et
1149 2249 1392 2300 improbos
1421 2249 1697 2301 reprehen-'

218 2317 333 2355 dere
370 2323 416 2353 et
453 2314 620 2351 odisse
653 2320 698 2350 et
735 2324 910 2350 cavere
941 2311 1033 2348 sibi
1065 2312 1118 2349 ab
1150 2306 1311 2350 eorum
1347 2312 1576 2359 moribus,
1605 2316 1685 2365 qui

219 2391 319 2417 eam
358 2389 465 2414 esse
504 2382 726 2413 naturam
764 2386 919 2411 rerum
956 2373 1119 2411 sciant
1155 2380 1205 2411 ut
1239 2374 1380 2412 nobis
1414 2387 1495 2425 per
1527 2388 1574 2413 se
1608 2390 1683 2415 ne-

217 2453 306 2491 que
356 2437 548 2489 prosint
593 2448 748 2486 neque
802 2434 980 2480 obsint,
1032 2434 1116 2472 sed
1165 2448 1302 2473 usum
1350 2435 1589 2474 hominum
1637 2446 1684 2476 et

218 2501 443 2540 actiones
482 2510 680 2537 causam
721 2495 858 2534 nobis
892 2509 999 2533 esse
1033 2496 1240 2534 omnium
1276 2504 1550 2535 eventuum.
1611 2499 1683 2538 Id-

221 2575 312 2614 que
350 2561 463 2599 inde
495 2559 807 2612 perspicitur,
846 2557 973 2607 quod
1008 2558 1189 2607 ubique
1227 2565 1466 2596 terrarum
1508 2561 1683 2599 eaedem

221 2638 297 2663 res
335 2623 572 2674 planeque
603 2620 727 2659 nihil
762 2619 1050 2657 differentes
1086 2619 1198 2657 aliis
1231 2627 1431 2670 prosunt
1463 2621 1573 2659 aliis
1607 2624 1684 2661 ob-

220 2693 348 2726 sunt.
420 2686 480 2722 Ut
507 2692 664 2722 autem
697 2695 802 2722 cum
832 2681 1155 2732 simplicitate
1185 2682 1315 2720 haud
1344 2685 1597 2723 consentit
1627 2686 1684 2727 si-

221 2748 360 2800 gulas
400 2759 474 2784 res
509 2753 727 2785 naturam
756 2743 1000 2795 sibiipsis
1030 2744 1329 2783 contrariam
1365 2759 1451 2783 nec
1482 2747 1682 2784 eandem

220 2809 414 2854 habere,
449 2807 517 2845 sic
555 2821 755 2858 prorsus
794 2808 990 2846 diversa
1027 2806 1290 2844 usuvenire
1323 2806 1397 2844 his
1432 2809 1513 2858 qui
1550 2816 1683 2847 reete

222 2877 270 2910 et
295 2871 429 2922 juste
469 2876 623 2920 agunt
653 2875 701 2907 et
727 2869 789 2907 iis
823 2869 903 2920 qui
942 2867 1212 2906 libidinose
1241 2868 1408 2906 vivunt
1446 2882 1498 2908 ae
1532 2871 1683 2921 turpi-

221 2940 308 2980 ter,
334 2932 442 2983 quis
464 2931 602 2971 homo
627 2931 845 2982 prudens
872 2930 1134 2970 absurdum
1164 2943 1271 2969 esse
1293 2930 1682 2970 existimaverit?
