1870 3277
515 181 586 219 DE
615 181 835 219 CIRONIS
868 179 1228 217 HEREDITATE.
1516 179 1588 215 391

159 295 244 332 quae
275 282 442 320 moechos
474 282 511 319 in
543 282 686 334 flagitio
717 281 974 332 deprehensos
1007 280 1086 330 pati
1117 292 1198 317 mos
1224 286 1262 318 et
1285 280 1343 318 fas
1375 287 1448 327 est,
1474 280 1591 319 nihilo

159 350 286 381 tamen
316 343 403 382 ideo
431 344 551 394 magis
569 344 624 393 ⁴ab
653 344 791 381 insana
809 342 874 379 illa
899 354 968 379 sua
997 340 1152 378 libidine
1178 341 1481 380 matresfamilias
1507 355 1593 380 cor-

160 404 359 454 rumpendi
390 404 554 448 desistit,
585 403 632 441 de
655 416 731 454 quo
761 402 826 453 qui
847 415 933 439 eum
964 407 1105 438 norunt
1138 401 1295 451 ejusque
1329 404 1471 441 conscii
1505 411 1593 443 sunt

157 464 388 514 flagitiorum
415 465 545 503 testari
563 472 737 515 possunt.
792 462 935 499 Verum
963 462 1010 500 de
1040 462 1218 507 moribus,
1242 475 1400 512 quorum
1421 465 1592 515 attigisse

160 539 294 577 parum
320 527 411 578 quid
441 526 478 564 in
510 526 712 577 praesentia
733 524 823 562 satis
845 523 980 569 habeo,
1007 523 1117 574 plura
1145 523 1388 574 postmodum
1419 526 1594 573 audietis,

154 587 320 638 judices,
348 601 434 625 cum
464 587 652 625 actionem
686 586 723 622 in
752 585 854 622 hunc
882 585 1006 636 ipsum
1039 584 1215 622 Dioclem
1245 585 1463 623 instituam:
1494 600 1594 626 nunc

161 656 288 686 autem
303 662 374 687 >vos
394 649 506 686 etiam
526 655 641 698 atque
661 647 773 685 etiam
792 647 954 697 supplex
972 659 1080 697 rogo,
1100 645 1226 683 nolitis
1245 646 1476 684 committere
1491 655 1533 685 ut
1551 662 1596 686 ea

162 710 250 748 mihi
269 710 486 761 injungatur
505 708 751 754 contumelia,
774 708 941 754 bona—ab
962 720 1032 745 avo
1052 707 1183 744 relicta
1201 706 1292 744 mihi
1312 714 1354 744 ut
1375 707 1595 759 eripiantur,

162 772 232 810 sed
278 771 485 809 succurrite
520 769 607 806 mihi
643 770 716 807 hoc
748 769 964 807 discrimine
991 768 1243 818 circumsepto
1274 769 1402 818 quoad
1435 770 1596 821 quisque

161 840 329 871 vestrum
350 845 416 882 pro
438 844 506 869 sua
524 830 619 868 virili
646 837 752 882 parte
774 836 914 880 potest.
971 829 1216 867 Documenta
1237 829 1328 866 satis
1348 836 1451 867 certa
1470 837 1509 868 et
1530 844 1595 869 va-

159 896 239 934 lida
268 895 414 933 habetis
436 907 458 932 a
487 907 546 931 me
571 893 730 944 prolata,
758 906 778 930 e
803 892 1029 930 testimoniis
1058 891 1223 938 testium,
1245 905 1265 929 e
1293 892 1598 932 confessionibus

160 957 433 1008 mancipiorum
448 955 643 993 tormentis
660 955 929 1005 subjectorum,
948 954 1039 1005 ipsis
1059 954 1222 1004 denique
1238 966 1260 991 a
1276 953 1439 1004 legibus,
1461 956 1599 1005 quibus

161 1033 208 1057 ex
226 1018 402 1056 omnibus
421 1017 577 1055 discatis
597 1022 637 1054 et
654 1016 794 1053 liberos
814 1028 884 1054 nos
910 1029 992 1053 esse
1011 1016 1097 1053 filiae
1118 1015 1266 1053 Cironis
1284 1015 1464 1066 legitimae
1484 1023 1599 1067 atque

163 1082 353 1134 genuinae,
373 1088 412 1119 et
431 1082 538 1119 nobis
557 1080 643 1118 ideo
661 1080 788 1131 potius
810 1080 1061 1118 hereditatem
1081 1093 1193 1130 quam
1215 1079 1273 1117 his
1288 1087 1518 1131 competere,
1535 1082 1601 1131 qui

162 1151 322 1194 nepotes
348 1143 497 1180 Cironis
527 1142 659 1180 simus.
716 1141 906 1179 Memores
937 1142 1062 1192 itaque
1087 1140 1348 1191 jurisjurandi,
1379 1141 1412 1178 vi
1437 1142 1546 1193 cujus
1578 1155 1601 1180 a

162 1204 268 1242 vobis
287 1204 377 1242 dicti
402 1202 541 1241 sedetis
562 1202 610 1240 ad
623 1202 884 1254 judicandum,
899 1209 1284 1252 argumentorumque
1304 1216 1326 1240 a
1344 1203 1452 1241 nobis
1471 1203 1598 1254 prola-

163 1271 301 1310 torum,
317 1264 522 1315 legumque
535 1276 735 1309 memores,
753 1263 998 1315 pronuntiate
1010 1262 1081 1301 hac
1094 1263 1133 1300 in
1148 1275 1266 1301 causa
1280 1262 1319 1301 id
1337 1263 1440 1314 quod
1450 1264 1598 1314 justum

165 1333 206 1364 et
219 1338 373 1376 aequum
392 1332 461 1362 est.
1596 1354 1599 1356 ,

222 1386 284 1423 16.
314 1385 430 1422 Haud
450 1384 559 1423 video
583 1383 674 1436 quid
707 1384 869 1435 amplius
896 1385 1026 1422 afferre
1052 1384 1242 1422 debeam:
1270 1397 1346 1421 non
1375 1385 1476 1422 enirn
1496 1386 1601 1425 vide-

167 1447 258 1485 mini
277 1445 326 1484 de
345 1446 423 1483 ullo
442 1459 572 1484 eorum
597 1459 685 1496 quae
704 1445 780 1483 dixi
799 1445 925 1483 adhuc
950 1446 1083 1483 incerti
1110 1458 1196 1483 esse
1217 1450 1284 1482 aut
1301 1445 1339 1482 id
1358 1446 1481 1484 minus
1501 1454 1603 1485 reete

160 1516 309 1546 tenere.
365 1507 471 1557 Cape
498 1514 539 1545 tu
559 1507 815 1545 testimonium
841 1507 916 1545 hoc
940 1507 1044 1557 quod
1072 1519 1189 1544 unum
1209 1506 1333 1544 adhuc
1362 1515 1546 1558 superest,
1565 1515 1605 1547 et

163 1570 286 1608 -recita
316 1569 420 1620 ipsis,
444 1581 521 1619 quo
551 1569 642 1608 certi
668 1569 762 1608 fiant
788 1568 964 1607 Dioclem
991 1568 1094 1607 hunc
1116 1567 1390 1619 aliquandoiin
1415 1568 1602 1608 adulterio

166 1631 396 1683 deprensum
414 1629 545 1670 fuisse.
