1870 3277
534 181 757 218 CONTRA
788 177 1220 217 DEMOSTHENEM.
1515 177 1589 214 431

161 283 265 334 pulo,
284 296 303 320 e
318 282 455 333 quibus
472 296 575 321 nunc
589 283 740 334 judices
760 281 947 320 maleficia
963 280 1133 318 audiunt.
1176 280 1273 323 Quae
1289 281 1320 318 si
1335 293 1423 319 vera
1437 281 1593 329 fuerint,

161 345 255 381 mori
273 357 349 381 non
368 357 513 382 recuso.
570 345 635 381 Sin
657 345 838 382 Senatum
856 343 978 392 ipsum
999 347 1135 392 suopte
1151 341 1308 379 consilio
1329 355 1388 380 me
1407 342 1592 380 detulisse

161 407 272 452 dicis,
293 414 411 445 testes
441 408 640 459 producito
671 407 776 458 ipsos
795 405 1059 455 Areopagitas,
1083 404 1404 455 quemadmodum
1430 418 1503 456 ego
1528 418 1594 444 eos

160 468 367 518 producam
388 476 429 506 ut
448 475 598 506 constet
613 481 670 506 me
690 480 764 505 non
786 480 870 504 esse
887 466 1070 503 delatum.
1129 465 1225 502 Eum
1254 473 1379 503 autern
1406 465 1593 504 hominem

161 539 276 583 atque
291 533 502 583 improbum
518 532 760 583 proditorem,
771 530 834 580 qui
851 543 917 581 per
931 529 1179 575 mendatium,
1193 535 1235 566 ut
1250 536 1289 566 tu
1304 542 1469 579 quoque,
1481 536 1521 567 et
1534 543 1594 567 me

161 599 200 630 et
220 595 403 631 Senatum
423 593 591 636 violavit,
608 592 709 630 laesae
729 592 934 640 majestatis
955 604 1061 629 reum
1081 591 1164 637 feci,
1184 598 1222 628 et
1241 592 1342 641 apud
1361 591 1592 641 quingentos

163 661 202 691 et
220 654 380 692 bismille
400 654 499 692 cives
519 653 665 692 convici
685 666 770 690 eum
790 666 906 703 opera
926 665 994 690 sua
1008 652 1166 690 Timocli
1185 659 1319 690 contra
1334 665 1392 689 me
1414 652 1540 689 locata
1557 652 1596 689 id

161 716 311 761 fecisse,
327 724 441 767 atque
461 717 562 754 ultus
577 729 662 753 sum
682 728 754 766 ope
770 715 867 752 illius
887 715 1065 765 temporis
1079 714 1265 765 judicum.
1323 714 1427 764 Cape
1447 720 1486 750 tu
1508 713 1597 749 mihi

162 778 433 825 testimonium,
449 777 553 828 quod
565 777 667 828 prius
682 777 794 815 etiam
810 776 1009 827 injudicio
1021 788 1108 812 eum
1121 787 1239 812 causa
1257 781 1433 825 ageretur
1445 773 1598 811 exhibui

157 838 348 889 judicibus
367 852 488 890 neque
501 839 539 877 id
556 839 757 889 quisquam
776 837 994 876 criminatus
1015 843 1074 874 est
1092 842 1273 887 tanquam
1285 835 1439 881 falsum,
1455 835 1492 873 id
1506 847 1597 886 ergo

163 900 363 951 proferam.
419 900 557 939 Recita
575 899 845 938 testimonium.

680 1026 1080 1065 TESTIMONIUM.

167 1121 269 1159 Num
288 1135 377 1160 vero
403 1135 517 1173 grave
541 1134 617 1160 non
642 1128 713 1168 est,
731 1121 1000 1167 Athenienses,
1020 1121 1064 1166 si,
1082 1133 1127 1158 eo
1148 1120 1251 1171 quod
1269 1133 1366 1158 unus
1385 1121 1440 1158 vir
1461 1121 1600 1158 Pistias

165 1196 213 1220 ex
234 1183 545 1235 Areopagitarum
563 1196 718 1221 numero
739 1196 798 1220 me
819 1195 1017 1234 perperam
1040 1182 1165 1232 egisse
1184 1182 1290 1235 dixit,
1312 1196 1398 1219 cum
1414 1189 1452 1219 et
1469 1189 1603 1220 contra

167 1257 225 1281 me
240 1252 278 1283 et
296 1253 430 1283 contra
444 1259 484 1283 se
503 1253 632 1283 natum
655 1245 888 1290 mentiretur,
902 1243 1144 1281 mendacium
1159 1243 1354 1281 veritatem
1375 1250 1604 1294 superasset,

167 1312 282 1356 atque
302 1308 350 1345 ob
370 1307 664 1345 imbecillitatem
686 1319 730 1343 eo
751 1312 920 1356 tempore
941 1313 978 1343 et
998 1304 1238 1342 solitudinem
1259 1318 1380 1342 meam
1401 1305 1507 1342 falsae
1527 1304 1603 1342 illae

166 1375 298 1405 contra
325 1381 385 1405 me
415 1368 713 1405 machinationes
746 1367 971 1404 valuissent:
1003 1379 1117 1411 nunc,
1137 1379 1222 1405 cum
1253 1366 1306 1403 rei
1332 1367 1471 1403 veritas
1500 1366 1606 1416 apud

166 1439 295 1465 omnes
316 1428 567 1479 Areopagitas
588 1428 623 1464 in
645 1427 825 1465 confesso
847 1427 908 1471 sit,
931 1434 969 1463 et
987 1432 1139 1463 constet
1155 1426 1457 1463 Demosthenem
1474 1426 1608 1476 viginti

167 1489 246 1525 auri
266 1488 411 1526 talenta
430 1489 465 1526 in
485 1488 658 1526 fraudem
674 1495 838 1526 vestram
855 1487 1046 1538 accepisse
1068 1499 1192 1537 eoque
1213 1487 1314 1524 facto
1333 1486 1554 1536 deliquisse,
1570 1493 1609 1524 et

166 1550 428 1601 magistratum
447 1550 565 1594 illum,
586 1550 621 1586 in
643 1563 720 1600 quo
739 1549 893 1599 quidam
914 1562 1019 1600 spem
1034 1548 1261 1586 collocatam
1283 1548 1438 1593 habent,
1453 1548 1607 1586 eviden-

168 1619 224 1649 ter
239 1611 517 1663 deprehensum
537 1612 586 1649 sit
600 1610 789 1661 corrumpi
807 1609 1085 1661 largitionibus,
1099 1609 1274 1647 instituta
1293 1609 1392 1647 illius
1409 1609 1555 1648 concilii
1569 1617 1608 1648 et

167 1674 307 1711 veritas
328 1673 556 1724 eloquentiae
578 1672 850 1710 Demosthenis
870 1672 1023 1716 cedent,
1044 1678 1083 1708 et
1112 1670 1304 1708 calumnia
1331 1683 1446 1720 quam
1473 1677 1607 1708 contra

167 1742 341 1773 senatum
358 1735 463 1772 illum
485 1734 766 1772 Demosthenes
783 1733 912 1771 afferet
926 1733 1082 1770 veritate
1099 1733 1183 1783 plus
1200 1731 1360 1770 valebit?
1389 1732 1492 1770 dicet
1507 1733 1607 1770 enim

167 1804 340 1834 senatum
361 1796 544 1834 detulisse
566 1795 703 1833 multos
722 1802 764 1832 ut
782 1795 818 1832 in
834 1795 1018 1846 populum
1040 1794 1212 1844 injurios,
1232 1794 1295 1844 qui
1316 1793 1513 1842 injudicio
1533 1794 1608 1840 sint

167 1857 344 1915 absoluti,
359 1871 404 1895 ac
425 1864 597 1895 senatum
614 1857 649 1894 in
666 1856 894 1907 quibusdam
908 1856 1078 1907 quintam
1093 1855 1355 1907 suffragiorum
1372 1863 1516 1906 partem
1530 1869 1606 1895 non

166 1919 310 1956 tulisse.
342 1918 426 1956 Hoc
445 1931 536 1956 vero
556 1931 632 1966 quo
652 1925 765 1969 pacto
784 1918 864 1963 fiat,
882 1918 993 1955 facile
1009 1931 1142 1956 omnes
1155 1918 1409 1968 cognoscetis.
1443 1918 1608 1956 Senatus

166 1980 319 2031 inquirit
333 1993 377 2018 ea
393 1993 479 2030 quae
500 1980 681 2018 mandata
697 1986 787 2017 sunt
805 1993 826 2017 a
841 1980 948 2017 vobis
970 1986 1008 2017 et
1027 1979 1130 2030 apud
1147 1993 1187 2018 se
1203 1979 1405 2017 commissa
1425 1980 1608 2027 facinora,

167 2055 244 2080 non
275 2049 317 2079 ut
342 2055 609 2092 vos—neque
639 2054 728 2079 vero
758 2041 846 2078 mihi
876 2041 1386 2092 irascamini—dijudicare
1417 2041 1608 2080 interdum

168 2103 310 2149 soletis,
331 2103 596 2141 misericordiae
625 2103 751 2154 potius
779 2115 893 2154 quam
920 2102 1079 2154 justitiae
1108 2102 1293 2140 rationem
1322 2102 1520 2148 habentes,
1540 2103 1608 2141 sed

167 2164 387 2216 simpliciter
405 2178 490 2202 eum
511 2165 634 2202 defert
652 2165 715 2215 qui
743 2164 985 2215 inquisitione
1015 2171 1163 2202 tenetur
1193 2171 1232 2202 et
1262 2165 1607 2217 quomodocunque

166 2226 287 2276 patria
307 2225 480 2263 instituta
498 2225 664 2271 violavit,
679 2226 900 2263 existimans
919 2226 996 2264 fore
1017 2233 1059 2263 ut
1077 2226 1108 2263 is
1130 2227 1193 2277 qui
1210 2226 1332 2277 parvis
1352 2226 1388 2263 in
1407 2228 1519 2264 rebus
1540 2227 1605 2265 de-

166 2287 337 2338 linquere
357 2288 565 2325 assueverit
581 2287 691 2325 facile
711 2288 758 2325 ad
779 2289 922 2338 majora
940 2287 1110 2326 facinora
1128 2287 1353 2338 impelletur.
1411 2288 1544 2338 anue
1558 2288 1605 2326 de

166 2361 282 2386 causa
306 2349 494 2399 collegam
524 2362 647 2394 suum,
674 2349 738 2399 qui
761 2349 980 2400 portitorem
1009 2349 1122 2387 naulo
1146 2349 1351 2394 fraudarat,
1379 2349 1605 2386 mulctatum

167 2410 270 2461 apud
288 2423 354 2447 vos
370 2410 528 2447 detulit:
559 2423 686 2448 rursus
706 2423 792 2448 eum
811 2411 938 2457 etiam,
958 2411 1021 2461 qui
1043 2411 1211 2462 quinque
1233 2410 1436 2448 drachmas
1455 2410 1604 2448 nomine

167 2475 335 2513 absentis
365 2475 589 2525 postularat,
620 2474 722 2526 apud
753 2487 820 2513 vos
853 2474 1009 2518 detulit;
1055 2487 1142 2512 eum
1171 2475 1274 2520 item,
1303 2474 1366 2524 qui
1395 2474 1605 2524 portionem

168 2536 472 2587 Areopagiticam
512 2542 645 2574 contra
681 2536 865 2588 majorum
903 2549 1046 2574 morem
1083 2535 1246 2574 vendere
1286 2549 1361 2573 non
1400 2535 1603 2581 dubitarat,

167 2598 301 2636 eodem
322 2598 434 2637 modo
455 2598 679 2636 mulctatum
700 2599 823 2649 ejecit.
882 2599 958 2636 Eos
979 2610 1044 2635 vos
1063 2610 1182 2635 causa
1203 2597 1358 2648 cognita
1377 2596 1604 2644 absolvistis,

168 2672 243 2697 non
271 2673 347 2710 quo
372 2660 557 2699 mendacii
577 2667 750 2698 senatum
773 2659 997 2712 argueretis,
1019 2659 1087 2696 sed
1106 2659 1195 2709 quia
1213 2658 1458 2696 humanitatis
1476 2659 1603 2709 potius

166 2733 278 2771 quam
297 2722 433 2758 summi
447 2722 542 2772 juris
560 2722 742 2760 rationem
764 2720 975 2765 ducebatis,
988 2720 1168 2771 quodque
1191 2719 1415 2771 supplicium
1435 2719 1603 2758 admisso

167 2795 190 2820 a
216 2782 288 2820 reis
314 2781 482 2820 facinore
507 2784 658 2834 gravius
688 2784 893 2835 putabatiS.
951 2781 1148 2832 Numquid
1177 2795 1281 2832 ergo,
1313 2781 1603 2828 Demosthenes,

167 2843 301 2881 falsum
318 2843 499 2882 indicium
523 2845 612 2883 fecit
636 2845 815 2884 senatus?
869 2843 959 2882 Non
990 2844 1133 2894 utique.
1192 2843 1273 2881 Hos
1301 2843 1416 2895 igitur
1442 2850 1480 2881 et
1507 2843 1602 2880 alios

167 2904 309 2943 similes
340 2912 381 2943 ut
412 2905 567 2955 injurios
588 2919 610 2944 a
629 2913 761 2946 senatu
789 2905 936 2944 delatos
956 2917 1024 2945 vos
1055 2903 1286 2944 absolvistis.
1350 2904 1600 2955 Polyeuctum
