1870 3277
453 159 524 196 DE
554 159 888 197 NICOSTRATI
921 159 1281 197 HEREDITATE.
1515 161 1590 196 343

156 265 276 302 strati.
334 264 406 301 Pro
436 265 559 304 salute
588 273 715 304 vestra
744 265 897 315 quidem
928 264 1073 301 nullam
1107 276 1270 313 unquam
1300 264 1392 301 obiit
1422 265 1591 303 militiam

155 338 278 376 neque
297 338 366 363 suo
387 325 435 364 de
455 339 555 377 penu
576 333 702 365 vestro
722 327 924 377 quicquam
946 324 1119 369 contulit,
1140 332 1274 374 praeter
1293 325 1384 362 iilud
1411 326 1591 376 exiguum

154 399 208 424 aes
234 387 335 437 quod
357 387 430 425 hac
450 389 487 425 in
510 401 627 426 causa
647 400 760 438 super
781 386 989 424 hereditate
1015 385 1221 423 Nicostrati
1251 386 1449 436 dependit,
1469 400 1591 438 neque

156 447 230 485 alia
248 448 423 499 quapiam
446 449 642 487 functione
668 447 903 498 sumptuaria
928 447 1081 484 functus
1109 454 1179 484 est.
1237 447 1286 484 Et
1304 454 1444 493 tamen,
1462 447 1593 498 hujus·

157 508 260 546 modi
278 522 365 546 eum
385 516 499 555 esset,
518 522 593 547 non
609 508 899 558 congratulatur
925 508 995 545 sibi
1024 521 1146 558 neque
1168 507 1259 545 satis
1279 507 1395 545 habet
1415 509 1516 558 quod
1537 518 1594 548 tot

157 576 196 605 et
215 574 325 606 tanta
346 569 492 607 scelera
511 570 666 620 impune
687 568 856 619 patrarit,
875 567 944 606 sed
965 568 1088 606 aliena
1101 580 1254 618 quoque
1273 568 1440 619 appetit?
1477 570 1591 612 Quod

159 628 190 666 si
220 628 257 666 hi
287 630 473 681 [Hagnon
498 636 537 667 et
564 629 838 679 Hagnotheus]
867 629 1005 667 curiosi
1035 637 1072 666 et
1103 628 1224 667 seduli
1253 629 1290 666 in
1321 629 1434 666 rebus
1462 629 1593 668 alienis

159 692 339 730 rimandis
358 692 396 728 in
417 704 539 742 eoque
559 691 698 729 similes
718 691 849 728 multis
868 691 950 728 aliis
970 698 1186 729 nostrorum
1207 691 1344 728 civium
1364 698 1508 736 essent,
1528 705 1594 730 ne-

160 753 237 791 scio
255 766 304 790 an
321 752 500 790 Chariadi
514 765 616 790 nunc
632 765 707 790 non
719 752 804 790 haec
818 752 1057 798 hereditaria,
1068 752 1135 790 sed
1147 751 1303 803 ‘capitis‚
1317 765 1432 790 causa
1444 754 1596 803 agenda

158 821 279 852 esset:
310 827 440 851 verum
450 815 639 851 enimvero
650 814 752 852 hunc
765 814 919 864 quidem
934 812 1030 851 alius
1042 813 1177 864 aliquis
1198 813 1417 858 ulciscetur,
1428 815 1595 863 judices,

158 888 226 914 vos
245 882 369 914 autem
388 876 447 913 his
468 876 813 926 [adolescentibus]
828 876 1049 920 succurrite,
1063 889 1188 926 neque
1208 875 1360 926 majoris
1381 876 1493 914 facite
1507 877 1596 916 alie-

159 949 294 974 norum
317 949 384 988 per
411 937 520 975 nefas
551 944 779 988 appetentes
804 950 918 988 quam
948 936 1117 974 defuncti
1145 944 1344 988 cognatm,
1363 937 1595 989 eosdemque

159 1005 345 1048 praeterea
369 1011 519 1048 quoque
539 999 637 1037 bene
657 998 705 1037 de
731 998 797 1037 illo
816 1006 1025 1046 merentes;
1054 998 1122 1036 sed
1141 1006 1179 1036 et
1197 999 1324 1049 legum
1345 999 1595 1038 recordamini

153 1058 328 1110 jurisque
353 1059 507 1110 jurandi
527 1072 550 1097 a
567 1059 674 1098 vobis
702 1059 806 1106 dicti,
827 1067 866 1098 et
884 1059 1189 1098 testimoniorum
1219 1059 1384 1110 denique
1413 1073 1499 1110 quae
1527 1074 1597 1100 nos

161 1123 267 1161 vobis
287 1122 540 1171 exhibuimus,
559 1129 599 1162 et
616 1123 671 1162 sic
688 1124 914 1163 sententiam
932 1136 980 1162 ex
1000 1136 1112 1174 aequo
1132 1130 1171 1162 et
1189 1135 1277 1162 vero
1296 1122 1550 1175 pronuntiate.
