1870 3277
215 174 264 211 30
809 174 1091 214 ISOCRATIS

213 274 404 312 tissimum
429 273 592 324 differre,
608 282 648 315 et
667 278 716 316 ab
735 278 891 316 ineunte
907 285 1024 317 aetate
1040 276 1246 316 liberaliter
1259 276 1444 316 educatos
1461 289 1532 316 nec
1549 289 1594 315 ex
1610 277 1687 315 for-

216 336 379 374 titudine
395 350 467 376 nec
488 338 626 389 opibus
640 352 712 378 nec
729 340 813 378 aliis
830 340 867 377 id
890 353 1012 391 genus
1032 340 1143 378 bonis
1165 339 1354 390 dignosci,
1368 338 1437 377 sed
1453 352 1498 377 ex
1516 339 1687 377 oratione

213 397 452 447 potissimum
473 401 653 451 perspici,
675 413 836 451 eamque
858 401 1107 439 institutionis
1128 402 1316 453 cujusque
1338 409 1512 438 nostrum
1532 401 1687 451 signum

214 471 300 496 esse
320 460 577 498 certissimum
599 470 638 500 et
653 462 1001 508 evidentissimum,
1022 463 1165 513 quique
1187 464 1358 500 oratione
1375 461 1556 512 praeclare
1577 468 1688 499 utan-

215 526 289 565 tur,
310 534 376 559 eos
396 535 472 559 non
502 523 538 560 in
562 524 642 561 suis
665 523 855 561 duntaxat
882 524 1041 562 urbibus
1071 525 1302 562 auctoritate
1324 524 1464 567 valere,
1484 522 1553 560 sed
1582 522 1686 574 apud

215 588 369 620 exteros
388 583 504 621 etiam
525 583 719 622 honorari.
778 585 922 622 Nostra
946 585 1060 635 igitur
1081 586 1172 623 urbs
1194 586 1344 624 caeteris
1366 585 1586 622 bominibus
1605 590 1688 621 tum

214 644 404 695 sapientia
438 653 519 683 tum
547 646 771 697 eloquentia
796 652 948 684 tantum
977 647 1202 685 antecelluit
1232 654 1275 684 ut
1299 648 1382 698 ejus
1405 646 1583 697 discipuli
1612 646 1690 683 sint

214 706 374 744 aliorum
405 715 680 759 praeceptores,
708 708 747 746 id
780 715 990 746 consecuta
1015 717 1058 746 ut
1090 721 1230 746 nomen
1259 708 1485 746 Graecorum
1514 707 1689 758 nonjam

216 768 383 806 nationis
404 775 443 806 et
464 769 589 820 gentis
610 770 679 807 sed
700 769 856 808 rationis
881 776 920 808 et
939 770 1079 808 mentis
1100 777 1369 820 argumentum
1396 783 1480 808 esse
1500 769 1690 814 videatur,

217 829 423 881 Graecique
451 831 486 868 hi
510 832 635 882 potius
662 838 848 870 vocentur
865 831 928 882 qui
951 832 1206 872 eruditionem
1236 839 1405 870 nostram
1433 837 1691 883 perceperunt

213 903 332 941 quam
353 892 419 942 qui
441 892 478 929 in
500 892 636 930 eadem
661 893 815 931 Graecia
834 893 914 931 nati
936 900 1040 931 sunt.

274 953 336 990 14.
369 952 430 990 Ne
447 966 537 991 vero
554 953 687 992 videar
705 954 744 1008 ‚in
766 955 939 1006 partibus
961 955 1154 993 immorari
1175 954 1223 992 de
1244 954 1334 992 totis
1352 955 1466 992 rebus
1487 966 1548 991 me
1569 953 1692 991 dictu-

214 1027 299 1052 rum
315 1014 517 1065 professus
534 1022 602 1052 aut
621 1015 706 1053 haec
721 1015 965 1054 celebrandae
981 1023 1124 1053 nostrae
1142 1016 1245 1053 urbis
1262 1028 1380 1053 causa
1398 1016 1446 1053 ob
1463 1015 1688 1053 bellicarum

213 1074 374 1112 laudum
395 1075 564 1126 inopiam
587 1076 773 1122 attulisse,
794 1085 947 1128 propter
975 1091 1042 1115 eos
1069 1077 1154 1114 haec
1175 1077 1277 1114 dicta
1299 1077 1376 1114 sint
1396 1077 1461 1127 qui
1483 1077 1598 1114 rebus
1619 1075 1691 1113 hu-

208 1136 381 1188 jusmodi
412 1137 649 1187 gloriantur3
680 1138 842 1177 arbitror
869 1147 999 1176 autern
1027 1139 1188 1189 majores
1218 1146 1372 1176 nostros
1393 1151 1470 1176 non
1492 1138 1620 1175 minus
1640 1138 1690 1174 ob

214 1210 276 1236 res
298 1197 436 1249 [bello]
458 1206 589 1249 gestas
610 1213 725 1250 quam
747 1207 906 1251 propter
926 1208 1070 1239 caetera
1090 1200 1294 1246 beneficia,
1316 1213 1402 1238 esse
1423 1199 1689 1238 honorandos.

216 1260 300 1298 Nec
320 1260 420 1297 enim
442 1274 561 1311 parva
581 1274 708 1311 neque
729 1274 855 1312 pauca
874 1274 946 1300 nec
966 1263 1131 1299 obscura
1151 1261 1364 1300 certamina
1386 1261 1598 1305 subierunt,
1620 1260 1690 1298 sed

214 1321 339 1360 multa
359 1329 399 1359 et
420 1322 523 1360 acria
542 1329 580 1360 et
606 1336 759 1374 magna,
781 1323 921 1374 partim
952 1336 1020 1374 pro
1046 1324 1180 1374 patriae
1207 1322 1448 1366 defensioue,
1471 1321 1609 1371 partim
1639 1321 1691 1359 ad

213 1384 433 1423 libertatem
449 1385 611 1423 aliorum
625 1386 809 1424 tuendam
826 1400 834 1424 :
857 1399 1053 1437 nunquam
1070 1387 1172 1425 enim
1189 1387 1236 1424 ab
1252 1386 1356 1424 omni
1374 1387 1556 1423 memoria
1570 1385 1691 1424 desti-

216 1454 348 1486 terunt
366 1448 499 1485 urbem
521 1461 629 1485 suam
646 1449 816 1500 praebere
833 1461 1075 1486 communem
1091 1455 1131 1485 et
1148 1448 1310 1485 Graecos
1326 1448 1374 1484 ab
1390 1446 1536 1496 injuriis
1554 1447 1690 1498 quovis

217 1515 390 1559 tempore
424 1508 635 1546 vindicare.
713 1509 977 1553 Quamobrem
1017 1509 1133 1547 etiam
1171 1516 1262 1547 sunt
1293 1508 1359 1559 qui
1395 1521 1466 1546 nos
1503 1515 1692 1547 accusent

217 1576 402 1620 tanquam
425 1583 501 1608 non
522 1578 626 1609 recte
646 1571 911 1618 consulentes,
933 1571 1000 1622 qui
1027 1571 1156 1609 colere
1184 1570 1454 1609 imbecilliores
1484 1570 1693 1617 soleamus,

218 1632 330 1682 quasi
359 1645 406 1670 ea
425 1633 543 1670 verba
569 1646 643 1671 non
675 1646 765 1671 cum
796 1633 839 1670 iis
871 1633 1018 1671 faciant
1037 1634 1102 1683 qui
1124 1647 1194 1672 nos
1217 1633 1378 1671 laudare
1398 1633 1547 1670 volunt.
1606 1633 1693 1671 Nec

218 1694 336 1740 enim,
353 1707 400 1731 ex
419 1693 572 1732 inscitia
592 1702 777 1745 quantum
800 1694 965 1733 societas
985 1696 1246 1746 potentiorum
1265 1695 1312 1733 ad
1333 1695 1578 1733 securitatem
1598 1708 1695 1746 prae·

220 1761 353 1802 staret,
374 1755 560 1793 rationem
584 1756 685 1794 hanc
710 1756 831 1794 secuti
859 1769 1017 1800 sumus3
1050 1757 1134 1802 sed,
1154 1770 1275 1808 quum
1301 1757 1385 1795 aliis
1415 1756 1532 1807 longe
1552 1756 1691 1795 melius

217 1816 405 1855 sciremus
426 1817 490 1867 qui
513 1817 649 1855 harum
671 1831 797 1855 rerum
820 1824 984 1856 eventus
1006 1831 1093 1856 esse
1115 1818 1299 1863 solerent,
1320 1825 1449 1856 tamen
1471 1818 1695 1857 imbecillio-

219 1878 326 1916 ribus
346 1878 459 1915 etiam
482 1879 662 1929 neglecta
677 1878 843 1917 utilitate
859 1879 1067 1918 maluimus
1084 1879 1264 1931 opitulari
1279 1893 1397 1931 quarn
1412 1881 1694 1931 potentioribus

220 1940 382 1991 privatae
399 1939 572 1977 utilitatis
593 1941 717 1991 gratia
736 1941 933 1992 adjutores
953 1955 1040 1979 esse
1061 1941 1300 1992 injuriarum.

279 2003 341 2041 15.
372 2001 569 2052 Cognosci
591 2010 718 2040 autem
737 2015 784 2040 ex
800 2016 846 2040 eo
862 2011 900 2040 et
915 2002 1161 2040 consuetudo
1178 2010 1217 2040 et
1235 2003 1410 2054 potentia
1425 2012 1569 2042 nostrae
1586 2004 1692 2042 urbis

220 2063 374 2114 poterit,
399 2062 431 2100 si
459 2076 526 2100 eos
556 2063 830 2113 protulerimus
859 2064 924 2114 qui
956 2070 1130 2101 nostram
1162 2077 1275 2115 opem
1307 2064 1577 2115 implorarunt.
1633 2068 1693 2104 Ac

221 2124 525 2175 supplicationes
547 2124 607 2162 vel
640 2137 772 2162 recens
793 2124 852 2162 vel
886 2125 1012 2175 parvis
1041 2125 1090 2163 de
1117 2127 1232 2163 rebus
1253 2126 1376 2163 factas
1398 2127 1570 2164 omittam
1587 2120 1694 2165 ε’ὀίιι
1726 2174 1729 2177 ᾗ

223 2193 352 2224 autem
374 2193 463 2224 ante
483 2186 652 2236 Trojana
671 2192 849 2237 tempora
866 2209 920 2214 ——
935 2187 1024 2226 inde
1044 2187 1144 2224 enim
1167 2187 1282 2225 fidem
1296 2187 1383 2238 jure
1404 2195 1541 2238 petunt
1560 2188 1625 2239 qui
1647 2188 1695 2227 de

221 2248 346 2298 patrio
360 2248 446 2298 jure
467 2247 713 2285 contendunt
733 2255 987 2286 —venerunt
1007 2256 1045 2286 et
1067 2249 1244 2286 Herculis
1263 2249 1389 2295 liberi,
1410 2258 1448 2287 et
1467 2251 1585 2301 paulo
1606 2259 1695 2290 ante

221 2308 309 2346 illos
331 2308 528 2347 Adrastus
548 2309 657 2347 Talai
677 2309 792 2355 filius,
811 2323 875 2347 rex
894 2310 1150 2361 Argivorum:
1181 2324 1270 2349 nam
1291 2313 1322 2349 is
1343 2311 1500 2362 quidem
1520 2313 1557 2349 in
1578 2326 1694 2364 expe·

223 2370 370 2408 ditione
390 2371 577 2408 Thebana
603 2371 715 2408 clade
743 2378 918 2422 accepta,
939 2385 1058 2422 quum
1089 2373 1161 2410 sub
1183 2372 1358 2410 Cadmea
1377 2386 1500 2411 caesos
1519 2374 1600 2425 ipse
1621 2375 1695 2412 tol-

222 2432 301 2471 lere
334 2446 413 2470 non
446 2440 594 2484 posset,
621 2446 646 2470 a
672 2440 806 2470 nostra
834 2434 930 2470 urbe
958 2433 1070 2484 petiit
1095 2441 1138 2470 ut
1164 2434 1382 2472 communis
1411 2435 1524 2473 sortis
1549 2435 1697 2474 miserti

221 2507 338 2545 opem
368 2494 509 2532 ferrent
538 2507 663 2544 neque
680 2495 844 2533 occisos
864 2494 901 2531 in
923 2495 1065 2545 praeliis
1085 2496 1218 2546 jacere
1248 2496 1463 2547 insepultos
1492 2504 1559 2535 aut
1578 2506 1689 2536 vetus

223 2556 444 2594 institutum
475 2563 514 2594 et
542 2556 704 2607 patriam
731 2556 857 2607 legem
886 2556 1032 2594 aboleri
1061 2564 1311 2607 paterentur3
1351 2558 1534 2596 Herculis
1564 2566 1694 2597 autem

224 2617 334 2656 liberi
364 2617 516 2655 hostem
543 2618 804 2669 Eurystheum
832 2617 1040 2668 fugientes,
1063 2617 1257 2669 despectis
1287 2619 1447 2656 urbibus
1477 2621 1626 2658 caeteris
1651 2627 1696 2658 ut

225 2693 314 2732 quae
335 2680 504 2731 ipsorum
530 2680 815 2718 calamitatibus
837 2680 985 2718 mederi
1010 2693 1086 2717 non
1109 2687 1285 2731 possent,
1306 2687 1475 2718 nostram
1499 2681 1695 2720 civitatem

225 2742 346 2787 solam
368 2754 452 2779 eam
473 2755 557 2779 esse
578 2750 762 2793 putarunt
782 2755 870 2793 quae
884 2742 1030 2794 justam
1056 2742 1221 2793 gratiam
1240 2743 1400 2781 referret
1418 2756 1489 2794 pro
1506 2743 1553 2782 iis
1574 2745 1694 2782 bene-

226 2804 324 2847 ficiis
346 2817 434 2853 quae
453 2810 563 2854 pater
583 2803 622 2840 in
643 2806 865 2842 universum
891 2817 1014 2855 genus
1043 2803 1264 2842 mortalium
1289 2804 1533 2843 contulisset.
1593 2806 1696 2845 Hinc

225 2866 339 2907 facile
361 2865 593 2916 perspicitur
620 2873 793 2904 nostram
823 2867 956 2904 urbem
983 2872 1065 2903 tum
1091 2866 1209 2904 etiam
1236 2865 1428 2917 dignitate
1448 2868 1695 2918 imperatoria

222 2927 346 2966 fuisse
378 2927 579 2978 praeditam
613 2934 653 2965 et
685 2941 788 2967 nunc
821 2941 899 2967 non
932 2928 1074 2980 injuria
1104 2928 1345 2967 contendere
1378 2928 1428 2968 de
1460 2929 1695 2982 principatu.
