1870 3277
241 172 315 208 124
834 168 1126 208 ISOCRATIS

237 273 389 311 viebat:
420 272 553 323 paucis
581 271 777 310 laboribus
807 272 970 309 multum
992 271 1058 309 otii
1080 271 1254 322 parabat,
1275 282 1351 308 non
1373 271 1423 308 ob
1446 283 1582 321 parvas
1607 270 1709 307 oble-

239 335 430 372 ctationes
451 346 616 384 magnos
638 334 790 372 labores
811 333 1056 371 cumulabat:
1089 333 1256 382 denique
1279 332 1370 370 nihil
1392 332 1708 382 praetermittebat

237 397 343 447 quod
368 396 524 447 regibus
554 395 681 434 inesse
712 408 872 433 neccsse
903 395 965 441 sit,
987 395 1056 432 sed
1087 407 1106 431 e
1135 393 1299 444 singulis
1320 393 1556 444 rerumpubl.
1579 392 1709 430 formis

237 459 563 509 praestantissima
577 471 742 509 quaeque
761 457 974 507 deligebat,
990 457 1057 507 qui
1075 463 1116 494 et
1136 456 1330 507 popularis
1348 463 1452 493 esset
1467 455 1711 493 observantia

239 518 515 566 multitudinis,
535 526 572 557 et
601 519 777 570 politicus
802 519 1082 568 gubernatione
1103 518 1220 555 totius
1249 517 1368 563 urbis,
1389 524 1427 554 et
1446 516 1711 567 imperatorius

238 587 344 620 recto
371 582 410 619 in
437 581 618 632 periculis
648 580 827 624 consilio,
849 587 889 618 et
919 580 1188 630 magnanimus
1219 580 1352 617 harum
1383 592 1508 616 rerum
1539 578 1710 616 omnium

238 642 486 681 excellentia.
547 643 678 692 Atque
703 642 789 679 haec
814 641 854 679 in
878 642 1057 693 Evagora
1085 642 1219 688 fuisse,
1243 649 1281 680 ct
1301 641 1412 693 plura
1434 641 1547 679 etiam
1571 640 1642 685 his,
1665 653 1711 677 ex

240 705 337 757 ipsis
359 706 471 744 sactis
492 704 604 743 facile
625 705 875 756 intelligetur.

295 769 361 804 20.
394 767 495 805 Nam
518 780 639 818 quum
660 767 853 805 civitatem
873 766 1050 805 barbarie
1070 766 1323 804 deformatam
1355 764 1603 816 suscepisset,
1625 777 1712 814 quae

240 829 291 866 ob
314 828 541 868 Phoenicum
563 828 764 880 imperium
785 842 859 867 nec
875 828 1037 866 Graecos
1057 828 1280 866 admitteret
1300 840 1370 866 nec
1392 834 1492 865 artes
1511 826 1627 864 sciret
1641 839 1712 863 nec

242 891 413 942 emporio
434 897 609 929 uteretur
629 903 702 929 nec
722 897 875 940 portum
897 897 1058 936 teneret,
1075 897 1157 928 tum
1178 890 1264 928 haec
1285 890 1413 927 omnia
1432 888 1610 933 correxit,
1632 894 1713 925 tum

242 952 324 1003 agri
343 953 459 990 etiam
483 953 647 990 multum
671 952 813 1004 adjecit
841 953 1055 1002 urbemque
1076 964 1186 989 muro
1207 950 1463 989 circumdedit
1482 958 1523 988 et
1542 951 1714 987 triremes

242 1013 465 1060 aedificavit,
486 1020 526 1052 et
551 1013 707 1064 reliquis
741 1014 991 1065 apparatibus
1012 1014 1066 1052 sic
1088 1014 1194 1052 auxit
1217 1021 1260 1051 ut
1285 1026 1373 1052 cum
1392 1012 1527 1063 quavis
1555 1012 1714 1049 Graeca-

242 1087 328 1112 rum
357 1075 509 1113 urbium
539 1082 686 1113 certare
716 1075 851 1125 possit,
873 1073 1070 1124 tantisque
1096 1075 1216 1124 copiis
1238 1074 1401 1112 munivit
1423 1080 1464 1111 ut
1482 1073 1590 1111 multi
1611 1086 1716 1111 nunc

243 1148 329 1174 eam
356 1135 518 1174 timeant
546 1136 612 1186 qui
637 1135 741 1187 prius
768 1136 1086 1174 contemnebant.
1146 1136 1281 1186 Neque
1301 1148 1391 1174 vero
1420 1135 1500 1173 fieri
1527 1141 1656 1186 potest
1677 1140 1717 1171 ut

243 1198 360 1236 urbes
379 1198 432 1236 ita
451 1205 645 1244 crescant,
666 1197 737 1235 nisi
759 1197 896 1235 talibus
919 1198 1089 1235 moribus
1109 1198 1387 1248 gubernentur,
1407 1196 1542 1248 quales
1562 1196 1717 1247 Evago-

243 1272 307 1298 ras
327 1259 475 1306 habuit,
494 1268 612 1311 atque
633 1272 707 1311 ego
724 1259 840 1311 paulo
858 1265 946 1297 ante
968 1259 1097 1297 studui
1114 1272 1430 1298 commemorare.
1489 1258 1618 1302 Quare
1639 1271 1717 1295 non

243 1327 377 1360 metuo
397 1335 445 1360 ne
471 1322 618 1374 majora
637 1333 752 1372 quam
773 1333 844 1372 pro
866 1320 950 1372 ejus
973 1321 1112 1358 virtute
1132 1320 1261 1358 dicere
1280 1321 1424 1366 videar,
1445 1320 1515 1358 sed
1537 1319 1630 1357 illud
1652 1332 1716 1357 ve-

245 1383 411 1421 rendum
440 1384 569 1435 potius
590 1397 638 1422 ne
665 1382 972 1433 magnitudinem
1003 1396 1130 1420 rerum
1160 1383 1208 1420 ab
1239 1395 1286 1421 eo
1317 1389 1515 1434 gestarum
1544 1381 1718 1419 oratione

245 1458 335 1484 mea
363 1459 611 1497 nequaquam
641 1446 846 1496 attingam.
905 1444 1002 1488 Quis
1032 1445 1133 1482 enim
1165 1445 1258 1483 satis
1288 1444 1473 1495 praedicet
1501 1444 1623 1481 virum
1654 1443 1719 1481 tali

245 1507 453 1559 praeditum
480 1508 649 1559 ingenio,
668 1507 735 1558 qui
756 1520 832 1545 non
855 1519 965 1544 suam
987 1512 1136 1544 tantum
1158 1507 1289 1544 urbem
1316 1505 1427 1544 bonis
1448 1505 1634 1543 institutis
1654 1518 1721 1542 ex·-

245 1568 381 1615 coluit,
403 1569 469 1607 sed
503 1577 542 1607 et
576 1569 778 1607 universos
805 1567 988 1606 finitimos
1019 1567 1208 1606 insulares
1239 1567 1289 1605 ad
1318 1567 1654 1605 mansuetudinem
1683 1573 1722 1605 et

246 1630 553 1670 moderationem
574 1630 765 1668 deduxit?
814 1629 1047 1681 Priusquam
1070 1629 1273 1680 Evagoras
1301 1642 1422 1680 regno
1451 1631 1653 1680 potiretur,
1676 1643 1722 1667 ea

248 1691 407 1730 fuerunt
426 1692 578 1730 saevitia
597 1697 636 1729 et
661 1691 900 1729 immanitate
922 1698 965 1730 ut
984 1704 1051 1729 eos
1072 1691 1188 1729 etiarn
1208 1691 1401 1743 principes
1421 1698 1603 1742 putarent
1622 1693 1721 1743 opti-

249 1765 349 1800 mos,
377 1753 443 1803 qui
474 1751 637 1790 Graecos
666 1752 934 1791 crudelissime
963 1759 1195 1791 tractarent:
1228 1766 1330 1791 nunc
1361 1765 1449 1790 vero
1477 1766 1598 1804 usque
1625 1753 1724 1791 adeo

250 1822 342 1854 sunt
361 1814 425 1853 alii
442 1815 548 1861 facti,
567 1822 611 1852 ut
630 1815 729 1853 inter
751 1828 791 1853 se
811 1821 962 1854 certent
980 1816 1139 1866 quinam
1155 1828 1202 1853 ex
1216 1815 1270 1853 eis
1288 1815 1516 1853 Graecorum
1540 1817 1724 1854 amantis-

245 1876 337 1915 simi
358 1876 576 1922 videantur,
598 1889 807 1927 eorumque
828 1877 979 1927 plurimi
1000 1877 1238 1915 nostratibus
1264 1877 1450 1915 uxoribus
1479 1876 1606 1915 ductis
1629 1878 1723 1915 libe-

250 1950 312 1976 ros
334 1945 553 1989 procreent,
573 1945 613 1977 et
631 1938 753 1988 magis
780 1950 868 1976 cum
889 1938 1145 1976 instrumento
1175 1947 1254 1976 turn
1278 1939 1460 1976 institutis
1483 1938 1724 1978 Graecanicis

251 2000 452 2051 gaudeant
475 2012 593 2051 quam
621 1999 756 2051 patriis
778 2006 818 2037 et
837 1998 1073 2046 domesticis,
1093 2000 1298 2051 pluresque
1329 2001 1365 2037 in
1392 2000 1549 2038 musicis
1574 2008 1614 2039 et
1642 2001 1725 2040 aliis

251 2062 399 2100 artibus
416 2061 557 2101 eruditi
577 2061 638 2100 his
659 2061 698 2100 in
717 2061 812 2100 locis
828 2068 1028 2100 versentur
1043 2075 1157 2112 quam
1175 2062 1278 2113 apud
1295 2075 1360 2100 eos
1375 2063 1440 2100 ubi
1456 2069 1570 2101 antea
1586 2064 1726 2114 degere

253 2122 357 2161 soliti
384 2122 551 2161 fuerant.
611 2122 750 2173 Neque
771 2136 862 2161 vero
890 2124 1097 2173 quisquam
1126 2129 1187 2161 est
1215 2123 1308 2173 quin
1339 2123 1424 2162 haec
1453 2131 1615 2176 accepta
1636 2138 1725 2164 esse

256 2184 445 2236 Evagorae
461 2184 666 2223 referenda
683 2184 866 2223 fateatur.
1709 2220 1712 2223 .

308 2248 375 2285 21.
406 2245 510 2284 Illud
529 2253 659 2284 autem
679 2246 934 2284 certissimum
963 2245 1116 2297 signum
1143 2253 1202 2285 est
1222 2253 1262 2285 et
1280 2260 1429 2285 morum
1451 2255 1488 2286 et
1508 2249 1726 2288 sanctitatis

255 2310 362 2362 ejus:
392 2308 499 2359 quod
521 2307 751 2347 Graecorum
777 2308 998 2360 complures
1024 2309 1157 2360 optimi
1179 2317 1217 2347 et
1238 2309 1497 2348 honestissimi
1517 2311 1584 2348 viri
1606 2312 1729 2362 patria

255 2371 392 2410 relicta
420 2370 639 2408 habitatum
672 2369 710 2407 in
740 2369 913 2421 Cyprum
947 2377 1240 2416 concesserunt,
1270 2371 1534 2410 existimantes
1567 2386 1727 2423 regnum

258 2434 449 2484 Evagorae
462 2432 549 2485 plus
565 2431 760 2483 aequitatis
776 2439 814 2471 et
828 2430 1068 2470 liberalitatis
1082 2432 1227 2470 habere
1240 2446 1357 2483 quam
1371 2446 1462 2472 suas
1477 2434 1581 2472 domi
1595 2447 1728 2485 respu-

253 2496 394 2535 blicas.
454 2495 512 2532 Ac
537 2501 701 2533 caeteros
730 2492 887 2545 quidem
914 2493 1142 2532 nominatim
1163 2507 1366 2533 recensere
1385 2508 1571 2546 perquam
1592 2509 1729 2547 opero-

260 2571 345 2596 sum
364 2556 504 2594 fuerit:
534 2555 736 2594 Cononem
758 2561 902 2600 autem,
919 2554 986 2605 qui
1001 2555 1206 2593 virtutibus
1227 2556 1402 2607 plurimis
1421 2558 1598 2609 princeps
1622 2557 1732 2595 Grae-

260 2631 393 2659 corum
423 2617 507 2663 fuit,
529 2617 615 2668 quis
645 2617 811 2668 ignorat,
832 2630 951 2667 quum
981 2623 1115 2655 nostra
1142 2618 1233 2655 urbs
1259 2618 1409 2656 cladem
1430 2619 1658 2669 accepisset,
1680 2621 1729 2659 ad

261 2681 480 2730 Evagoram
502 2678 691 2718 selectum
712 2692 733 2717 e
751 2678 900 2718 caeteris
917 2678 1097 2717 omnibus
1117 2691 1160 2716 se
1179 2678 1420 2717 contulisse?
1449 2679 1554 2729 quod
1571 2682 1731 2731 putabat

261 2754 303 2780 se
334 2740 438 2792 apud
467 2753 556 2778 eum
585 2747 624 2779 et
649 2740 763 2779 saluti
793 2753 875 2779 suae
905 2740 1119 2779 rectissime
1147 2740 1431 2787 consulturum,
1451 2748 1491 2779 et
1510 2741 1731 2792 reipublicae

261 2800 458 2854 erigendae
479 2801 695 2852 adjutorem
715 2802 999 2853 quamprimum
1021 2801 1271 2840 habiturum?
1318 2802 1448 2846 Quum
1472 2798 1602 2841 autem
1623 2804 1730 2855 prius

263 2864 397 2905 multis
417 2862 465 2901 de
491 2864 607 2902 rebus
632 2870 742 2903 recta
769 2863 934 2903 consilia
959 2862 1121 2909 iniisset,
1143 2863 1251 2903 nulla
1278 2869 1408 2903 tamen
1429 2861 1479 2904 de
1498 2878 1539 2904 re
1558 2879 1731 2917 unquam

265 2927 371 2966 visus
393 2932 453 2964 est
479 2938 594 2976 quam
623 2925 668 2964 de
697 2925 772 2965 hac
800 2926 939 2965 melius
965 2926 1172 2965 statuisse:
1205 2926 1395 2977 siquidem
1424 2926 1478 2966 ita
1507 2927 1670 2978 contigit
1690 2934 1734 2966 ut
