1870 3277
636 539 1190 625 DINARCHI

341 722 674 770 CONTRA
734 725 1482 773 ARISTOGITONEM.

243 935 278 970 1.
308 934 479 982 OMNIA,
499 937 552 974 uti
574 951 641 988 par
656 947 725 982 est,
748 938 1015 984 Athenienses,
1033 938 1311 975 consideranda
1329 946 1419 976 sunt
1439 945 1477 976 et
1497 938 1629 976 auditu

186 1000 224 1032 et
239 995 320 1033 visu
341 997 378 1033 in
399 997 484 1034 latis
505 999 701 1037 sententiis
733 999 1025 1048 circumspicere
1044 1013 1052 1036 :
1083 1000 1177 1036 illud
1198 1012 1286 1036 vero
1317 1000 1479 1037 maxime
1510 999 1631 1036 admi-

183 1056 355 1102 randum,
375 1065 415 1094 ut
444 1059 532 1096 mihi
556 1060 709 1109 quidem
729 1060 890 1104 videtur,
912 1060 1015 1109 quod
1047 1073 1178 1097 recens
1204 1067 1369 1109 gestum.
1427 1059 1627 1097 Scelestis-

183 1115 300 1153 simus
319 1118 417 1154 enim
444 1119 480 1154 in
501 1120 605 1164 urbe,
631 1119 703 1156 hoc
731 1120 892 1169 amplius
917 1120 1083 1155 omnium
1104 1121 1217 1156 etiam
1238 1120 1449 1164 hominum,
1474 1120 1624 1157 Aristo-

180 1176 285 1224 giton
309 1179 511 1215 concilium
531 1180 851 1230 Areopagitarum
880 1179 917 1215 in
939 1179 1004 1230 jus
1024 1186 1225 1216 vocaturus
1252 1179 1408 1218 advenit
1428 1193 1566 1218 verene
1587 1188 1626 1219 et

175 1238 278 1286 juste
298 1239 598 1289 pronmciarint,
624 1248 659 1278 et
690 1250 845 1278 senatus
877 1249 1008 1278 auctor
1029 1241 1226 1278 sententiae
1248 1242 1284 1278 in
1305 1243 1428 1293 majus
1449 1256 1551 1280 nunc
1570 1243 1626 1280 in-

178 1300 271 1338 cidit
306 1302 516 1351 periculum
545 1315 658 1351 quam
692 1302 756 1352 qui
791 1302 828 1339 in
862 1302 969 1338 vobis
1000 1302 1103 1339 dona
1131 1302 1340 1352 recepisset
1375 1310 1414 1340 et
1433 1306 1625 1350 justorum

177 1360 330 1398 dicendi
356 1362 570 1400 libertatem
601 1362 734 1412 viginti
760 1362 871 1399 minis
892 1363 1141 1400 vendidisset.
1200 1363 1268 1400 Isti
1296 1363 1449 1413 quidem
1480 1376 1620 1401 novum

175 1420 281 1467 nihil,
302 1422 394 1459 nihil
411 1423 668 1472 indignum,si
688 1437 774 1460 curn
797 1424 1054 1461 condemnato
1075 1424 1225 1473 legibus
1239 1425 1474 1474 paciscatur:
1499 1424 1622 1463 multa

174 1482 325 1532 quidem
346 1482 418 1520 alia
437 1483 571 1520 ultimo
591 1483 777 1534 supplicio
811 1484 931 1533 digna
956 1483 1202 1533 perpetravit,
1225 1492 1263 1521 et
1290 1484 1327 1521 in
1356 1484 1515 1522 vinculis
1535 1485 1622 1535 plus

176 1544 357 1593 temporis
377 1556 491 1593 quam
512 1544 600 1581 foris
620 1545 870 1594 consumpsit,
890 1551 928 1581 et
947 1544 1115 1582 carnifici
1146 1545 1334 1582 obnoxius
1360 1552 1494 1582 contra
1520 1546 1623 1584 bona

174 1618 259 1654 quae
287 1606 325 1642 in
355 1605 475 1643 tutela
501 1606 597 1653 juris
628 1606 832 1656 legumque
861 1607 1123 1650 servabantur,
1145 1606 1248 1655 quod
1282 1605 1334 1643 illi
1363 1619 1438 1643 non
1465 1606 1622 1652 licebat,

175 1666 323 1703 calamo
343 1667 516 1704 invectus
538 1674 608 1712 est,
628 1667 776 1716 aliaque
794 1666 913 1703 multa
933 1680 1054 1717 eaque
1075 1666 1204 1716 gravia
1224 1666 1425 1712 commisit,
1442 1680 1529 1717 quae
1548 1680 1617 1705 vos

171 1741 285 1778 quam
315 1741 387 1777 ego
421 1728 556 1765 melius
585 1727 840 1778 cognoscitis:
879 1727 967 1765 huic
1001 1735 1129 1765 autem
1156 1727 1318 1764 concilio
1350 1727 1458 1781 falsa,
1482 1735 1618 1766 contra

169 1789 466 1839 Aristogitonem
499 1789 644 1839 opinari
677 1788 879 1826 ostendere
909 1802 1069 1838 eumque
1098 1788 1201 1838 apud
1226 1801 1294 1825 vos
1321 1788 1535 1839 suscepisse
1551 1790 1616 1838 ju-

172 1849 287 1886 stiora
301 1848 425 1887 dicere
441 1849 700 1899 turpissimum
715 1857 752 1886 et
770 1848 1089 1898 improbissimum
1104 1855 1175 1885 est.
1218 1848 1471 1899 Quapropter,
1489 1849 1611 1887 Athe-

169 1910 336 1955 nienses,
356 1909 418 1947 ille
438 1910 529 1947 mihi
547 1910 711 1955 videtur,
732 1910 835 1946 litem
857 1922 964 1946 suam
986 1910 1131 1947 firmam
1151 1916 1349 1958 tutamque
1369 1909 1611 1956 existimans,

166 1972 374 2009 sententias
404 1979 550 2008 vestras
581 1971 846 2022 exploraturus
879 1971 1041 2008 venisse.
1102 1970 1250 2020 Saepius
1282 1970 1383 2007 enim
1414 1971 1542 2008 omnia
1576 1971 1611 2008 ei

166 2032 268 2070 mala
299 2032 552 2082 contigerunt,
572 2033 603 2069 si
628 2040 786 2070 mortem
819 2032 1008 2082 excipias:
1039 2044 1168 2082 quam,
1188 2031 1218 2068 si
1239 2030 1333 2068 deus
1352 2031 1455 2069 volet
1485 2039 1524 2069 et
1543 2045 1611 2069 vos

166 2094 372 2144 prudentes
396 2106 463 2131 vos
484 2094 691 2144 gesseritis,
709 2093 894 2131 hodierna
919 2093 980 2130 die
1001 2093 1153 2131 subibit.
1212 2093 1299 2129 Nou
1321 2092 1420 2129 euim
1443 2093 1612 2132 Hercule

164 2155 195 2192 si
212 2168 314 2192 nunc
329 2155 477 2192 veniam
496 2155 716 2193 concedatis
733 2155 927 2192 meliorem
953 2155 1123 2191 futurum
1146 2154 1464 2204 exspectandum,
1487 2167 1611 2205 neque

162 2216 200 2252 in
231 2224 426 2266 posterum
461 2217 563 2254 dona
591 2225 723 2255 contra
751 2230 817 2254 vos
848 2217 1020 2266 accipere
1050 2216 1278 2259 desiturum,
1312 2215 1343 2251 si
1375 2228 1480 2252 nunc
1523 2228 1609 2252 eum

161 2277 382 2322 absolvatis.
439 2277 587 2315 Malum
606 2278 705 2314 enim
726 2290 889 2314 nascens
908 2276 1018 2313 facile
1034 2277 1115 2326 quis
1135 2277 1171 2313 in
1187 2276 1283 2313 illud
1304 2276 1609 2313 animadvertens

161 2337 360 2388 prohibere
380 2344 518 2388 potest,
541 2350 746 2375 senescens
772 2349 862 2374 vero
893 2336 995 2387 quod
1026 2337 1173 2374 debitas
1201 2349 1332 2387 poenas
1352 2336 1513 2386 gustarit
1530 2347 1606 2372 non

160 2399 271 2437 facile
291 2399 372 2436 tolli
402 2411 513 2448 posse
541 2406 727 2436 asserunt.
784 2398 911 2441 Quare
943 2398 973 2435 si
1004 2398 1143 2435 malum
1175 2398 1428 2447 perimbutum
1458 2396 1542 2447 ipsa
1567 2397 1605 2433 in

159 2461 249 2497 urbe
270 2460 477 2509 germinare
505 2459 656 2509 cupitis,
679 2472 746 2496 vos
769 2459 1070 2509 Aristogitonem
1091 2458 1204 2495 tutari
1232 2457 1423 2501 convenit,
1449 2463 1487 2494 et
1518 2469 1603 2507 per-

158 2522 305 2559 mittere
326 2522 580 2571 quodcunque
601 2521 732 2571 aliquis
751 2520 912 2558 voluerit
931 2521 967 2557 in
992 2520 1144 2557 civitate
1164 2517 1441 2569 perpetranda:
1473 2518 1605 2555 sivero

157 2584 347 2634 improbos
366 2591 404 2621 et
424 2583 605 2622 scelestos
622 2584 791 2621 homines
812 2584 900 2621 odio
920 2582 1188 2633 prosequimini
1218 2590 1349 2632 estque
1370 2581 1475 2619 vobis
1492 2581 1547 2619 ira
1565 2589 1605 2619 et

157 2646 338 2682 memoria
363 2658 491 2682 eorum
523 2658 608 2696 quae
639 2653 753 2683 antea
771 2647 819 2683 ab
845 2646 928 2695 ipso
956 2644 1160 2681 commissa
1181 2651 1282 2688 sunt,
1301 2642 1407 2679 illum
1428 2641 1603 2687 occidite,

156 2705 220 2755 qui
241 2705 288 2742 ab
306 2705 474 2756 Harpalo
503 2719 635 2743 aurum
659 2706 832 2756 accipere
852 2717 965 2741 ausus
989 2711 1060 2748 est,
1077 2717 1190 2753 quem
1214 2715 1365 2740 sensum
1389 2710 1448 2739 est
1467 2701 1515 2739 ad
1531 2702 1603 2739 cii·-

151 2765 466 2803 cumveniendam
509 2768 701 2805 civitatem
739 2774 902 2804 vestram
940 2764 1155 2809 advenisse,
1188 2772 1226 2801 et
1262 2764 1600 2814 tergiversationes

153 2826 425 2876 illusionesque
446 2826 479 2863 ei
500 2828 762 2877 praescindite;
795 2826 933 2876 quibus
954 2825 1072 2862 fretus
1094 2824 1141 2862 ad
1158 2838 1224 2862 vos
1246 2824 1422 2862 accessit.

205 2889 243 2925 2.
275 2888 338 2924 An
371 2887 553 2938 ignoratis
585 2889 747 2927 molesto
781 2886 939 2937 Harpali
971 2886 1136 2924 adventu
1167 2886 1261 2924 illud
1295 2886 1375 2924 urbi
1409 2884 1599 2924 commodi

877 2947 916 2983 ‘3
940 2959 960 2982 L
