1870 3277
263 175 337 212 398
929 176 1044 214 lSAEl

312 279 348 314 9.
379 278 667 316 Testamentum
696 280 820 330 itaque
851 279 925 318 hoc
953 281 1160 318 confictum
1192 294 1290 326 esse,
1319 290 1358 319 et
1387 281 1571 319 Cleonem
1591 289 1705 330 atque

261 340 483 377 Hieroclem
503 353 571 379 vos
590 343 889 379 circumventum
911 342 977 388 ire,
996 343 1123 393 quoad
1145 344 1250 393 potui
1273 342 1573 380 demonstratum
1595 341 1703 379 dedi:

252 401 333 452 jam
353 414 441 438 vero
462 401 534 439 hoc
553 415 706 453 quoque
732 402 892 447 docebo,
913 405 1060 440 etiamsi
1090 404 1194 441 nulla
1215 404 1461 455 Astyphilum
1494 403 1704 440 necessitu-

259 462 345 499 dine
365 463 642 513 contingerem,
665 464 784 500 multo
814 469 942 500 tamen
975 465 1063 501 mihi
1087 465 1151 516 jus
1180 479 1264 502 esse
1286 465 1447 502 validius
1468 471 1584 514 atque
1604 476 1703 513 prae-

258 523 479 574 pollentius,
495 537 610 574 quain
627 524 683 561 liis
699 533 770 569 est,
792 525 984 575 Astypliili
1001 527 1102 563 bona
1122 526 1360 577 possidendi.
1417 525 1703 576 Theophrastus

258 585 356 622 enim
378 593 485 635 pater
505 599 611 622 meus
639 593 796 623 matrem
822 599 943 623 meam
965 587 1001 623 in
1023 588 1178 625 domum
1201 602 1308 625 suam
1331 587 1517 625 inducens
1537 587 1584 623 ab
1604 585 1705 622 illius

257 645 386 691 fratre,
406 646 479 683 hoc
502 647 692 691 Hierocle,
713 646 781 684 sibi
803 647 1048 697 desponsam,
1068 662 1143 686 una
1165 662 1252 686 cum
1279 663 1324 686 ea
1345 647 1587 698 Astypliilum
1608 659 1702 696 quo-

259 720 332 756 que
354 706 456 743 domi
476 720 557 744 suoe
584 708 725 757 recepit
752 716 830 744 tum
861 709 1039 759 temporis
1069 710 1194 748 adhuc
1220 709 1416 760 parvulum
1441 722 1462 746 a
1483 708 1602 759 priore
1624 720 1704 744 suae

257 768 386 805 uxoris
406 768 539 805 marito
558 776 819 819 procreatum:
851 771 898 807 ab
914 783 960 808 eo
980 770 1068 808 inde
1088 779 1258 821 tempore
1270 784 1425 822 semper
1445 770 1547 807 domi
1562 777 1704 806 nostrae

259 830 355 867 altus
382 837 421 867 et
439 837 608 867 versatus
633 838 695 867 est
722 831 957 882 Astypllilus,
978 840 1016 869 et
1036 846 1057 868 a
1078 840 1183 882 patre
1213 845 1296 870 meo
1324 831 1531 882 puerilibus
1561 831 1704 868 artibus

257 892 476 929 innutritus.
537 891 588 928 Ut
614 900 739 929 autem
768 905 840 942 ego
868 901 978 929 natus
1008 893 1062 928 sui
1093 905 1255 941 eamque
1281 893 1445 943 adeptus
1475 899 1627 930 oetatem
1663 900 1705 929 ut

257 966 392 1004 capere
422 966 574 1003 possem
596 953 824 998 doctrinam,
847 967 924 990 una
945 967 1031 990 cum
1056 953 1260 1004 Astyphilo
1289 954 1424 991 eodem
1449 954 1486 990 in
1506 953 1597 990 ludo
1618 966 1701 989 sum

256 1014 441 1052 eruditus.
472 1016 560 1056 Qua
577 1014 624 1052 de
645 1027 683 1051 re
700 1015 931 1052 confirmans
952 1014 1024 1052 hoo
1040 1015 1299 1053 testimonium
1317 1028 1412 1065 cape
1429 1022 1471 1051 tu
1487 1014 1575 1051 mihi
1591 1021 1704 1064 atque

256 1076 384 1121 recita,
406 1083 486 1114 tum
517 1075 678 1113 alterum
706 1076 809 1114 istud
829 1076 1097 1128 magistrorum
1119 1076 1167 1114 ad
1187 1089 1347 1126 quorum
1366 1075 1478 1113 ludos
1499 1075 1614 1114 ambo
1632 1087 1702 1112 nos

256 1151 332 1175 una
350 1146 538 1176 ltawmus.

802 1231 1160 1269 TESTIMONIA.

257 1327 375 1364 Porro
395 1326 583 1377 praedium
602 1325 698 1363 illud
726 1325 830 1375 quod
857 1325 920 1362 ille
949 1339 970 1362 a
997 1334 1103 1377 patre
1124 1338 1194 1363 suo
1216 1326 1394 1369 habebat,
1409 1323 1574 1375 judices,
1595 1330 1704 1374 pater

255 1401 362 1426 meus
392 1397 430 1425 et
461 1388 554 1425 satis
583 1395 622 1424 et
652 1387 848 1424 arboribus
873 1387 1057 1437 plantatis
1085 1387 1256 1426 excoluit
1282 1386 1487 1436 effecitque
1514 1394 1555 1422 ut
1583 1385 1702 1436 duplo

253 1449 373 1500 pluris
403 1448 544 1486 valeret
571 1462 686 1499 quam
717 1448 889 1498 primitus
915 1448 1114 1487 valuisset.
1174 1449 1299 1487 Etiam
1321 1448 1393 1486 hac
1413 1448 1461 1486 de
1477 1461 1517 1486 re
1538 1460 1605 1486 vos
1626 1448 1701 1485 huc

256 1512 494 1557 adscendite,
517 1512 582 1562 qui
602 1511 690 1549 mihi
710 1510 912 1549 testemini.

870 1632 1082 1672 TESTES.

254 1730 463 1779 Postquam
481 1726 620 1765 deinde
642 1727 865 1778 Astyphilus
895 1727 1079 1765 scrutinio
1099 1728 1224 1765 aetatis
1245 1728 1347 1779 apud
1369 1727 1589 1765 archontem
1610 1727 1704 1765 tole-

251 1798 335 1829 rato
357 1791 540 1842 probatus
560 1789 699 1839 dignus
718 1789 790 1826 fuit
809 1788 961 1826 habitus
982 1799 1096 1839 atque
1114 1789 1275 1826 idoneus
1292 1788 1471 1838 gerendae
1490 1801 1570 1825 suae
1586 1788 1701 1839 ipsius

251 1852 394 1897 tutelae,
416 1850 686 1902 patrimonium
708 1863 730 1887 a
750 1863 819 1887 suo
840 1858 946 1900 patre
968 1850 1038 1887 sibi
1057 1850 1229 1887 relictum
1251 1863 1273 1887 a
1292 1862 1379 1887 meo
1393 1849 1571 1887 traditum
1588 1863 1700 1888 acce—

251 1914 309 1966 pit
325 1913 473 1951 salvum
493 1920 607 1962 atque
626 1911 815 1962 integrum
839 1911 909 1948 rite
937 1911 1199 1961 legitimeque,
1218 1911 1271 1948 ita
1300 1919 1342 1947 ut
1365 1910 1593 1960 Astyphilus
1613 1910 1699 1948 ideo

252 1987 452 2025 nunquam
472 1987 558 2011 cum
579 1983 687 2025 patre
707 1986 792 2010 meo
819 1980 979 2023 questus
998 1973 1056 2011 sit.
1115 1972 1368 2010 Postmodum
1396 1985 1562 2009 sororem
1586 1973 1700 2024 Asty-

252 2036 347 2088 phili
373 2036 508 2073 eodem
537 2042 644 2086 patre
673 2047 760 2072 curn
791 2034 873 2084 ipso
900 2047 1007 2071 usam
1033 2033 1088 2084 [h.
1104 2047 1138 2071 e.
1159 2032 1410 2084 Euthycrate]
1433 2032 1701 2083 despondebat

251 2111 361 2136 meus
380 2104 489 2148 pater
506 2097 540 2134 ei
559 2096 652 2143 viro,
669 2095 732 2146 qui
749 2096 782 2133 ei
802 2095 1001 2133 videbatur
1020 2095 1180 2132 idoneus
1202 2108 1300 2140 esse,
1315 2101 1353 2131 et
1372 2095 1411 2131 in
1429 2094 1582 2144 reliquis
1603 2107 1697 2144 quo—

251 2173 326 2211 que
344 2159 514 2209 partibus
531 2158 584 2195 rei
600 2157 796 2195 familiaris
811 2156 1074 2209 gubernandae
1094 2155 1271 2193 omnibus
1287 2163 1426 2206 praesto
1444 2155 1476 2192 ei
1491 2155 1581 2192 fuit:
1612 2168 1700 2205 quae

253 2221 382 2260 omnia
400 2219 628 2271 Astyphilus
657 2227 739 2257 rata
769 2229 807 2258 et
835 2227 995 2269 accepta
1023 2219 1094 2257 sibi
1121 2218 1268 2264 habuit,
1291 2219 1512 2257 existimans
1534 2219 1700 2256 benevo-

250 2283 394 2328 lentiae‚
416 2293 494 2331 qua
521 2288 629 2331 pater
655 2293 763 2318 meus
785 2294 826 2318 se
846 2272 1154 2331 amplecteretur,
1174 2280 1266 2318 satis
1287 2281 1530 2331 perspicuum
1551 2280 1701 2330 cepisse
1727 2312 1730 2315 .

254 2345 526 2384 documentum
547 2355 593 2380 eo
613 2341 717 2393 quod
746 2349 857 2392 pater
882 2355 990 2380 meus
1011 2355 1051 2380 se
1071 2355 1094 2380 a
1121 2354 1237 2392 puero
1258 2341 1347 2379 iude
1368 2341 1577 2378 educasset
1595 2340 1700 2378 domi

253 2421 334 2447 suae
353 2414 392 2445 et
410 2407 447 2444 in
469 2405 554 2443 sinu
577 2417 665 2442 suo,
721 2403 792 2441 Illa
810 2416 900 2441 vero
919 2404 966 2440 de
987 2403 1073 2440 filiae
1094 2403 1338 2455 Euthycratis
1359 2402 1657 2455 desponsatione
1677 2415 1700 2440 a

250 2476 358 2521 patre
378 2480 460 2505 meo
475 2466 577 2505 sacta
596 2465 635 2503 hi
654 2465 719 2516 qui
732 2464 879 2503 conscii
892 2472 983 2502 sunt
1000 2464 1107 2502 vobis
1127 2466 1380 2503 testabuntur.

871 2581 1083 2618 TESTES.

255 2671 424 2708 Deorum
443 2680 557 2721 porro
575 2667 626 2705 ad
645 2667 736 2705 fana
754 2667 902 2717 quoties
923 2674 1030 2717 pater
1049 2679 1159 2704 meus
1178 2666 1263 2711 iret,
1279 2665 1521 2715 Astyphilum
1542 2678 1697 2716 quoque

253 2731 379 2769 adhuc
400 2743 559 2781 puerum
578 2742 656 2767 una
674 2742 825 2767 mecum
846 2728 1023 2766 adduxit:
1053 2727 1164 2765 etiam
1186 2726 1222 2763 in
1251 2725 1397 2763 thiasos
1420 2726 1497 2776 [vel
1518 2726 1699 2776 collegia]

255 2793 435 2831 Herculis
456 2805 540 2829 eum
561 2790 782 2837 introduxit,
802 2803 880 2841 quo
899 2789 1142 2840 participaret
1156 2788 1259 2825 illam
1275 2787 1607 2837 communionem3
1629 2801 1697 2827 cu·

247 2855 311 2906 jus
329 2854 383 2893 rei
401 2861 519 2892 testes
535 2852 645 2892 vobis
663 2860 775 2891 sunto
796 2852 836 2890 hi
857 2851 1033 2890 thiasotae
1054 2851 1138 2900 [seu
1156 2847 1420 2900 coepulones].
