1870 3277
754 207 827 244 DE
859 206 1014 244 BIGIS.
1542 207 1618 244 243

149 308 359 346 exercitum
381 309 417 345 in
437 309 614 348 omnibus
639 311 781 361 pugnis
810 308 992 347 exsistere
1020 307 1138 358 longe
1165 308 1430 358 superiorem?
1477 310 1530 346 At
1553 309 1617 347 ille

147 367 310 407 alterum
324 369 552 408 adolescens
569 371 733 422 adeptus
749 377 821 417 est,
838 369 1001 408 alterum
1016 369 1098 420 jam
1116 376 1209 407 natu
1226 369 1405 420 grandior
1425 371 1615 421 praestitit.

204 430 265 467 13.
295 430 475 469 Posthaec
504 440 665 471 matrem
695 444 820 470 meam
844 443 1003 469 uxorem
1030 430 1156 469 duxit.
1216 430 1317 468 Nam
1339 437 1378 468 et
1399 431 1501 470 hanc
1528 445 1616 470 eum

145 491 289 540 praemii
310 491 397 530 loco
414 500 568 544 propter
587 490 1034 532 excellentem'virtutem
1055 492 1257 543 accepisse
1278 505 1435 530 censeo.
1494 494 1617 543 Cujus

145 559 257 602 pater
286 554 542 606 Hipponicus,
566 568 685 605 quum
714 562 753 592 et
781 554 918 606 opibus
948 555 1092 605 primus
1126 561 1231 592 esset
1257 553 1356 591 inter
1385 554 1546 592 Graecos
1580 564 1620 593 et

148 627 290 664 genere
315 617 467 654 nemine
493 615 632 654 civium
655 615 809 654 inferior
829 622 868 653 et
888 615 968 654 suis
989 615 1223 667 temporibus
1241 615 1279 652 in
1302 628 1452 653 summo
1472 615 1619 653 honore

148 682 187 713 et
217 676 468 715 admiratione
495 677 664 723 habitus,
693 690 891 728 quumque
924 676 1039 714 filiam
1068 689 1182 728 porro
1213 689 1301 714 curn
1330 676 1422 715 dote
1452 677 1620 714 maxima

151 745 191 775 et
205 737 327 788 gloria
345 738 487 789 insigni
507 745 607 777 esset
623 738 856 784 elocaturus,
875 751 1008 776 omnes
1028 745 1068 776 et
1087 738 1244 789 quidem
1265 743 1445 788 optarent
1463 738 1619 789 nuptias

150 798 251 845 illas,
275 799 468 850 principes
495 813 585 838 vero
611 807 762 838 tanturn
790 800 990 846 ambirent,
1013 806 1160 851 patrem
1190 812 1317 837 meum
1347 798 1542 838 delectum
1572 811 1620 837 ex

151 862 328 899 omnibus
349 875 532 913 generum
554 863 769 913 adjungere
789 861 1036 900 desideravit.

208 925 268 961 14.
300 924 414 962 Circa
433 925 567 963 eadem
589 932 764 976 tempora
784 938 902 976 quum
923 925 1070 963 videret
1085 924 1332 975 Olympicam
1355 924 1619 963 celebritatem

149 985 197 1022 ab
228 985 406 1025 omnibus
436 987 555 1025 amari
583 987 819 1038 maximique
849 986 940 1033 fieri,
961 993 1000 1024 et
1020 986 1185 1024 Graecos
1213 986 1264 1024 ibi
1291 992 1330 1024 et
1356 999 1449 1037 opes
1474 999 1562 1024 suas
1585 989 1624 1025 et

150 1047 248 1086 vires
274 1056 313 1087 et
339 1049 580 1101 ingeniorum
609 1050 878 1088 dexteritatem
906 1056 1113 1096 ostentare,
1133 1063 1206 1087 nee
1231 1062 1297 1087 eos
1321 1056 1472 1087 tanturn
1493 1049 1621 1100 quise

151 1109 202 1148 ibi
228 1112 327 1150 bene
353 1113 562 1164 gessissent
588 1113 626 1150 in
653 1112 907 1151 admiratione
927 1125 1028 1159 esse,
1049 1112 1118 1150 sed
1140 1118 1181 1149 et
1199 1124 1331 1149 eorum
1352 1112 1418 1162 qui
1438 1111 1625 1150 vicissent

151 1174 266 1212 urbes
298 1175 494 1222 celebrari,
523 1181 788 1226 praetereaque
821 1187 983 1213 munera
1016 1187 1105 1225 quae
1139 1173 1202 1211 hic
1241 1174 1439 1211 obirentur
1472 1173 1623 1212 civibus

153 1233 285 1273 deberi
314 1249 383 1287 pro
411 1250 450 1274 re
476 1236 655 1275 familiari
682 1250 728 1274 ac
752 1236 915 1288 privata,
935 1249 1024 1286 quae
1048 1248 1138 1273 vero
1166 1235 1204 1272 in
1229 1234 1331 1272 illam
1361 1234 1625 1273 celebritatem

152 1297 417 1335 conferrentur
448 1298 497 1336 ad
526 1311 660 1337 omnes
686 1298 877 1349 pertinere
904 1297 1067 1335 Graecos
1096 1303 1135 1334 et
1161 1309 1230 1348 pro
1257 1296 1459 1347 republica
1489 1303 1626 1334 nostra

153 1358 246 1405 fieri,
263 1359 346 1397 haec
363 1360 518 1410 inquam
535 1368 734 1410 reputans,
751 1360 928 1410 quamvis
944 1372 1015 1397 nec
1032 1358 1187 1410 ingenio
1203 1371 1275 1396 nec
1292 1359 1430 1396 robore
1447 1358 1623 1408 corporis

153 1419 222 1456 ulli
248 1420 416 1467 cederet,
436 1420 617 1472 gymnica
640 1427 769 1459 tamen
791 1420 1004 1458 certamina
1024 1419 1219 1470 despexit,
1239 1432 1356 1470 quum
1377 1419 1492 1457 sciret
1512 1419 1626 1470 pugi-

152 1481 233 1519 lum
250 1482 458 1520 nonnullos
473 1490 512 1521 et
526 1482 682 1521 sordido
699 1495 838 1533 genere
853 1490 958 1520 ortos
975 1488 1014 1519 et
1028 1480 1185 1519 minime
1200 1480 1410 1518 liberaliter
1427 1480 1625 1519 institutos

152 1557 234 1582 esse
255 1552 293 1582 et
310 1544 347 1581 in
368 1545 542 1583 obscuris
561 1544 754 1596 oppidulis
775 1543 962 1590 habitare,
982 1555 1115 1580 verum
1137 1541 1187 1579 ad
1207 1541 1372 1579 alendos
1392 1554 1512 1591 equos
1541 1542 1623 1580 ani-

150 1617 256 1642 mum
276 1605 432 1656 adjecit,
452 1605 557 1656 quod
579 1612 621 1643 ut
638 1604 948 1643 beatissimorum
970 1616 1110 1641 munus
1131 1609 1204 1650 est,
1221 1602 1275 1641 sic
1293 1615 1406 1641 nemo
1421 1602 1506 1641 vilis
1526 1616 1626 1654 prae-

152 1673 253 1706 stare
279 1674 410 1718 queat,
438 1681 512 1706 nec
542 1680 607 1706 eos
633 1674 781 1705 tantum
809 1666 874 1717 qui
905 1673 985 1704 turn
1018 1679 1108 1704 cum
1138 1679 1184 1704 eo
1217 1664 1523 1712 contendebant,
1554 1665 1624 1704 sed

151 1742 285 1767 omnes
306 1730 371 1780 qui
390 1742 561 1781 unquam
582 1729 768 1775 vicerant,
790 1728 999 1780 superavit.
1059 1727 1162 1766 Nam
1184 1734 1223 1766 et
1242 1733 1300 1765 tot
1316 1727 1427 1778 bigas
1449 1727 1623 1774 immisit,

153 1798 249 1842 quot
276 1791 375 1842 bigis
405 1804 451 1829 ne
475 1790 653 1829 maximae
679 1791 835 1841 quidem
859 1791 973 1828 urbes
993 1796 1252 1836 certaverunt,
1273 1796 1312 1826 et
1332 1795 1412 1826 tam
1434 1789 1625 1839 egregias,

152 1859 195 1890 ut
215 1859 254 1890 et
273 1852 418 1903 primus
440 1859 543 1891 esset
564 1860 603 1891 et
628 1852 824 1891 secundus
847 1858 888 1889 et
910 1850 1060 1889 tertius.
1118 1850 1181 1888 Ad
1201 1849 1288 1888 haec.
1308 1849 1347 1886 in
1370 1849 1568 1888 sacrificiis
1588 1857 1629 1889 et

154 1914 237 1952 aliis
256 1928 354 1965 quos
375 1915 480 1953 feriae
505 1914 583 1952 illae
611 1914 792 1952 solennes
820 1913 1020 1964 requirunt
1048 1912 1267 1964 sumptibus
1295 1918 1404 1949 tanta
1430 1911 1505 1948 fuit
1530 1911 1626 1950 libe-

153 1976 302 2014 ralitate
334 1984 372 2014 et
405 1976 704 2028 magnificentia,
735 1983 777 2013 ut
808 1974 969 2013 aliorum
999 1975 1167 2025 publicae
1200 1987 1294 2025 opes
1332 1973 1431 2011 illius
1467 1973 1625 2024 privatis

155 2038 320 2076 minores
352 2039 598 2076 haberentur.
657 2038 835 2088 Denique
865 2036 921 2074 sic
947 2037 996 2073 ab
1026 2035 1094 2074 illa
1124 2035 1332 2074 festivitate
1358 2034 1551 2081 discessit,
1583 2041 1627 2074 ut

152 2100 370 2151 principum
391 2101 555 2138 virorum
577 2099 739 2137 felicitas
760 2111 839 2150 prae
863 2099 948 2149 ejus
977 2097 1099 2148 gloria
1126 2110 1245 2147 parva
1264 2096 1473 2141 videretur,
1493 2104 1532 2134 et
1559 2097 1625 2148 qui

153 2175 200 2201 eo
232 2169 402 2214 tempore
430 2163 604 2201 vicerant
630 2163 667 2199 in
696 2160 949 2199 admiratione
977 2173 1061 2198 esse
1091 2158 1326 2205 desinerent,
1353 2164 1392 2196 et
1417 2158 1476 2204 iis,
1496 2158 1562 2208 qui
1586 2159 1624 2195 in

151 2232 348 2278 posterum
369 2238 490 2276 equos
509 2225 609 2263 alere
630 2224 891 2268 instituerent,
912 2222 1006 2260 nihil
1027 2221 1163 2272 reliqui
1180 2221 1325 2259 faceret
1340 2233 1417 2271 quo
1433 2220 1627 2258 excellen-

152 2288 243 2326 tiam
272 2288 393 2340 ipsius
423 2294 662 2339 superarent.
720 2286 808 2324 Jam
837 2286 885 2323 de
916 2285 997 2336 ejus
1026 2284 1062 2321 in
1092 2283 1165 2322 hac
1195 2284 1288 2320 urbe
1314 2282 1566 2320 aedilitatibus
1588 2290 1627 2320 et

153 2349 470 2401 gymnasiarchiis
490 2358 527 2388 et
548 2347 778 2387 trierarcliiis
806 2347 932 2385 dicere
954 2359 1014 2384 me
1033 2345 1169 2397 pudet.
1224 2344 1392 2382 Tantum
1415 2344 1516 2380 enim
1538 2343 1623 2381 aliis

152 2412 388 2458 antecelluit,
411 2418 451 2448 ut
477 2411 542 2462 qui
568 2410 724 2449 tenuius
750 2422 865 2461 quam
892 2409 956 2447 ille
985 2421 1043 2446 res
1071 2421 1134 2446 eas
1162 2406 1479 2452 administrarint,
1499 2419 1545 2443 ex
1563 2405 1624 2444 his

153 2486 194 2512 se
226 2473 328 2524 ipsos
360 2473 538 2510 laudibus
568 2473 753 2510 efferant:
783 2484 851 2522 pro
884 2470 952 2508 illo
981 2483 1068 2508 vero
1100 2469 1130 2507 si
1160 2470 1243 2520 quis
1276 2468 1390 2506 etiam
1426 2473 1623 2505 tantorum

153 2543 379 2587 sumptuum
399 2535 560 2585 gratiam
583 2540 786 2585 repeteret,
808 2532 857 2571 de
878 2533 1005 2584 parvis
1026 2533 1144 2570 verba
1162 2533 1289 2569 facere
1309 2530 1427 2567 videri
1447 2530 1582 2581 possit.

210 2600 272 2636 15.
303 2597 420 2639 Quod
449 2603 576 2634 autem
606 2596 654 2633 ad
683 2595 872 2646 rempubl.
893 2595 1045 2640 attinet,
1065 2606 1137 2631 nec
1165 2593 1267 2630 enim
1295 2591 1368 2629 hoe
1392 2592 1622 2642 praetermit-

153 2659 312 2698 tendum
338 2666 411 2704 est,
433 2656 761 2710 quemadmodum
787 2670 872 2695 eam
900 2669 969 2694 nee
990 2656 1073 2707 ipse
1095 2654 1277 2705 neglexit,
1297 2653 1420 2692 multo
1440 2653 1485 2692 iis
1507 2655 1622 2693 etiam

155 2734 316 2772 quorum
338 2733 489 2759 summa
509 2720 631 2772 gloria
650 2728 709 2758 est
727 2720 765 2757 in
782 2719 966 2771 populum
984 2717 1278 2756 benevolentior
1296 2723 1333 2753 et
1348 2717 1624 2756 beneficentior

154 2781 328 2824 exstitit
360 2794 448 2820 nam
482 2781 579 2820 alios
609 2787 766 2833 propter
794 2780 1023 2830 semetipsos
1055 2778 1264 2816 seditiones
1303 2777 1504 2824 excitasse,
1536 2793 1622 2817 eum

155 2856 244 2881 vero
264 2855 333 2893 pro
353 2843 458 2880 vobis
477 2842 650 2894 pericula
669 2842 832 2880 subiisse
852 2841 1098 2891 reperiemus.
1158 2838 1246 2876 Non
1266 2837 1366 2876 enim
1384 2839 1488 2889 quod
1504 2841 1625 2890 repel-

155 2906 299 2943 leretur
332 2904 380 2940 ab
414 2903 637 2954 oligarcliia
664 2903 747 2950 sed,
776 2916 894 2954 quum
929 2901 976 2939 ad
1008 2914 1092 2938 cam
1126 2906 1402 2945 accerseretur,
1428 2901 1622 2951 popularis

157 2966 251 3003 suit:
283 2972 334 3013 ct,
350 2979 468 3015 quum
485 2978 587 3016 saepe
603 2965 774 3004 licuisset
793 2978 867 3003 non
885 2970 1033 3002 tuntum
1056 2962 1139 3001 aliis
1160 2962 1348 3014 imperare
1370 2976 1456 3001 eum
1477 2963 1622 3014 paucis,
