1870 3277
427 178 499 217 DE
529 177 877 216 APOLLODORI
909 173 1273 214 HEREDITATE.
1499 173 1574 208 375

142 278 359 332 [Eupolidis
376 279 469 326 filia,
487 279 718 331 Pronapidis
735 277 863 326 uxor].
918 277 1016 321 Quae
1034 282 1074 314 ut
1092 281 1240 314 constet
1261 289 1283 314 a
1301 287 1362 313 me
1381 286 1470 313 vera
1488 273 1579 320 dici,

139 349 258 380 testes
277 340 413 380 harum
431 354 558 380 rerum
578 348 619 379 tu
639 340 729 379 mihi
749 340 840 378 cita.

753 438 962 478 TESTES.

195 522 233 557 5.
263 520 325 558 Ad
349 520 450 559 hunc
481 519 635 558 modum
661 530 736 555 uon
758 522 934 567 gennetae
961 515 1201 553 solummodo
1226 527 1350 564 neque
1374 513 1572 565 phratores

143 581 190 619 de
208 595 294 619 mea
306 582 553 632 adoptatione
573 579 699 618 testati
721 584 826 622 sunt,
841 577 910 615 sed
925 576 1038 615 etiarn
1052 576 1311 627 Thrasybulus
1331 588 1389 620 e0,
1405 576 1507 625 quod
1528 576 1576 613 de

144 642 368 693 Apollodori
391 642 601 680 hereditate
622 652 771 677 mecum
800 651 878 676 non
906 638 1117 685 contendit,
1144 638 1227 688 ipso
1246 637 1347 675 facto
1373 637 1579 674 declaravit

146 716 187 741 se
207 704 420 742 existimare
439 704 486 740 ab
506 700 741 752 Apollodoro
762 699 970 738 constituta
989 706 1072 737 rata
1095 712 1184 737 esse
1198 698 1350 749 jurique
1369 698 1467 736 civili
1485 710 1579 735 con-

146 772 355 802 sentanea:
388 776 474 801 nam
495 763 525 800 si
546 762 648 799 irrita
665 761 729 799 illa
746 760 975 811 legibusque
996 760 1155 798 adversa
1173 760 1384 805 habuisset,
1410 760 1582 810 profecto

146 838 224 864 non
245 825 496 864 commisisset
522 832 565 863 ut
584 831 660 862 tam
688 823 854 874 amplam
879 822 1126 861 hereditatem
1148 821 1186 859 in
1214 821 1298 872 jure
1320 828 1449 872 petere
1469 821 1581 859 omit-

145 893 254 926 teret.
308 887 449 925 Verum
470 893 559 924 sunt
576 884 811 936 Apollodoro
835 884 930 935 patri
950 896 1034 921 meo
1054 883 1100 920 de
1121 882 1277 921 veritate
1308 895 1401 919 meae
1421 881 1583 932 adopta-

148 948 260 986 tionis
291 947 354 986 alii
386 960 538 998 quoque
567 953 699 984 testes.
755 945 856 982 Nam
884 944 1104 996 priusquam
1130 956 1204 993 ego
1231 956 1252 980 e
1283 942 1384 980 ludis
1411 941 1584 993 Pythicis

147 1008 321 1054 redirem,
353 1008 406 1046 ita
438 1021 526 1046 cum
555 1006 718 1045 demotis
747 1007 831 1056 [seu
859 1004 1172 1055 municipalibus]
1200 1004 1278 1055 egit
1304 1003 1580 1054 Apollodorus-2

150 1069 200 1107 Se
218 1069 355 1107 fecisse
374 1075 418 1107 ut
435 1082 509 1120 ego
532 1068 603 1119 ipsi
621 1067 718 1105 filius
739 1066 939 1118 adoptaret
955 1073 1070 1116 atque
1088 1071 1132 1102 ut
1149 1077 1288 1103 nomen
1308 1077 1434 1102 meum
1459 1065 1496 1101 in
1517 1077 1584 1102 co-

152 1129 276 1168 dicem
296 1137 544 1180 cognatorum
567 1136 680 1179 atque
705 1129 940 1180 phratorum,
962 1140 1032 1165 ceu
1052 1126 1118 1164 filii
1143 1127 1215 1172 sui,
1234 1126 1446 1171 inferretur,
1463 1124 1586 1163 facul-

150 1197 324 1242 tatesque
341 1190 432 1229 mihi
448 1190 671 1234 tradidisse;
701 1190 880 1242 quocirca
892 1187 1033 1226 hortari
1053 1201 1093 1226 se
1112 1187 1284 1225 demotas
1303 1193 1359 1233 ut,
1380 1186 1411 1224 si
1427 1187 1474 1224 ab
1494 1186 1590 1225 hora

151 1252 257 1289 fatali
276 1252 561 1303 opprimeretur,
586 1251 807 1302 priusquam
833 1249 1031 1294 redissem,
1057 1249 1096 1286 in
1117 1248 1290 1287 codicem
1315 1260 1426 1285 suum
1454 1246 1591 1285 lexiar-

152 1313 302 1351 chicum
328 1326 468 1350 nomen
494 1326 620 1350 meum
646 1313 856 1351 inscribant
879 1311 954 1349 hoc
984 1310 1097 1348 titulo
1137 1309 1345 1358 Thrasyllus
1372 1309 1590 1358 Apollodori,

154 1387 248 1412 neve
275 1381 407 1412 contra
435 1374 568 1411 faxint.
625 1374 676 1411 Et
701 1373 755 1411 illi
782 1372 935 1423 quidem
964 1371 1232 1422 [municipales
1252 1369 1490 1420 Apollodori]
1510 1369 1591 1408 istis

154 1438 220 1487 [ex
252 1433 508 1486 Apollodoro]
537 1434 690 1481 auditis,
719 1434 869 1472 tametsi
893 1433 932 1470 hi
961 1432 1168 1483 [Pronapis
1192 1432 1352 1482 ejusque
1378 1430 1593 1479 consortes]

155 1510 286 1536 secum
306 1503 554 1549 quererentur
582 1502 770 1547 negantes
789 1507 852 1533 me
874 1494 940 1546 [ab
967 1492 1221 1544 Apollodoro]
1249 1492 1472 1543 adoptatum
1495 1504 1593 1538 esse,

155 1566 298 1604 tamen,
326 1565 365 1596 et
380 1564 571 1609 praecepto
590 1557 688 1596 istoc
706 1556 929 1608 Apollodori
948 1556 1041 1594 moti
1067 1568 1273 1605 eorumque
1299 1567 1486 1592 memores
1505 1569 1594 1606 quae

155 1619 227 1671 ipsi
247 1619 293 1658 de
309 1619 553 1670 adoptatione
568 1618 640 1656 mei
649 1618 731 1670 jam
746 1617 890 1656 dudum
905 1623 993 1655 ante
1009 1623 1090 1654 tum
1105 1615 1333 1654 audiverant
1351 1622 1430 1654 tum
1443 1623 1592 1662 norant,

153 1680 405 1733 jurejurando
424 1693 490 1731 per
515 1693 626 1718 sacra
649 1680 767 1726 dicto,
787 1681 825 1718 in
850 1679 1121 1718 lexiarchicum
1145 1679 1353 1716 intulerunt
1378 1692 1503 1717 meum
1524 1693 1594 1718 no·-

160 1755 247 1780 men
279 1754 324 1780 eo
354 1748 481 1792 pacto,
511 1754 586 1792 quo
618 1741 658 1779 id
691 1741 907 1780 faciendum
936 1741 1001 1779 ille
1029 1739 1322 1791 [Apollodorus]
1350 1748 1595 1792 praeceperat.

160 1803 253 1841 Tam
270 1809 414 1841 certum
426 1816 543 1854 penes
558 1816 622 1841 eos
638 1802 897 1854 liquidumque
911 1815 1007 1841 meae
1023 1801 1279 1852 adoptationis
1291 1808 1372 1839 erat
1385 1803 1596 1853 negotium.

163 1865 264 1904 Vera
282 1865 366 1904 haec
385 1877 446 1903 me
465 1865 592 1903 dicere
610 1865 850 1902 testabuntur
867 1864 906 1902 hi
925 1870 1056 1911 testes,
1074 1875 1174 1914 quos
1190 1870 1231 1901 tu
1249 1861 1339 1900 mihi
1357 1863 1444 1901 cita.

774 1965 987 2004 TESTES.

216 2051 255 2087 6.
286 2048 424 2086 Coram
443 2054 501 2085 tot
519 2048 692 2093 testibus,
713 2046 877 2098 judices,
898 2053 1048 2097 gestum
1065 2047 1138 2085 fuit
1153 2046 1226 2086 hoc
1250 2046 1505 2099 adoptationis
1531 2061 1600 2087 ne-

165 2110 310 2162 gotium
330 2111 378 2147 ab
405 2109 654 2161 Apollodoro,
675 2109 736 2147 cui
763 2121 851 2147 cum
870 2108 930 2146 his
951 2108 1166 2160 [Eupolidis
1186 2108 1424 2159 domesticis]
1449 2116 1602 2149 vetusta

167 2171 338 2210 simultas
368 2170 641 2216 intercedebat,
673 2169 872 2208 nobiscum
905 2175 1030 2207 autem
1059 2176 1196 2220 praeter
1226 2176 1368 2207 arctam
1401 2171 1600 2221 sanguinis

165 2232 488 2271 necessitudinem
525 2231 650 2270 adhuc
686 2244 840 2282 quoque
870 2243 1018 2268 summa
1048 2231 1200 2269 caritas.
1264 2231 1600 2271 verumenimvero

167 2292 313 2332 etiamsi
327 2299 501 2331 neutrum
520 2292 653 2330 horum
672 2292 821 2338 fuisset,
839 2305 962 2343 neque
983 2292 1152 2330 simultas
1171 2305 1258 2330 cum
1272 2291 1330 2330 his
1350 2306 1472 2343 neque
1492 2294 1600 2331 fami-

167 2355 309 2393 liaritas
328 2355 541 2400 nobiscum,
559 2366 754 2405 nunquam
772 2361 899 2392 tamen
921 2354 1179 2405 Apollodorus
1197 2355 1300 2392 bona
1314 2367 1384 2392 sua
1400 2354 1437 2391 in
1463 2354 1599 2393 horum

167 2423 358 2469 potestate
385 2414 620 2466 reliquisset;
650 2415 689 2452 id
706 2415 810 2466 quod
835 2414 944 2453 facile
962 2428 1031 2454 vos
1052 2429 1073 2454 e
1097 2428 1185 2453 mox
1205 2415 1377 2453 dicendis
1399 2415 1600 2466 colligetis.

171 2477 316 2516 Omnes
346 2476 508 2515 animam
528 2476 716 2527 agitantes
736 2476 873 2515 sedulo
892 2484 1030 2515 cavent
1047 2477 1135 2522 hoc,
1154 2484 1197 2514 ut
1215 2476 1352 2514 domus
1382 2489 1461 2514 suae
1487 2477 1600 2516 deso-

169 2539 258 2578 latae
277 2551 323 2576 ne
340 2538 447 2584 fiant,
467 2537 535 2576 sed
555 2543 597 2575 ut
621 2538 671 2575 sit
687 2539 752 2589 qui
779 2538 953 2576 manibus
978 2538 1056 2576 suis
1075 2537 1229 2576 inferias
1248 2537 1383 2576 inferat
1402 2544 1439 2575 et
1458 2538 1603 2589 reliqua.

165 2600 273 2656 justa
290 2599 429 2638 faciat:
459 2606 704 2652 quapropter,
723 2599 754 2638 si
773 2599 838 2652 qui
856 2599 1035 2651 improles
1057 2599 1127 2650 ipsi
1155 2599 1243 2644 sint,
1262 2605 1389 2637 tamen
1406 2597 1505 2637 filios
1528 2601 1600 2639 sibi

172 2673 237 2712 per
263 2660 545 2712 adoptationem
567 2666 756 2711 arrogant,
775 2673 871 2712 quos
899 2660 1137 2710 nominisque
1157 2661 1419 2710 bonorumque
1444 2672 1600 2699 suorum

173 2723 333 2761 heredes
347 2724 577 2775 relinquunt.
615 2724 754 2776 Neque
765 2724 938 2775 privatim
955 2722 1194 2761 solummodo
1206 2730 1384 2761 censetur
1398 2723 1472 2762 hoc
1484 2724 1550 2775 jus
1564 2732 1605 2763 et

174 2785 232 2822 fas
260 2797 344 2823 esse
374 2791 486 2835 atque
510 2793 721 2831 exercetur,
750 2785 818 2823 sed
844 2785 926 2836 ipsa
944 2797 1094 2834 quoque
1122 2797 1221 2835 resp.
1240 2784 1340 2822 idem
1366 2791 1487 2823 ratum
1515 2799 1602 2824 san-

175 2853 353 2896 ctumque
372 2845 491 2883 voluit
504 2860 611 2885 esse:
639 2847 722 2898 lege
741 2847 839 2885 enim
859 2845 1094 2897 peculiariter
1107 2845 1183 2884 hac
1197 2845 1246 2883 de
1265 2858 1304 2884 re
1319 2845 1396 2884 lata
1409 2847 1606 2886 mandavit

175 2919 271 2958 resp.
292 2906 476 2953 archonti,
505 2914 547 2944 ut
574 2908 770 2958 provideat
792 2921 838 2946 ne
865 2919 952 2957 quae
979 2906 1115 2945 domus
1144 2906 1326 2945 desolatae
1354 2907 1459 2946 fiant.
1514 2908 1600 2944 Jam
