1870 3277
185 190 236 227 26
780 188 1066 228 ISOCRATIS

187 300 226 330 et
242 292 478 343 principatus
495 290 685 336 dividant,
700 297 739 330 et
754 305 840 343 quae
861 292 968 330 lucra
987 304 1091 329 nunc
1109 303 1129 329 a
1145 290 1295 327 (iureis
1313 291 1463 328 auferre
1484 289 1665 333 student..

188 354 398 392 abarbaris
421 360 569 404 petant.

244 417 280 452 3.
312 416 369 452 Ac
386 423 527 452 nostroe
548 415 706 465 quidem
726 416 810 453 urbi
829 415 914 453 hoec
942 415 1052 453 facile
1083 414 1304 465 persuaderi
1323 420 1518 464 poterunt,
1540 413 1662 451 Lace-

189 476 370 514 daemonii
390 485 517 515 autem
541 477 815 528 pertinaciores
838 477 962 515 adhuc
985 485 1087 522 sunt,
1108 477 1203 514 salsa
1220 477 1397 514 nimirum
1415 474 1665 526 persuasione

188 537 326 576 imbuti
356 539 518 589 patrium
551 539 620 576 sibi
654 552 739 576 esse
767 540 855 577 belli
887 539 1125 589 temporibus
1157 539 1384 590 imperium:
1423 538 1453 575 si
1474 550 1562 575 vero
1595 536 1666 574 de-

193 607 450 638 monstratum
473 599 544 637 illis
564 600 677 638 fuerit
697 601 801 638 hunc
817 600 1002 638 honorem
1026 599 1075 637 ad
1097 613 1165 638 nos
1192 600 1379 651 pertinere
1402 599 1527 649 potius
1547 609 1664 648 quam

193 661 243 700 ad
273 661 391 712 ipsos,
420 662 564 700 omissa
585 662 761 700 fortassis
795 662 1032 699 accuratiore
1054 662 1157 700 hisce
1187 662 1234 699 de
1255 662 1370 699 rebus
1402 660 1668 711 disputatione

194 723 244 761 ad
276 723 315 760 id
350 724 454 773 quod
489 723 671 775 expediet
702 730 988 762 convertentur.
1047 723 1170 761 Recte
1204 723 1319 774 igitur
1351 722 1466 760 etiam
1494 721 1556 759 alii
1577 721 1666 757 hinc

195 785 323 822 exorsi
339 798 413 822 non
434 785 538 836 prius
561 799 606 823 ea
627 799 714 836 quae
735 786 772 822 in
795 785 978 823 confesso
995 792 1087 822 sunt
1107 784 1270 823 suadere
1291 783 1530 828 debuissent,
1550 795 1665 832 quam

195 846 261 884 illa
281 847 487 897 diligenter
515 848 779 900 explicassent
808 849 856 885 de
885 847 1023 898 quibus
1052 847 1150 885 inter
1171 860 1242 884 nos
1274 846 1397 884 omnis
1423 853 1483 884 est
1510 853 1666 883 contro-

196 910 349 948 versia:
387 923 448 948 me
480 924 570 948 vero
604 919 766 961 utraque
799 910 846 947 de
882 923 1002 948 causa
1034 909 1275 960 potissimum
1310 909 1346 945 in
1383 908 1442 946 his
1478 907 1668 945 immorari

197 971 325 1018 decet,
353 979 435 1010 tum
466 980 507 1010 ut
534 973 679 1023 aliquid
700 973 921 1024 proficiatur
942 972 1162 1022 omissaque
1191 971 1265 1008 hac
1285 971 1383 1008 inter
1408 981 1478 1006 nos
1509 981 1670 1007 concer-

198 1034 343 1072 tatione
376 1034 521 1072 bellum
556 1034 751 1071 communi
783 1033 947 1071 consilio
978 1034 1151 1071 barbaris
1180 1033 1378 1077 inferatur,
1412 1038 1508 1077 tum,
1535 1030 1567 1068 si
1594 1029 1668 1067 hoc

196 1097 328 1147 perfici
360 1097 458 1134 forte
493 1105 675 1147 nequeat,
698 1104 741 1134 ut
769 1109 834 1134 eos
857 1096 1121 1134 demonstrem
1141 1096 1207 1146 qui
1234 1093 1408 1132 felicitati
1439 1093 1670 1130 Graecorum

194 1159 367 1204 obstant,
380 1166 500 1208 utque
522 1171 656 1195 omnes
676 1158 912 1209 perspiciant
941 1164 1112 1195 nostram
1132 1156 1326 1194 civitatem
1347 1162 1386 1193 et
1406 1154 1671 1204 antehacjure

197 1219 312 1257 maris
340 1219 542 1270 imperium
563 1219 734 1256 tenuisse
755 1225 794 1255 et
820 1231 926 1256 nunc
947 1231 1024 1255 non
1045 1217 1182 1268 injuria
1202 1216 1460 1268 principatum
1491 1216 1561 1253 sibi
1582 1228 1673 1253 ven-

198 1282 341 1320 dicare.
400 1282 517 1328 Nam,
547 1282 624 1319 sive
656 1281 695 1318 hi
727 1288 885 1332 propter
916 1281 1102 1331 quaelibet
1131 1265 1348 1317 honorandi
1379 1287 1469 1317 sunt
1498 1280 1564 1330 qui
1593 1292 1675 1317 ma-

199 1345 344 1382 ximum
374 1357 501 1382 rerum
544 1356 656 1381 usum
693 1356 962 1393 summamque
1007 1341 1220 1393 potentiam
1258 1342 1415 1388 habent,
1453 1342 1536 1379 sine
1579 1353 1672 1379 con-

199 1406 387 1444 troversia
407 1406 518 1443 nobis
540 1405 777 1456 principatus
797 1418 911 1454 quem
934 1411 1049 1441 antea
1068 1404 1260 1441 tenuimus
1290 1411 1352 1441 est
1379 1402 1672 1441 restituendus:

198 1480 314 1506 nemo
343 1467 444 1505 enim
463 1467 579 1504 ullam
602 1467 733 1504 urbem
757 1466 939 1503 ostendet
958 1478 1045 1516 quae
1066 1465 1233 1503 terrestri
1253 1465 1357 1503 bello
1377 1472 1527 1503 tantum
1547 1464 1674 1502 valeat

198 1535 388 1580 quantum
420 1535 553 1567 nostra
587 1528 789 1566 navalibus
822 1527 965 1579 pugnis
995 1526 1164 1564 excellit.
1222 1526 1311 1565 Sive
1339 1527 1456 1577 aliqui
1482 1526 1672 1577 judicium

199 1592 275 1630 hoc
305 1591 479 1642 iniquum
517 1591 654 1629 dicunt
688 1603 775 1629 esse
806 1591 1025 1641 multasque
1057 1602 1078 1627 e
1109 1595 1243 1627 contra
1268 1589 1346 1628 fieri
1380 1588 1673 1626 mutationes-

201 1653 438 1705 principatus
462 1654 563 1691 enim
586 1665 785 1702 nunquam
813 1652 918 1704 apud
948 1651 1106 1690 eosdem
1126 1664 1353 1702 permanere
1366 1673 1431 1697 —,
1452 1658 1491 1688 et
1517 1657 1678 1688 conten-

201 1715 303 1754 dunt
321 1716 380 1754 vel
414 1716 460 1754 iis
481 1716 546 1766 qui
566 1715 669 1753 hunc
696 1714 883 1752 honorem
911 1713 1021 1764 primi
1052 1713 1183 1764 adepti
1205 1713 1284 1751 sint
1301 1712 1364 1750 vel
1394 1711 1437 1750 iis
1460 1711 1525 1763 qui
1553 1712 1674 1749 bene·

202 1777 291 1815 ficia
309 1777 475 1829 plurima
494 1777 531 1814 in
556 1777 718 1815 Graecos
739 1775 974 1814 contulerint
1008 1774 1117 1812 illum
1146 1782 1190 1813 ut
1218 1774 1323 1812 aliud
1354 1773 1553 1825 praemium
1585 1785 1675 1810 esse

201 1839 472 1884 deferendum,
492 1839 577 1877 illos
598 1839 713 1876 etiarn
735 1837 935 1875 nobiscum
961 1836 1089 1874 facere
1124 1837 1310 1874 arbitror:
1340 1849 1432 1873 nam
1451 1848 1528 1886 quo
1557 1835 1594 1872 in
1614 1834 1676 1873 his

203 1901 376 1951 utrisque
407 1901 705 1939 considerandis
734 1900 893 1950 longius
922 1899 1170 1951 processeris,
1199 1911 1246 1937 eo
1269 1898 1444 1949 longiore
1471 1896 1676 1935 intervallo

199 1963 400 2002 vincemus
421 1975 488 2000 eos
505 1962 571 2013 qui
587 1962 802 2013 ambigunt.

258 2028 299 2063 4.
330 2026 495 2064 Constat
540 2026 644 2063 enim
689 2031 862 2063 nostram
905 2023 1039 2061 urbem
1085 2028 1126 2060 et
1169 2022 1474 2073 antiquissimam
1513 2035 1600 2060 esse
1637 2029 1677 2060 et

205 2088 417 2128 maximam
438 2094 477 2125 et
501 2087 606 2138 apud
634 2099 769 2124 omnes
796 2085 972 2123 homines
999 2084 1319 2123 celeberrimam:
1351 2083 1425 2121 etsi
1445 2089 1575 2122 autem
1605 2084 1679 2122 hoc

203 2150 339 2202 pulcro
358 2149 617 2187 fundamento
637 2147 808 2192 nitimur,
823 2148 872 2184 ob
892 2160 940 2184 ea
959 2154 1087 2184 tamen
1110 2158 1198 2195 quae
1218 2152 1433 2195 sequuntur
1451 2144 1538 2196 plus
1559 2146 1675 2183 etiam
1718 2185 1720 2187 ,

205 2211 363 2250 honoris
385 2210 497 2248 nobis
528 2218 589 2247 est
612 2208 849 2246 habendum.
910 2208 953 2245 In
974 2208 1048 2246 hac
1068 2207 1169 2245 enim
1198 2213 1299 2245 terra
1319 2207 1373 2245 sic
1391 2205 1611 2244 habitamus
1633 2213 1676 2244 ut

205 2287 280 2312 nec
300 2273 393 2311 alios
426 2271 688 2323 pepulerimus
718 2283 790 2308 nec
810 2282 974 2308 vacuam
1008 2269 1329 2320 occupaverimus
1362 2281 1435 2307 nec
1469 2281 1516 2306 ex
1545 2268 1676 2306 multis

208 2336 390 2387 gentibus
421 2333 610 2385 permisti,
629 2332 699 2370 sed
729 2332 827 2370 adeo
854 2331 1019 2370 honeste
1050 2330 1335 2380 liberaliterque
1365 2330 1446 2367 nati
1476 2330 1611 2377 simus,
1633 2338 1677 2368 ut

206 2410 294 2448 quae
315 2409 387 2434 nos
410 2394 603 2447 produxit,
625 2406 712 2432 eam
731 2401 922 2445 perpetuo
941 2392 1196 2438 tenuerimus,
1212 2405 1302 2430 nam
1326 2391 1522 2442 indigenae
1542 2405 1676 2430 sumus

204 2459 417 2509 urbemque
448 2456 585 2494 iisdem
615 2454 833 2493 nominibus
854 2454 993 2504 quibus
1015 2452 1348 2501 conjunctissimos
1369 2452 1565 2504 appellare
1586 2465 1678 2504 pos-

207 2532 365 2559 sumus:
397 2517 490 2557 solis
511 2518 612 2555 enim
632 2516 743 2555 nobis
763 2529 809 2554 ex
825 2516 1004 2553 omnibus
1021 2515 1173 2553 Graecis
1193 2514 1358 2552 eandem
1378 2521 1418 2553 et
1437 2515 1624 2553 nutricem
1639 2522 1678 2554 et

207 2581 373 2633 patriam
393 2586 432 2618 et
464 2586 624 2617 matrem
647 2590 783 2616 vocare
816 2577 948 2615 datum
969 2583 1042 2615 est.
1101 2576 1229 2614 Decet
1253 2583 1381 2614 autem
1409 2589 1490 2622 eos,
1511 2577 1577 2627 qui
1595 2590 1676 2615 suae

206 2641 534 2693 magnanimitatis
565 2653 722 2680 causam
752 2640 898 2678 habent
927 2647 966 2677 et
989 2639 1076 2690 jure
1110 2638 1159 2676 de
1192 2638 1408 2689 principatu
1435 2639 1678 2678 contendunt

208 2705 399 2756 patriique
423 2703 522 2754 juris
553 2703 787 2741 mentionem
818 2714 923 2753 saepe
957 2701 1117 2746 faciunt,
1136 2700 1213 2750 tale
1249 2700 1308 2738 sui
1338 2700 1488 2751 generis
1517 2701 1676 2752 primor-

207 2766 312 2804 dium
329 2765 498 2817 proferre
519 2777 652 2815 posse.
1060 2807 1063 2809 ‚

263 2830 301 2865 5.
332 2827 431 2871 Quae
460 2826 577 2876 igitur
596 2838 619 2864 a
637 2826 759 2876 primo
779 2825 892 2863 nobis
912 2831 999 2863 ortu
1018 2824 1268 2875 contigerunt
1297 2835 1395 2873 aque
1424 2822 1582 2862 fortuna
1607 2825 1678 2863 do-

209 2895 302 2928 nata
320 2894 422 2935 sunt,
439 2900 572 2925 eorum
591 2892 702 2925 tanta
717 2885 946 2938 magnitudo
961 2892 1044 2924 est:
1075 2885 1114 2922 in
1130 2885 1225 2923 alios
1245 2891 1372 2923 autem
1395 2893 1542 2936 quanta
1561 2888 1679 2925 bene-

213 2949 299 2990 ficia
312 2947 604 2995 contulerimus,
624 2948 678 2986 ita
699 2947 956 2999 pulcherrime
985 2946 1315 2997 investigabimus,
1337 2946 1367 2984 si
1387 2953 1424 2984 ct
1444 2947 1565 2998 prima
1583 2953 1680 2986 tem-
