1870 3277
653 193 725 230 AD
759 188 1120 229 DEMONlcUM,
1592 191 1612 224 7

163 303 212 327 ex
233 290 316 328 aliis
336 290 400 328 tibi
416 290 623 341 quaerenda
636 297 778 335 essent,
795 290 862 329 sed
884 298 926 328 ut
944 290 1031 328 hinc
1052 290 1179 328 omnia
1195 291 1299 328 velut
1319 304 1338 328 e
1360 303 1459 341 penu
1475 291 1614 342 depro-

161 364 299 396 meres,
317 351 422 396 nihil,
437 351 472 388 in
490 364 566 402 quo
582 351 649 389 tibi
668 351 868 389 consulere
890 364 1058 403 possem,
1076 351 1383 402 praetereundum
1405 365 1488 390 esse
1507 352 1612 390 duxi.

162 412 330 462 Magnas
355 420 483 451 autem
504 414 577 452 deo
605 413 748 462 gratias
777 426 891 464 agam
921 413 953 451 si
983 425 1045 450 me
1074 425 1160 463 spes
1190 413 1238 450 de
1265 420 1303 450 te
1329 421 1518 464 concepta
1537 426 1613 452 non

159 473 351 511 fefellerit.
400 474 514 520 Nam,
535 479 576 511 ut
594 473 798 524 plerosque
813 474 909 512 alios
931 473 1026 512 cibis
1040 473 1334 524 jucundissimis
1356 473 1480 524 potius
1497 488 1614 525 quam

161 534 417 573 saluberrimis
437 534 635 579 delectari,
663 533 716 572 sic
737 535 852 572 etiam
874 534 923 572 ad
944 547 1009 572 eos
1031 546 1115 572 sese
1135 533 1281 571 amicos
1302 534 1513 585 adjungere
1532 549 1614 573 cer-

156 596 284 634 nimus
305 597 369 647 qui
392 610 467 634 una
484 596 728 646 delinquunt,
750 610 826 634 non
848 597 894 634 ad
917 610 983 634 eos
1005 595 1068 646 qui
1090 595 1180 633 vitia
1205 596 1504 646 reprehendunt.
1560 597 1614 634 Te

160 669 250 695 vero
280 657 512 695 contrarium
541 658 721 695 statuisse
756 657 948 703 existimo,
980 663 1208 706 argumento
1239 656 1437 694 industriae
1470 663 1546 693 tuae
1578 658 1616 694 in

160 717 243 755 aliis
264 717 477 768 disciplims
498 717 713 756 adductus:
745 731 834 755 nam
856 718 922 768 qui
945 718 1029 768 ipse
1049 717 1119 755 sibi
1145 717 1290 768 optima
1309 730 1471 768 quaeque
1497 718 1615 769 impe-

161 779 269 824 ravit,
299 791 387 816 eum
415 785 719 817 consentaneum
745 786 805 817 est
832 779 946 816 etiam
974 778 1068 816 alios
1095 777 1145 816 ad
1167 778 1342 816 virtutem
1368 778 1616 817 exhortantes

160 841 356 891 amplecti.
394 840 564 878 Maxime
581 849 708 879 autem
725 841 774 878 ad
791 841 958 879 studium
979 841 1224 878 honestarum
1241 853 1364 878 rerum
1384 840 1618 888 incitaberis,

156 900 192 938 si
211 901 504 947 animadvertes,
535 914 600 939 eas
631 900 915 940 verissimarum
945 901 1184 952 voluptatum
1212 914 1299 939 esse
1326 901 1616 952 procreatrices.

163 961 263 998 Nam
279 961 315 998 in
331 960 509 999 socordia
523 961 678 1012 quidem
696 961 934 1011 luxuriaeque
950 974 1080 999 amore
1093 961 1280 999 molestiae
1297 961 1426 1000 statim
1441 962 1617 1013 volupta-

160 1022 261 1059 tibus
281 1021 566 1066 adhaerescunt,
587 1022 737 1059 virtutis
758 1029 887 1060 autem
912 1021 1084 1059 studium
1105 1028 1145 1059 et
1165 1022 1335 1059 sobrium
1356 1022 1442 1060 vitae
1463 1022 1617 1060 institu-

155 1087 239 1119 tum
261 1095 410 1133 semper
425 1083 703 1121 oblectationes
720 1083 889 1120 sinceras
908 1090 1024 1133 atque
1041 1082 1157 1120 etiam
1175 1083 1458 1120 constantiores
1473 1083 1615 1133 gignit:

159 1157 246 1182 nam
264 1145 338 1182 illic
351 1145 539 1196 principio
555 1144 676 1195 gavisi
691 1151 779 1195 post
794 1144 986 1190 dolemus,
1001 1144 1063 1181 hic
1081 1151 1168 1194 post
1185 1144 1382 1182 molestias
1398 1144 1618 1195 voluptates

159 1204 342 1256 capimus.
400 1206 444 1242 In
464 1206 642 1243 omnibus
663 1212 790 1243 autem
813 1205 927 1242 rebus
949 1217 1025 1241 non
1047 1211 1126 1241 tam
1156 1204 1329 1255 principii
1349 1205 1517 1242 solemus
1537 1218 1618 1243 me-

159 1268 315 1306 minisse
334 1282 451 1319 quam
480 1282 596 1306 sensu
624 1268 711 1305 finis
732 1268 848 1306 affici:
877 1281 967 1305 nam
987 1267 1173 1318 pleraque
1196 1267 1234 1304 in
1255 1268 1332 1305 vita
1358 1281 1435 1305 non
1464 1275 1620 1320 propter

160 1342 219 1367 res
240 1329 344 1380 ipsas
364 1330 532 1380 agimus,
555 1329 624 1367 sed
648 1335 801 1380 propter
819 1341 865 1366 ea
885 1342 973 1379 quae
993 1335 1286 1378 consequuntur
1305 1328 1563 1367 elaboramus.

214 1391 250 1427 6.
282 1390 384 1428 Illud
412 1390 502 1427 item
532 1391 680 1440 cogites
703 1390 831 1435 velim,
852 1389 1011 1440 plebeiis
1035 1389 1190 1440 quidem
1216 1388 1435 1427 hominibus
1464 1390 1617 1440 quidvis

159 1452 433 1490 licere—nam
455 1451 531 1489 tale
553 1451 683 1489 statim
703 1450 810 1489 initio
831 1451 918 1489 vitae
943 1464 1023 1488 suae
1048 1450 1341 1488 fundamentum
1360 1451 1617 1502 jece1·unt—-,

158 1512 428 1564 praestantibus
450 1525 540 1550 vero
561 1512 758 1562 negligere
777 1512 955 1550 virtutem
974 1525 1204 1550 concessum
1225 1525 1302 1549 non
1324 1526 1424 1559 esse,
1447 1526 1492 1551 eo
1513 1515 1618 1564 quod

160 1574 301 1612 multos
322 1573 617 1624 reprehensores
638 1573 795 1611 habent.
843 1573 991 1611 Omnes
1011 1573 1112 1611 enim
1133 1586 1210 1611 non
1230 1580 1309 1610 tam
1331 1574 1497 1612 oderunt
1515 1575 1620 1625 flagi-

159 1635 295 1681 tiosos,
317 1648 432 1685 quam
452 1647 518 1672 eos
539 1634 603 1684 qui
626 1634 774 1672 virtutis
795 1634 957 1685 professi
977 1634 1163 1680 studium,
1185 1648 1223 1672 re
1245 1635 1353 1673 nulla
1372 1636 1489 1687 vulgo
1508 1644 1619 1674 ante-

157 1697 322 1735 cellunt:
351 1709 425 1733 nec
446 1696 482 1733 id
501 1695 658 1746 injuria:
691 1709 778 1733 nam
802 1709 920 1746 quum
940 1709 1004 1734 eos
1025 1696 1285 1747 improbemus
1303 1697 1366 1747 qui
1387 1698 1511 1736 verbis
1532 1706 1617 1736 tan-

158 1765 238 1796 tum
260 1757 410 1802 fallunt,
429 1764 573 1807 quanto
594 1757 715 1808 magis
737 1769 802 1794 eos
823 1770 987 1807 nequam
1006 1757 1177 1795 homines
1195 1757 1369 1795 dicemus
1386 1758 1451 1808 qui
1469 1759 1618 1797 nullum

159 1819 196 1857 in
228 1826 308 1857 tota
332 1819 409 1856 vita
437 1831 517 1855 suae
541 1817 740 1868 dignitatis
768 1817 930 1868 gradum
961 1817 1225 1855 retinuerunt?
1269 1819 1329 1855 Ac
1360 1822 1440 1867 ejus
1468 1821 1617 1869 generis

160 1880 332 1918 homines
349 1892 425 1917 non
448 1879 483 1915 in
506 1879 737 1929 semetipsos
758 1884 906 1916 tantum
927 1891 1010 1917 esse
1031 1878 1172 1930 injurii,
1195 1879 1265 1917 sed
1286 1886 1325 1917 et
1344 1879 1508 1918 fortunae
1528 1895 1618 1932 pro-

160 1942 302 1979 ditores
320 1946 421 1979 recte
438 1940 731 1983 existiniantur3
762 1953 850 1990 quae
866 1953 985 1990 quum
1003 1939 1056 1977 eis
1077 1953 1167 1991 opes
1185 1947 1223 1978 et
1240 1940 1400 1991 gloriam
1421 1946 1460 1979 et
1473 1942 1617 1981 amicos

159 2005 198 2041 in
230 2017 366 2042 manus
401 2003 566 2046 dederit,
600 2002 671 2052 ipsi
709 2009 821 2053 parta
857 2002 1040 2039 felicitate
1074 2002 1254 2052 indignos
1285 2016 1371 2040 sese
1404 2005 1618 2053 praebeant.

161 2065 275 2109 Quod
297 2065 328 2101 si
357 2065 414 2101 fas
444 2070 503 2100 est
534 2062 682 2100 mortali
705 2062 938 2100 voluntatem
969 2062 1130 2100 deorum
1157 2063 1389 2113 conjecturis
1416 2065 1618 2115 indagare,

159 2138 224 2163 eos
243 2125 357 2162 etiam
377 2124 414 2161 in
434 2122 756 2174 conjunctissimis
777 2122 1019 2173 potissimum
1033 2122 1317 2161 demonstrasse
1333 2124 1506 2172 arbitror,
1521 2139 1618 2175 quo-

159 2186 275 2223 modo
306 2192 345 2222 et
375 2184 561 2222 adversus
591 2183 763 2221 homines
793 2183 986 2234 improbos
1014 2191 1054 2221 et
1079 2197 1172 2235 erga
1201 2185 1324 2223 bonos
1357 2186 1455 2224 viros
1490 2194 1618 2225 essent

159 2246 330 2285 animati.
388 2245 488 2282 Nam
507 2257 626 2295 quum
645 2245 912 2295 Jupiter—ut
932 2258 1085 2283 arcanae
1106 2245 1227 2284 literae
1247 2247 1406 2286 tradunt
1426 2255 1465 2286 et
1484 2262 1617 2286 omnes

158 2306 603 2346 credunt—Herculem
624 2305 912 2356 Tantalumque
941 2307 1150 2356 genuisset,
1179 2308 1342 2346 alterum
1370 2310 1418 2347 ob
1440 2311 1615 2349 virtutem

160 2368 444 2406 immortalitate
465 2366 635 2411 donavit,
657 2365 822 2404 alterum
843 2375 998 2419 propter
1021 2368 1304 2419 improbitatem
1331 2370 1507 2408 maximis
1528 2385 1616 2422 sup-

160 2430 281 2480 pliciis
303 2427 442 2466 affecit.
499 2428 624 2465 Decet
650 2428 764 2478 igitur
788 2428 824 2465 in
849 2428 932 2466 haec
959 2429 1135 2480 exempla
1162 2429 1355 2468 intuentes
1377 2432 1551 2469 virtutem
1579 2440 1617 2470 et

157 2491 397 2528 honestatem
426 2494 617 2539 expetere,
650 2502 720 2526 nec
751 2502 796 2526 ea
827 2503 978 2527 servare
1006 2490 1197 2528 duntaxat
1224 2505 1311 2541 quae
1339 2504 1408 2528 nos
1434 2491 1615 2538 diximus,

159 2552 227 2590 sed
247 2557 285 2589 et
305 2557 503 2601 poetarum
530 2550 675 2600 optima
698 2563 860 2601 quaeque
887 2550 1050 2597 discere,
1078 2559 1116 2605 et
1139 2565 1184 2590 ea
1210 2553 1336 2603 legere
1356 2566 1443 2602 quae
1467 2553 1529 2591 alii
1550 2555 1615 2592 viri

159 2613 352 2663 sapientes
375 2611 516 2649 utiliter
535 2620 816 2662 praeceperunt.
874 2612 975 2649 Nam
1005 2619 1046 2651 ut
1071 2626 1163 2665 apes
1184 2614 1363 2651 omnibus
1384 2613 1539 2664 quidem
1559 2616 1614 2652 in-

159 2674 284 2712 sidere
299 2672 485 2718 flosculis‚
503 2672 550 2710 de
565 2672 726 2724 singulis
747 2680 876 2711 autem
896 2674 1042 2725 optima
1061 2688 1219 2725 carpere
1237 2675 1430 2713 videmus:
1462 2677 1515 2714 sic
1535 2690 1618 2715 eru-

160 2735 314 2772 ditionis
345 2735 459 2772 etiam
487 2734 758 2784 comparandae
785 2735 996 2781 studiosos,
1027 2737 1167 2773 nullius
1195 2736 1246 2774 rei
1280 2749 1365 2774 esse
1392 2736 1518 2783 rudes,
1545 2739 1613 2776 sed

162 2796 330 2846 undique
351 2795 457 2833 utilia
475 2794 655 2845 colligere
673 2795 798 2833 decet.
839 2797 912 2834 Vix
932 2798 1032 2836 enirn
1054 2797 1126 2836 hac
1146 2797 1228 2849 ipsa
1246 2797 1446 2849 diligentia
1469 2806 1616 2838 naturae

161 2863 302 2893 nostrae
322 2856 546 2906 pravitatem
567 2856 847 2906 superabimus.
