1870 3277
669 170 1086 212 PANEGYRICUS.
1562 168 1609 204 37

147 278 354 316 Meliorum
373 276 485 315 nobis
505 276 703 316 excidium
723 282 762 313 et
783 275 1050 313 Scionaeorum
1071 272 1265 310 interitum
1287 271 1484 322 objiciant.
1525 269 1610 320 Ego

147 353 238 377 vero
257 339 406 377 nullum
426 339 501 377 hoc
521 339 620 376 male
642 337 741 389 gesti
766 337 1003 388 principatus
1028 335 1183 385 signum
1205 346 1286 371 esse
1305 340 1414 383 puto,
1435 333 1465 370 si
1484 332 1611 370 acrius

146 401 184 438 in
205 401 357 451 aliquos
373 413 505 438 eorum
523 400 585 450 qui
601 398 703 436 bello
726 411 796 435 nos
812 397 1006 448 petierunt
1020 394 1415 438 animadverterimus,
1432 394 1499 431 sed
1516 393 1612 431 illud

148 461 265 513 longe
294 463 418 513 majus
449 475 534 500 esse
566 466 835 510 argumentum
864 471 934 496 nos
964 458 1159 496 sociorum
1190 456 1304 494 saluti
1334 464 1372 493 et
1400 455 1612 493 commodis

150 524 407 569 consuluisse,
435 522 540 573 quod
566 522 673 559 nulla
698 522 790 558 urbs
823 520 1035 571 conjuncta
1065 518 1267 555 nobiscum
1290 516 1328 554 in
1357 516 1452 554 tales
1481 516 1613 554 clades

150 584 297 622 incidit.
355 583 521 628 Deinde,
556 582 587 619 si
617 582 682 632 qui
711 582 774 619 alii
806 582 843 619 in
873 580 1009 618 iisdem
1040 578 1205 629 negotiis
1236 577 1377 628 majore
1408 576 1615 615 clementia

152 653 284 682 essent
301 645 371 690 usi,
386 644 473 695 jure
494 657 564 681 nos
581 643 860 693 vituperarent:
892 642 923 679 si
939 654 1028 679 vero
1043 653 1114 678 nec
1134 639 1208 677 hoc
1224 638 1368 676 factum
1389 644 1463 683 est,
1479 644 1518 675 et
1536 638 1616 675 fieri

152 707 284 757 nequit
304 713 346 743 ut
366 713 474 743 tanta
492 705 641 743 urbium
664 704 870 742 multitudo
892 704 971 741 sine
991 700 1337 740 animadversionis
1354 701 1555 738 severitate
1575 701 1614 738 in

152 768 278 805 officio
303 767 562 812 contineatur,
587 779 716 803 nonne
742 766 916 816 protinus
942 764 1128 803 laudandi
1147 776 1294 808 sumus,
1314 762 1380 812 qui
1408 762 1508 799 male
1540 771 1617 800 tra-

152 829 264 867 ctatis
283 843 398 880 quam
418 828 659 879 paucissimis
680 827 881 878 imperium
902 839 1019 876 quam
1041 825 1254 863 diutissime
1274 822 1535 860 tenuerimus?

208 892 273 927 30.
305 891 389 941 Ego
409 903 499 927 vero
519 890 690 927 omnium
709 889 860 939 judicio
881 901 948 926 eos
969 887 1195 925 Graecorum
1217 892 1398 937 patronos
1418 885 1499 922 fore
1519 886 1618 935 opti-

153 963 238 989 mos
259 951 449 996 existimo,
471 951 612 1001 quibus
633 950 699 1000 qui
725 956 937 1000 paruerunt
961 948 1125 986 maxime
1155 947 1380 985 floruerunt.
1436 947 1489 983 At
1507 946 1619 983 nobis

153 1013 388 1063 principibus
409 1020 449 1051 et
474 1011 709 1064 privatarum
732 1011 961 1049 familiarum
986 1010 1211 1048 felicitatem
1240 1008 1446 1059 plurimum
1467 1015 1619 1044 auctam

155 1080 196 1110 et
214 1075 327 1112 urbes
348 1074 534 1112 maximas
553 1086 640 1110 esse
660 1073 784 1111 factas
805 1073 1057 1110 inveniemus.
1116 1071 1201 1109 Nec
1221 1071 1323 1108 enim
1342 1083 1474 1107 earum
1494 1070 1622 1107 incre-

157 1135 296 1173 mentis
326 1135 608 1184 invidebamus,
643 1147 768 1184 neque
802 1135 937 1171 turbas
960 1133 1010 1170 'in
1042 1132 1088 1170 iis
1120 1131 1386 1170 excitabamus
1419 1131 1622 1169 contrariis

156 1196 377 1246 reipublicae
396 1196 528 1233 formis
548 1195 791 1240 introductis,
808 1203 851 1232 ut
871 1194 1105 1232 factionibus
1126 1193 1225 1230 inter
1240 1193 1342 1230 cives
1359 1192 1450 1230 ortis
1466 1192 1622 1242 utrique

157 1270 227 1295 nos
247 1257 430 1301 colerent,
455 1257 522 1294 sed
543 1257 793 1294 concordiam
818 1257 1013 1293 sociorum
1038 1268 1086 1292 ex
1107 1267 1222 1304 aequo
1241 1254 1422 1304 prodesse
1443 1254 1621 1291 omnibus

156 1318 432 1363 existimantes,
453 1317 590 1355 iisdem
611 1317 763 1368 legibus
785 1319 897 1355 urbes
913 1330 1046 1355 omnes
1066 1316 1446 1359 administrabamus,
1468 1327 1515 1352 ea
1533 1327 1624 1352 con-

156 1380 241 1417 silia
261 1380 385 1418 secuti
411 1393 487 1418 non
511 1392 600 1430 quae
631 1379 933 1417 dominationem
962 1379 1032 1416 sed
1058 1391 1147 1428 quae
1175 1378 1399 1416 societatem
1419 1377 1622 1420 decerent;

156 1454 246 1479 nam
277 1454 468 1479 summam
499 1441 654 1491 quidem
684 1454 811 1478 rerum
846 1453 966 1491 penes
999 1453 1071 1478 nos
1105 1452 1191 1477 esse
1220 1439 1428 1485 voluimus,
1464 1438 1624 1476 seorsim

156 1515 247 1540 vero
267 1503 484 1540 libertatem
508 1501 672 1552 singulis
694 1503 972 1547 concessimus,
996 1508 1035 1539 et
1061 1501 1345 1539 multitudinem
1367 1500 1480 1538 tutati
1501 1500 1624 1538 domi-

155 1565 375 1603 nationibus
406 1565 599 1603 adversati
619 1577 765 1610 sumus,
787 1564 892 1615 quod
918 1564 1092 1614 iniquum
1120 1564 1231 1602 nobis
1252 1563 1456 1601 videbatur
1481 1562 1625 1600 multos

154 1640 367 1678 paucorum
387 1626 544 1677 imperio
565 1626 660 1677 regi,
681 1633 719 1664 et
743 1639 823 1672 eos,
844 1625 910 1676 qui
935 1639 975 1663 re
1002 1625 1158 1677 quidem
1180 1625 1355 1663 tenuiore
1375 1632 1517 1662 caetera
1535 1638 1626 1668 vero

158 1688 277 1726 nihilo
299 1688 508 1726 deteriores
539 1694 684 1732 essent,
715 1688 1006 1738 magistratibus
1036 1695 1074 1725 et
1101 1687 1313 1725 honoribus
1339 1686 1506 1733 excludi,
1527 1700 1626 1738 prae—

160 1757 278 1796 terea,
311 1763 431 1801 quum
464 1750 590 1800 patria
624 1750 673 1787 sit
705 1750 934 1796 eommunis,
972 1749 1068 1787 alios
1107 1763 1268 1800 regnum
1303 1749 1488 1792 obtinere,
1529 1749 1625 1786 alios

158 1812 433 1864 inquilinorum
454 1825 540 1850 esse
556 1812 656 1856 loco,
678 1819 716 1849 et
734 1819 871 1849 natura
889 1811 994 1849 cives
1012 1811 1233 1862 reipublicae
1255 1810 1519 1848 functionibus
1541 1809 1627 1860 lege

159 1876 314 1928 privari.
373 1876 475 1913 Haec
495 1888 615 1926 quum
641 1875 678 1912 in
703 1888 915 1925 paucorum
936 1874 1137 1912 dominatu
1164 1873 1489 1925 reprehendenda
1508 1872 1626 1910 habe-

162 1951 288 1976 remus
317 1945 357 1976 et
387 1938 499 1988 plura
528 1937 605 1981 his,
641 1936 806 1974 eandem
837 1936 985 1985 reipub.
1020 1936 1184 1973 formam
1213 1948 1292 1984 qua
1321 1947 1392 1971 nos
1422 1934 1627 1971 utebamur

162 1999 278 2038 etiam
311 1999 416 2049 apud
450 1998 544 2036 alios
578 1997 869 2042 constituimus,
906 2010 994 2046 qnae
1027 2010 1094 2034 cur
1125 1996 1308 2047 prolixius
1341 1996 1540 2033 laudanda
1578 1996 1628 2033 sit

162 2060 339 2110 equidem
360 2071 435 2096 non
457 2058 584 2103 video,
602 2058 810 2108 praesertim
830 2070 949 2107 quum
964 2070 1026 2095 res
1046 2057 1179 2107 paucis
1194 2056 1339 2094 absolvi
1358 2056 1489 2107 possit.
1539 2057 1627 2095 Hae

163 2121 263 2159 enim
294 2133 363 2171 per
390 2133 512 2158 annos
540 2119 789 2170 septuaginta
816 2119 888 2165 usi,
918 2127 1095 2170 expertes
1118 2119 1382 2171 tyrannidum‚
1409 2119 1579 2157 inviolati
1605 2133 1628 2158 a

159 2183 346 2229 barbaris,
376 2182 459 2220 sine
489 2181 743 2221 seditionibus
776 2181 875 2219 inter
907 2194 978 2219 nos
1014 2181 1129 2232 ipsos,
1165 2182 1332 2232 denique
1365 2189 1502 2234 pacate
1537 2195 1626 2220 cum

162 2245 382 2283 hominibus
404 2243 605 2289 universis,
625 2243 817 2281 vixerunt.
1167 2241 1176 2244 χ

217 2308 281 2344 31.
311 2306 387 2343 Pro
402 2305 542 2356 quibus
561 2304 706 2342 meritis
726 2304 874 2354 aequius
893 2304 1010 2342 fuerit
1029 2318 1050 2342 a
1065 2304 1322 2355 prudentibus
1341 2316 1524 2354 magnam
1542 2317 1628 2355 gra-

164 2370 255 2407 tiam
276 2369 407 2406 haberi
428 2368 538 2406 nobis
560 2381 675 2418 quam
698 2367 858 2405 colonos
883 2374 984 2405 sorte
1004 2367 1176 2405 delectos
1197 2376 1315 2419 atque
1336 2368 1372 2405 in
1395 2367 1488 2405 alias
1509 2374 1628 2407 terras

165 2432 365 2482 ablegatos
379 2430 506 2481 objici,
521 2443 618 2480 quos
631 2429 668 2467 in
682 2430 795 2467 urbes
811 2430 984 2467 desertas
1000 2430 1167 2480 praesidii
1183 2443 1300 2468 causa
1313 2443 1387 2467 non
1406 2442 1451 2466 ex
1471 2430 1630 2468 avaritia

168 2494 356 2532 misimus.
387 2494 560 2537 Quarum
575 2505 699 2530 rerum
712 2491 806 2529 illud
821 2492 971 2543 signum
986 2499 1058 2537 est,
1073 2492 1177 2542 quod
1193 2505 1310 2542 quum
1326 2504 1457 2541 agrum
1473 2491 1632 2530 habere-

168 2571 253 2595 mus
267 2557 298 2595 si
311 2557 452 2594 civium
466 2554 672 2592 multitudo
686 2561 879 2604 spectetur
892 2554 1226 2604 angustissimum,
1237 2553 1434 2603 imperium
1450 2566 1538 2590 vero
1554 2567 1631 2591 am-

165 2619 394 2670 plissimum,
414 2624 453 2655 et
472 2616 644 2654 triremes
661 2615 782 2667 duplo
799 2615 927 2667 plures
943 2629 1058 2665 quam
1077 2615 1208 2665 reliqui
1227 2615 1390 2652 universi
1410 2614 1628 2665 possidere·

168 2693 268 2726 mus,
287 2686 327 2717 et
345 2692 411 2716 eas
430 2677 586 2728 quidem
604 2690 692 2727 quae
711 2690 799 2715 cum
820 2678 878 2715 bis
898 2677 1057 2715 totidem
1075 2677 1257 2714 dimicare
1274 2684 1446 2726 possent,
1461 2690 1629 2728 cumque

171 2741 322 2778 Euboea
339 2740 437 2777 infra
459 2739 626 2777 Atticam
642 2739 715 2776 sita
729 2746 844 2783 esset,
861 2752 947 2789 quae
968 2738 1122 2788 ingenio
1139 2737 1210 2775 loci
1227 2738 1275 2775 ad
1293 2738 1408 2776 maris
1429 2738 1628 2789 imperium

168 2802 368 2853 aptissima
382 2801 532 2840 caeteris
551 2800 892 2838 commoditatibus
913 2812 1047 2838 omnes
1070 2798 1237 2848 reliquas
1257 2799 1403 2837 insulas
1422 2807 1631 2850 superaret,

170 2863 343 2913 quamvis
363 2862 464 2900 eain
482 2868 612 2900 nostra
630 2869 826 2913 potestate
847 2862 969 2911 magis
990 2867 1093 2897 essct
1109 2873 1224 2910 quam
1248 2867 1377 2898 noster
1394 2873 1499 2911 ager,
1515 2867 1631 2910 atquc

171 2924 284 2962 etiam
307 2923 491 2961 sciremus
510 2929 550 2961 et
569 2935 591 2960 a
612 2923 763 2961 Graecis
783 2922 931 2960 caeteris
954 2928 989 2958 et
1011 2921 1183 2959 barbaris
1204 2934 1270 2959 eos
1291 2921 1327 2958 in
1350 2921 1479 2972 primis
1501 2922 1630 2971 magni
