1870 3277
231 119 303 161 188
820 122 1101 161 ISOCRATIS

233 233 309 262 non
331 229 509 274 possunt,
532 222 602 261 nisi
630 229 844 275 temporum
867 232 906 263 et
935 224 1062 263 decori
1085 232 1123 263 et
1144 226 1232 262 novi
1260 225 1425 277 diligens
1447 227 1577 266 habita
1603 228 1699 266 ratio

231 285 359 331 fuerit,
379 285 500 322 literae
521 291 651 323 autem
678 285 814 324 horum
835 286 930 324 nihil
950 286 1191 325 desiderant.
1249 287 1325 331 Qui
1346 288 1461 340 igitur
1482 289 1702 337 hujusmodi

234 347 423 397 exemplis
444 353 614 392 utuntur,
628 360 696 385 eos
717 348 839 385 multo
860 349 1011 399 aequius
1031 356 1137 386 esset
1158 348 1377 400 dependere
1393 363 1509 401 quam
1528 352 1704 402 accipere

232 408 452 458 pecuniam,
480 409 559 460 qui,
585 422 704 458 quum
733 409 804 460 ipsi
835 409 1004 448 doctoris
1034 423 1154 462 opera
1180 411 1217 448 in
1248 411 1379 462 primis
1408 420 1578 464 egerent,
1608 413 1704 452 allos

231 469 383 507 erudire
404 470 693 521 aggrediantur.

287 532 325 568 8.
356 531 474 575 Quod
493 533 523 570 si
544 545 621 569 non
644 539 796 570 tantum
817 532 880 570 alii
901 532 1111 571 accusandi
1133 540 1237 580 sunt,
1252 534 1322 572 sed
1341 547 1425 572 mea
1445 547 1596 585 quoque
1615 548 1704 574 sen·

230 592 349 630 tentia
365 591 599 643 explicanda
614 599 686 638 est,
700 605 834 630 omnes
856 592 945 630 mihi
964 605 1193 633 assensuros
1210 595 1374 633 arbitror
1393 594 1538 634 multos
1560 596 1704 634 artibus

230 653 402 690 eruditos
432 653 620 704 privatam
648 654 766 691 vitam
793 654 985 705 exegisse,
1012 654 1109 693 alios
1137 656 1244 694 nullo
1265 669 1436 707 unquam
1461 663 1703 708 praeceptore

230 727 322 753 usos
343 722 381 752 et
401 714 554 753 dicendi
587 716 764 766 peritiam
786 724 824 754 et
853 716 1017 768 reipubl.
1040 717 1220 767 gerendae
1249 718 1449 757 scientiam
1477 731 1565 757 esse
1597 731 1705 757 asse-

229 783 355 814 cutos.
416 777 518 815 Nam
541 783 621 814 turn
642 778 875 829 eloquentiae
898 784 978 816 tum
998 785 1223 817 caeterarum
1241 792 1366 818 rerum
1388 781 1557 818 omnium
1580 781 1704 818 facul-

229 843 328 876 tates
350 845 388 876 et
413 851 436 877 a
455 846 596 878 natura
622 839 767 878 dantur
792 840 1012 878 hominibus
1040 841 1248 891 ingeniosis
1277 848 1316 879 et
1335 854 1407 879 usu
1428 854 1555 880 rerum
1584 849 1701 892 atque

229 900 505 939 exercitatione
533 908 831 952 comparantur:
862 901 1055 939 institutio
1076 908 1204 939 autem
1225 902 1382 940 eosdem
1410 911 1448 941 et
1469 903 1572 940 acuit
1592 911 1630 940 et
1650 903 1699 940 ad

227 962 342 1000 vitam
358 963 578 1013 degendam
594 963 718 1002 reddit
732 964 998 1002 instructiores
1010 977 1157 1002 —nam
1175 964 1276 1001 eain
1290 977 1377 1014 quae
1390 964 1578 1002 hactenus
1592 964 1700 1002 velut

225 1030 397 1062 errantes
417 1024 645 1071 inciderant,
661 1026 771 1076 quasi
792 1039 812 1063 e
834 1038 936 1077 penu
949 1025 1154 1063 confestim
1169 1024 1391 1075 depromere
1406 1026 1493 1063 illos
1509 1026 1624 1064 docet
1635 1049 1700 1072 —,

222 1091 266 1123 at
283 1085 312 1123 si
333 1085 399 1136 qui
420 1093 511 1123 sunt
531 1086 802 1125 infirmioribus
823 1087 983 1137 ingeniis
1004 1086 1172 1137 praediti,
1194 1085 1232 1123 hi
1253 1086 1502 1137 quantumvis
1525 1086 1699 1137 diligenti

223 1146 467 1185 institutione
486 1160 686 1196 nunquam
708 1161 754 1186 eo
773 1148 999 1200 pervenient
1020 1154 1062 1185 ut
1081 1148 1143 1186 vel
1164 1146 1301 1186 dextre
1321 1148 1359 1187 in
1380 1149 1494 1186 rebus
1518 1147 1700 1199 gerendis

222 1214 423 1246 versentur
438 1208 499 1247 vel
519 1207 721 1260 elegantes
741 1210 936 1248 orationes
953 1210 1139 1256 scribant,
1162 1209 1202 1247 id
1221 1208 1376 1259 quidem
1397 1210 1575 1248 fortassis
1596 1222 1702 1247 asse-

221 1276 388 1320 quentur
408 1277 450 1307 ut
464 1270 537 1322 ipsi
553 1282 638 1309 sese
657 1270 945 1321 quodammodo
961 1270 1117 1309 vincant
1131 1276 1170 1309 et
1183 1270 1314 1308 multis
1333 1270 1371 1307 in
1392 1272 1508 1309 rebus
1528 1270 1700 1322 pruden-

224 1330 339 1368 tiores
355 1331 462 1369 fiant.

278 1393 318 1430 9.
347 1393 457 1430 Libet
487 1401 630 1439 autem,
663 1401 868 1444 postquam
895 1394 974 1430 huc
1005 1399 1212 1443 provectus
1245 1405 1345 1437 sum,
1377 1392 1586 1431 dilucidius
1617 1392 1704 1431 haec

222 1466 430 1504 exponere.
509 1455 609 1493 Dico
647 1455 765 1506 igitur
803 1466 949 1506 genera
986 1453 1053 1491 illa
1090 1454 1412 1505 praeceptionum,
1452 1454 1502 1492 ad
1539 1467 1704 1505 quarum

220 1528 396 1555 normam
418 1517 612 1555 orationes
638 1529 772 1556 omnes
794 1524 833 1555 et
859 1516 1022 1554 dicimus
1046 1521 1084 1553 et
1105 1514 1389 1566 componimus,
1412 1516 1444 1553 si
1473 1515 1558 1566 quis
1579 1516 1701 1567 magi-

219 1583 342 1615 strum
363 1590 440 1615 non
457 1577 568 1616 facile
589 1578 837 1630 pollicentem
853 1577 922 1615 sed
939 1579 1029 1615 artis
1050 1576 1213 1628 peritum
1227 1577 1429 1624 invenerit,
1444 1578 1604 1628 cognitu
1620 1590 1699 1617 non

219 1650 305 1676 esse
324 1637 589 1689 perdifficilia:
621 1638 658 1676 in
682 1637 846 1689 singulis
866 1643 996 1676 autem
1024 1637 1157 1682 rebus,
1179 1649 1268 1688 quae
1295 1636 1399 1689 prius
1428 1637 1698 1677 discernendae

219 1706 259 1738 et
276 1699 379 1738 inter
398 1713 439 1739 se
466 1700 678 1739 miscendae
696 1706 735 1738 et
750 1699 885 1738 ordine
906 1697 1165 1751 disponendae
1186 1705 1290 1745 sunt,
1312 1711 1439 1749 neque
1460 1699 1509 1737 ab
1530 1699 1604 1738 illis
1624 1713 1695 1739 nec

218 1773 242 1799 a
272 1761 416 1800 decoro
445 1762 637 1808 aberrare,
672 1761 742 1800 sed
775 1767 814 1799 et
842 1761 1081 1812 argumentis
1114 1765 1234 1798 totam
1260 1760 1477 1798 orationem
1511 1760 1697 1799 decenter

214 1822 362 1861 variare
380 1829 419 1862 et
435 1824 551 1862 verba
571 1823 624 1862 ita
639 1823 830 1862 collocare
846 1830 889 1860 ut
906 1833 1118 1860 numerosa
1137 1822 1215 1859 sint
1234 1827 1273 1859 et
1291 1821 1482 1860 musicum
1499 1821 1694 1872 quendam

216 1890 449 1922 concentum
490 1884 674 1930 efficiant,
711 1884 798 1922 haec
831 1884 988 1922 demum
1023 1895 1156 1923 curam
1190 1883 1387 1934 ingentem
1424 1883 1624 1933 postulant
1656 1890 1696 1922 et

216 1946 386 1985 animum
405 1961 641 1999 generosum
667 1955 785 1999 atque
811 1960 992 1998 sagacem
1019 1947 1247 1998 requirunt;
1278 1950 1535 1998 praet'erquam
1561 1953 1693 1985 autem

214 2009 320 2058 quod
342 2022 504 2048 necesse
531 2019 589 2049 est
610 2009 843 2061 discipulum
864 2010 912 2048 ab
935 2009 1093 2060 ingenio
1113 2021 1190 2047 non
1217 2008 1392 2055 destitui,
1411 2008 1527 2046 etiarn
1547 2021 1695 2059 genera

214 2081 419 2108 causarum
442 2084 558 2110 nosse
585 2078 624 2110 et
643 2071 681 2109 in
701 2071 852 2110 illarum
874 2083 948 2108 usu
977 2071 1146 2109 exerceri
1178 2082 1340 2108 necesse
1367 2077 1442 2115 est,
1463 2070 1690 2120 magistrum

213 2143 304 2168 vero
332 2137 372 2168 et
399 2132 595 2183 explicare
625 2139 823 2183 praecepta
849 2132 978 2169 omnia
996 2143 1112 2180 quam
1141 2131 1431 2169 accuratissime
1457 2130 1538 2168 fieri
1563 2137 1691 2181 potest

213 2198 377 2242 oportet,
401 2194 456 2229 ita
475 2199 519 2228 ut
545 2193 639 2229 nihil
667 2193 772 2241 quod
806 2191 938 2228 doceri
966 2191 1090 2241 possit
1114 2191 1401 2240 praetermittat,
1425 2197 1464 2228 et
1490 2191 1690 2242 discipulis

213 2253 290 2291 tale
311 2252 533 2304 exemplum
556 2264 682 2289 rerum
702 2257 931 2290 caeterarum
949 2264 991 2289 se
1011 2251 1184 2302 praebere
1204 2257 1260 2297 ut,
1286 2251 1351 2301 qui
1370 2251 1410 2289 id
1431 2252 1698 2302 expresserint·

211 2313 430 2364 imitarique
445 2313 656 2364 potuerint,
675 2313 805 2350 statim
822 2312 1022 2352 ornantius
1044 2320 1082 2351 et
1103 2312 1321 2364 elegantius
1341 2325 1458 2363 quam
1478 2313 1542 2351 alii
1561 2312 1689 2353 dicere

210 2373 427 2412 videantur.
488 2375 588 2416 Quae
619 2373 748 2411 omnia
774 2373 805 2412 si
826 2375 1040 2424 conjuncta
1060 2373 1216 2419 fuerint,
1236 2380 1318 2412 tum
1345 2374 1501 2412 demum
1523 2374 1688 2413 studiosi

210 2435 424 2486 perfeetum
445 2434 591 2487 aliquid
611 2434 779 2473 habituri
805 2441 920 2473 sunt:
951 2436 1008 2473 sin
1028 2434 1236 2486 quicquam
1262 2449 1311 2474 ex
1329 2436 1388 2475 his
1409 2449 1497 2487 quae
1522 2435 1686 2475 diximus

209 2495 504 2542 desiderabitur,
522 2508 682 2536 necesse
698 2497 769 2535 erit
787 2497 835 2534 ab
851 2508 897 2535 ea
911 2503 1020 2548 parte
1039 2496 1253 2547 discipulos
1267 2497 1393 2536 minus
1414 2504 1568 2548 paratos
1583 2510 1685 2537 esse.

268 2559 330 2597 10.
361 2560 554 2612 Equidem
575 2560 674 2598 bene
694 2559 773 2598 scio
802 2558 996 2611 sophistas
1026 2559 1122 2598 istos
1153 2560 1271 2598 modo
1301 2560 1480 2598 subortos
1501 2567 1542 2599 et
1570 2560 1685 2599 istam

209 2622 470 2671 arrogantiam
490 2635 625 2661 recens
643 2621 860 2674 amplexos,
876 2621 947 2660 etsi
967 2634 1110 2672 magna
1124 2627 1184 2659 est
1198 2634 1331 2660 eorum
1354 2629 1393 2660 et
1419 2622 1625 2661 multitudo
1647 2628 1687 2662 et

209 2682 432 2729 insolentia,
446 2695 581 2722 omnes
601 2690 728 2722 tamen
747 2683 796 2721 ad
812 2683 888 2722 hoc
907 2689 1180 2734 argumentum
1197 2682 1403 2734 pertinere.

268 2743 331 2781 11.
361 2743 528 2782 Restant
548 2744 573 2782 ii
591 2745 671 2795 qui,
694 2750 783 2782 ante
811 2750 982 2783 nostram
1003 2749 1160 2782 aetatem
1181 2750 1284 2782 artes
1310 2756 1408 2794 quas
1429 2751 1571 2782 vocant
1590 2743 1683 2782 scri-

207 2805 298 2843 bere
333 2804 431 2850 ausi,
466 2818 544 2844 non
578 2806 659 2844 sine
694 2805 992 2858 reprehensione
1025 2804 1241 2844 dimittendi
1279 2811 1393 2843 sunt:
1424 2806 1684 2857 promiserunt

209 2864 314 2903 enim
334 2877 378 2904 se
398 2864 583 2905 docturos
612 2867 808 2917 quomodo
829 2867 867 2906 in
892 2867 1040 2919 judicio
1061 2865 1378 2906 contendendum
1398 2867 1461 2915 sit,
1480 2866 1681 2906 odiosissi-
