1870 3277
280 169 352 203 :376
951 169 1067 207 lSAE!

277 269 433 319 planum
454 268 688 320 Apollodoro
709 278 821 322 atque
835 274 1076 323 perspicuum
1097 279 1190 317 erat,
1211 275 1240 310 si
1258 273 1458 312 facultates
1481 287 1568 313 suas
1588 270 1723 312 horum'

281 331 475 368 hominum
504 334 682 382 potestati
717 334 963 383 permitteret,
991 335 1123 373 eadem
1153 347 1191 373 se
1219 349 1333 386 opera
1359 337 1545 374 facturum
1572 349 1722 387 quoque

276 404 360 429 esse
391 399 431 429 ut
462 405 532 430 sua
563 393 700 432 domus
735 394 988 441 desolaretur,
1021 396 1161 449 quippe
1193 398 1257 447 qui
1287 396 1445 435 vidisset
1478 398 1546 435 lias
1576 411 1721 436 sorores

278 453 496 505 [Eupolidis
517 454 636 506 filias]
658 456 780 493 fratris
802 457 956 505 quidem
985 458 1040 495 sui
1063 457 1285 509 Apollodori
1304 459 1442 497 habere
1470 459 1582 504 bona,
1602 460 1718 497 filium

278 522 406 554 autem
424 517 457 555 ei
485 516 633 554 nullum
665 518 842 556 sufficere
863 520 1036 568 quamvis
1061 519 1184 557 liberis
1215 520 1379 557 maribus
1406 520 1657 566 abundarent,
1684 527 1722 557 et

279 577 434 616 maritos
461 591 590 616 earum
618 579 778 616 fundum
806 581 854 618 ab
880 581 1116 631 Apollodoro
1148 581 1321 619 relictum
1353 593 1430 619 una
1461 594 1548 620 cum
1581 582 1721 619 instru-

275 646 405 678 mento
424 641 565 677 rustico
584 640 632 677 ad
651 640 820 691 quinque
841 641 1069 680 talentorum
1086 643 1248 680 valorem
1266 643 1485 681 vendidisse
1502 643 1720 694 pecuniam-

278 715 352 752 que
372 715 392 739 e
411 701 627 740 venditione
647 702 842 742 redactam
862 705 958 742 inter
980 717 1019 743 se
1039 705 1224 752 divisisse,
1245 705 1473 756 domumque
1500 704 1721 756 Apollodori

278 762 351 800 hoc
379 770 491 814 paeto
511 763 642 814 jacere
671 763 879 804 desolatam
903 766 1001 818 turpi
1021 766 1284 817 horrendoque
1305 766 1492 818 exemplo.
1550 766 1720 803 Fratrem

275 826 405 876 itaque
425 826 489 876 qui
516 834 648 865 nosset
673 826 781 865 istaec
802 840 824 866 a
851 829 1042 866 sororibus
1063 841 1233 879 passum,
1253 828 1317 880 qui
1345 835 1495 879 poterat
1515 828 1545 865 is
1567 839 1719 878 sperare

276 887 446 925 futurum
471 894 513 925 ut
532 888 626 939 ipse,
648 890 795 927 etiamsi
821 889 965 928 amicus
985 896 1100 940 atque
1121 889 1314 927 familiaris
1334 890 1406 927 illis
1426 890 1560 928 fuisset
1581 888 1719 939 quibus

276 949 348 987 fuit
367 949 649 995 infestissimus,
677 951 725 988 ab
749 951 808 988 his
831 951 994 989 honores
1023 963 1221 1002 supremos
1242 958 1280 989 et
1299 952 1408 1002 justa
1435 951 1718 1002 adipisceretur,

276 1022 436 1060 quorum
465 1022 540 1048 non
571 1011 697 1057 frater,
719 1011 787 1050 sed
818 1012 1058 1050 solummodo
1082 1013 1333 1051 consobrinus
1360 1011 1493 1050 esset?
1541 1011 1720 1049 Profecto

276 1077 417 1122 negata
436 1071 490 1109 illi
508 1080 589 1110 erat
617 1073 701 1112 haec
723 1086 824 1124 spes.
882 1073 973 1112 Illos
993 1080 1119 1112 autem
1138 1074 1246 1113 fratri
1267 1087 1336 1113 suo
1355 1073 1473 1112 filium
1493 1072 1638 1111 nullum
1658 1073 1721 1111 de-

277 1132 409 1170 functo
429 1133 638 1181 suffecisse,
651 1141 689 1173 et
706 1134 948 1174 nihilominus
962 1143 1091 1174 tamen
1111 1136 1192 1187 ejus
1209 1137 1313 1174 bona
1328 1135 1536 1187 possidere,
1549 1134 1720 1173 domum-

275 1206 360 1244 que,
377 1207 464 1244 quoe
477 1196 687 1245 quondam,
701 1196 741 1235 id
759 1196 862 1248 quod
877 1197 974 1235 inter
988 1210 1120 1236 omnes
1137 1204 1301 1244 constat,
1318 1196 1586 1235 trierarchatus
1602 1209 1718 1234 onera

275 1255 514 1301 sustentavit,
535 1257 582 1294 de
601 1257 729 1296 medio
755 1257 973 1305 sustulisse,
992 1259 1238 1298 testabuntur
1264 1265 1381 1298 testes
1402 1258 1438 1295 hi
1466 1271 1562 1309 quos
1591 1258 1659 1295 abs
1679 1263 1718 1295 te

276 1317 366 1355 mibi
385 1317 492 1355 citari
512 1319 614 1357 volo.

894 1422 1104 1462 TESTES.

325 1503 363 1537 7.
394 1500 479 1539 Hoc
497 1500 613 1551 igitur
631 1501 668 1538 hi
689 1514 774 1539 cum
795 1508 925 1540 essent
944 1502 1099 1554 ingenio
1120 1503 1325 1554 animoque
1352 1515 1443 1553 erga
1459 1508 1579 1540 semet
1597 1502 1715 1553 ipsos,

275 1569 313 1601 et
339 1568 444 1603 tanta
471 1576 556 1600 cum
584 1569 687 1600 esset
716 1562 850 1601 iisdem
882 1570 995 1613 atque
1026 1571 1105 1602 tam
1135 1565 1345 1602 inveterata
1371 1577 1458 1602 cum
1485 1564 1717 1615 Apollodoro

275 1624 461 1669 simultas,
481 1624 574 1674 quid
601 1623 708 1662 aliud
738 1631 888 1675 poterat
907 1625 1144 1678 Apollodoro
1172 1625 1309 1664 melius
1336 1625 1374 1662 in
1398 1630 1565 1662 mentem
1589 1625 1718 1663 venire

234 1698 238 1702 ‘
272 1699 387 1737 quam
407 1694 448 1723 ut
467 1686 553 1732 hoc,
569 1686 674 1736 quod
690 1694 899 1724 exsecutus
919 1693 990 1733 est,
1006 1687 1207 1726 consilium
1228 1686 1472 1738 capesseret?
1514 1686 1630 1738 Atqui
1647 1685 1722 1725 de·-

271 1748 419 1794 buerat,
438 1747 505 1795 ais,
534 1747 684 1786 medius
713 1747 842 1794 fidius,
867 1755 1061 1799 sumptum
1089 1750 1138 1787 ab
1168 1748 1375 1787 amicorum
1401 1747 1527 1798 aliquo
1551 1760 1712 1799 puerum

271 1809 470 1861 adoptare,
504 1808 761 1860 heredemque
796 1810 981 1848 bonorum
1022 1823 1176 1849 suorum
1211 1809 1370 1849 facere?
1422 1809 1538 1860 Atqui
1577 1809 1713 1848 fuisset

271 1871 419 1922 ipsique
454 1870 734 1921 [Apollodoro]
760 1871 931 1923 ipsisque
968 1872 1188 1923 parentibus
1224 1872 1332 1923 pueri
1358 1871 1624 1922 hujuscemodi
1653 1872 1710 1909 in-

271 1940 431 1980 certum,
460 1934 566 1985 cujas
598 1933 662 1971 ille
689 1947 783 1985 puer
809 1941 912 1972 esset
939 1934 1028 1973 olim
1060 1933 1267 1984 aliquando
1291 1933 1455 1978 futurus,
1482 1933 1631 1984 frugine
1663 1947 1709 1971 an

271 2008 451 2046 nequam,
470 2001 581 2033 aetate
613 1995 720 2046 pueri
749 1995 893 2033 nullam
919 1995 1100 2033 utramvis
1131 1995 1169 2032 in
1190 2000 1336 2046 partem
1361 1994 1499 2032 edente
1526 1994 1714 2044 significa-

269 2057 424 2096 tionem.
495 2057 576 2095 Mei
611 2064 741 2095 autem
771 2057 1044 2096 documentum
1077 2063 1232 2109 ceperat
1265 2055 1574 2108 [Apollodorus],
1609 2057 1711 2107 quod

269 2119 362 2158 satis
382 2126 483 2158 esset
512 2119 560 2159 ad
579 2119 830 2170 judicandum
862 2133 950 2170 quae
977 2119 1025 2158 de
1056 2132 1116 2157 me
1145 2118 1333 2170 speranda
1360 2117 1531 2156 haberet.
1588 2116 1712 2155 Norat

270 2182 371 2220 enim
403 2193 480 2231 quo
501 2181 625 2219 animo
651 2194 744 2232 erga
767 2188 990 2233 patremque
1010 2188 1244 2231 matremque
1271 2192 1408 2225 essem,
1429 2185 1538 2217 norat
1566 2191 1626 2217 me
1645 2191 1712 2216 ne-

270 2243 515 2294 cessariorum
537 2242 763 2288 studiosum,
782 2255 905 2281 rerum
927 2256 986 2281 me
1006 2255 1176 2281 mearum
1196 2248 1306 2280 norat
1324 2247 1578 2292 satagentem,
1600 2247 1710 2278 norat

270 2307 422 2358 qualem
452 2307 490 2343 in
520 2306 742 2357 magistratu
774 2319 833 2344 me
862 2307 1093 2358 gessissem;
1122 2305 1406 2344 Thesmothetae
1439 2304 1538 2342 enim
1564 2303 1708 2341 honore
1733 2307 1736 2310 “

268 2370 424 2407 functus
443 2368 496 2407 ita
516 2381 613 2413 sum,
643 2374 687 2405 ut
706 2380 830 2418 neque
850 2368 914 2419 jus
932 2381 1083 2418 aequum
1111 2375 1364 2419 perverterem
1394 2379 1519 2417 neque
1541 2364 1708 2416 largitio-

268 2431 379 2469 nibus
411 2441 682 2481 corrumperer.
741 2428 836 2466 Haec
870 2428 1124 2479 Apollodorus
1156 2442 1231 2467 non
1269 2429 1462 2480 ignorans,
1498 2426 1564 2464 sed
1591 2425 1708 2477 probe

269 2499 416 2537 tenens,
444 2492 629 2529 bonorum
650 2502 806 2528 suorum
825 2502 886 2527 me
905 2489 1072 2527 faciebat
1099 2490 1293 2535 arbitrum,
1312 2502 1388 2526 non
1410 2489 1573 2526 alienum
1592 2487 1711 2525 homi-

268 2566 355 2591 nem
385 2552 487 2590 unde
515 2551 618 2590 unde
649 2558 839 2603 arreptum
869 2551 936 2589 sed
969 2550 1106 2589 sororis
1137 2564 1215 2588 suae
1244 2551 1373 2595 filium,
1404 2561 1528 2599 neque
1554 2547 1709 2586 minutis

268 2616 497 2666 quibusdam
531 2615 671 2653 nostris
701 2614 835 2653 officiis
866 2614 935 2652 sed
968 2613 1028 2651 vel
1059 2614 1231 2652 maximis
1261 2613 1469 2651 obstrictus
1500 2611 1707 2657 beneficiis,

268 2690 391 2728 neque
410 2691 470 2716 me
490 2677 604 2716 animi
623 2676 675 2714 ita
694 2675 830 2728 abjecti
851 2682 965 2728 atque
983 2675 1184 2726 degeneris
1199 2682 1241 2712 ut
1259 2686 1442 2725 passurus
1463 2685 1586 2711 essem
1605 2673 1707 2710 bona

267 2739 350 2790 ejus
362 2753 518 2790 pessum
531 2739 600 2785 ire,
613 2738 937 2791 quemadmodum
950 2737 989 2774 hi
1001 2737 1106 2788 passi
1119 2744 1208 2775 sunt
1223 2736 1279 2773 sui
1295 2735 1419 2773 fratris
1430 2735 1533 2773 bona
1548 2747 1704 2786 pessum

266 2801 319 2838 ire
339 2807 452 2852 atque
477 2801 525 2839 ad
556 2801 653 2840 alios
672 2799 882 2852 pervenire,
909 2798 978 2838 sed
1004 2798 1179 2837 alacriter
1207 2804 1458 2849 prompteque
1486 2796 1703 2834 functurum

267 2861 405 2900 muniis
424 2868 463 2900 et
481 2861 749 2901 trierarchatns
769 2868 806 2901 et
823 2861 966 2900 militiae
986 2859 1022 2898 in
1047 2867 1146 2898 terra
1165 2859 1385 2898 continente
1405 2867 1443 2896 et
1462 2857 1705 2909 choregatus,

266 2923 429 2975 denique
451 2937 692 2976 quaecunque
711 2936 779 2962 vos
798 2921 1017 2974 imperaturi
1045 2921 1125 2960 sitis
1144 2921 1305 2960 libenter
1329 2927 1442 2971 atque
1462 2918 1598 2958 sedulo
1617 2924 1700 2956 esse
