<?xml version="1.0" encoding="UTF-8"?>
<!DOCTYPE html PUBLIC "-//W3C//DTD XHTML 1.0 Transitional//EN"
    "http://www.w3.org/TR/xhtml1/DTD/xhtml1-transitional.dtd">
<html xmlns="http://www.w3.org/1999/xhtml" xml:lang="en" lang="en">
 <head>
  <title>
</title>
<meta http-equiv="Content-Type" content="text/html;charset=utf-8" />
  <meta name='ocr-system' content='tesseract 3.04.00' />
  <meta name='ocr-capabilities' content='ocr_page ocr_carea ocr_par ocr_line ocrx_word'/>
</head>
<body>
  <div class='ocr_page' id='page_1' title='image "./oratoresatticie14dobs_0252.png"; bbox 0 0 1870 3277; ppageno 0'>
   <div class='ocr_carea' id='block_1_1' title="bbox 233 141 1114 182">
    <p class='ocr_par' dir='ltr' id='par_1_1' title="bbox 233 141 1114 182">
     <span class='ocr_line' id='line_1_1' title="bbox 233 141 1114 182; baseline 0.006 -5"><span class='ocrx_word' id='word_1_1' title='bbox 233 141 311 177; x_wconf 82' lang='lat'>240</span> <span class='ocrx_word' id='word_1_2' title='bbox 828 143 1114 182; x_wconf 83' lang='lat' dir='ltr'>ISOCRATIS</span> 
     </span>
    </p>
   </div>
   <div class='ocr_carea' id='block_1_2' title="bbox 216 242 1714 2950">
    <p class='ocr_par' dir='ltr' id='par_1_2' title="bbox 227 242 1702 914">
     <span class='ocr_line' id='line_1_2' title="bbox 231 242 1701 301; baseline 0.005 -23"><span class='ocrx_word' id='word_1_3' title='bbox 231 247 336 278; x_wconf 89' lang='lat' dir='ltr'>etex</span> <span class='ocrx_word' id='word_1_4' title='bbox 358 242 442 292; x_wconf 91' lang='lat' dir='ltr'>ejus</span> <span class='ocrx_word' id='word_1_5' title='bbox 464 242 595 281; x_wconf 90' lang='lat' dir='ltr'>amicis</span> <span class='ocrx_word' id='word_1_6' title='bbox 624 243 718 282; x_wconf 88' lang='lat' dir='ltr'>alios</span> <span class='ocrx_word' id='word_1_7' title='bbox 745 245 982 284; x_wconf 86' lang='lat' dir='ltr'>occidissent</span> <span class='ocrx_word' id='word_1_8' title='bbox 1008 246 1104 284; x_wconf 89' lang='lat' dir='ltr'>alios</span> <span class='ocrx_word' id='word_1_9' title='bbox 1131 246 1223 284; x_wconf 90' lang='lat' dir='ltr'>urbe</span> <span class='ocrx_word' id='word_1_10' title='bbox 1248 246 1467 297; x_wconf 83' lang='lat' dir='ltr'>ejecissent.</span> <span class='ocrx_word' id='word_1_11' title='bbox 1528 249 1565 286; x_wconf 90' lang='lat' dir='ltr'>Is</span> <span class='ocrx_word' id='word_1_12' title='bbox 1586 249 1701 301; x_wconf 86' lang='lat' dir='ltr'>igitur</span> 
     </span>
     <span class='ocr_line' id='line_1_3' title="bbox 232 304 1701 358; baseline 0.005 -17"><span class='ocrx_word' id='word_1_13' title='bbox 232 304 366 343; x_wconf 87' lang='lat' dir='ltr'>audita</span> <span class='ocrx_word' id='word_1_14' title='bbox 391 312 430 343; x_wconf 89' lang='lat' dir='ltr'>ct</span> <span class='ocrx_word' id='word_1_15' title='bbox 461 305 631 345; x_wconf 87' lang='lat' dir='ltr'>hostium</span> <span class='ocrx_word' id='word_1_16' title='bbox 659 307 830 358; x_wconf 88' lang='lat' dir='ltr'>potentia</span> <span class='ocrx_word' id='word_1_17' title='bbox 864 315 902 346; x_wconf 90' lang='lat' dir='ltr'>ct</span> <span class='ocrx_word' id='word_1_18' title='bbox 935 307 1180 347; x_wconf 84' lang='lat' dir='ltr'>familiarium</span> <span class='ocrx_word' id='word_1_19' title='bbox 1215 322 1372 346; x_wconf 88' lang='lat' dir='ltr'>suorum</span> <span class='ocrx_word' id='word_1_20' title='bbox 1404 310 1701 355; x_wconf 75' lang='lat' dir='ltr'>calamitatibus,</span> 
     </span>
     <span class='ocr_line' id='line_1_4' title="bbox 231 367 1702 423; baseline 0.003 -20"><span class='ocrx_word' id='word_1_21' title='bbox 231 367 404 415; x_wconf 89' lang='lat' dir='ltr'>quamvis</span> <span class='ocrx_word' id='word_1_22' title='bbox 422 368 578 419; x_wconf 86' lang='lat' dir='ltr'>indigne</span> <span class='ocrx_word' id='word_1_23' title='bbox 595 382 725 407; x_wconf 89' lang='lat' dir='ltr'>secum</span> <span class='ocrx_word' id='word_1_24' title='bbox 743 370 804 421; x_wconf 88' lang='lat' dir='ltr'>agi</span> <span class='ocrx_word' id='word_1_25' title='bbox 822 369 1061 415; x_wconf 84' lang='lat' dir='ltr'>existimans,</span> <span class='ocrx_word' id='word_1_26' title='bbox 1078 370 1182 420; x_wconf 84' lang='lat' dir='ltr'>quod</span> <span class='ocrx_word' id='word_1_27' title='bbox 1205 384 1374 421; x_wconf 87' lang='lat' dir='ltr'>praesens</span> <span class='ocrx_word' id='word_1_28' title='bbox 1390 384 1438 408; x_wconf 86' lang='lat' dir='ltr'>ne</span> <span class='ocrx_word' id='word_1_29' title='bbox 1460 372 1494 409; x_wconf 91' lang='lat' dir='ltr'>in</span> <span class='ocrx_word' id='word_1_30' title='bbox 1510 373 1702 423; x_wconf 87' lang='lat' dir='ltr'>judicium</span> 
     </span>
     <span class='ocr_line' id='line_1_5' title="bbox 230 428 1699 478; baseline 0.004 -14"><span class='ocrx_word' id='word_1_31' title='bbox 230 428 386 477; x_wconf 90' lang='lat' dir='ltr'>quidem</span> <span class='ocrx_word' id='word_1_32' title='bbox 408 429 616 478; x_wconf 90' lang='lat' dir='ltr'>adductus,</span> <span class='ocrx_word' id='word_1_33' title='bbox 637 432 778 470; x_wconf 85' lang='lat' dir='ltr'>absens</span> <span class='ocrx_word' id='word_1_34' title='bbox 801 438 929 469; x_wconf 89' lang='lat' dir='ltr'>autem</span> <span class='ocrx_word' id='word_1_35' title='bbox 951 431 1236 469; x_wconf 88' lang='lat' dir='ltr'>condemnatus</span> <span class='ocrx_word' id='word_1_36' title='bbox 1269 439 1383 475; x_wconf 89' lang='lat' dir='ltr'>esset,</span> <span class='ocrx_word' id='word_1_37' title='bbox 1407 446 1454 470; x_wconf 89' lang='lat' dir='ltr'>ne</span> <span class='ocrx_word' id='word_1_38' title='bbox 1487 434 1542 471; x_wconf 90' lang='lat' dir='ltr'>sic</span> <span class='ocrx_word' id='word_1_39' title='bbox 1574 441 1699 471; x_wconf 88' lang='lat' dir='ltr'>tamen</span> 
     </span>
     <span class='ocr_line' id='line_1_6' title="bbox 231 489 1699 545; baseline 0.004 -18"><span class='ocrx_word' id='word_1_40' title='bbox 231 489 279 527; x_wconf 89' lang='lat' dir='ltr'>ad</span> <span class='ocrx_word' id='word_1_41' title='bbox 303 489 430 529; x_wconf 90' lang='lat' dir='ltr'>hostes</span> <span class='ocrx_word' id='word_1_42' title='bbox 452 491 615 537; x_wconf 81' lang='lat' dir='ltr'>defecit3</span> <span class='ocrx_word' id='word_1_43' title='bbox 648 499 835 544; x_wconf 83' lang='lat' dir='ltr'>tantaque</span> <span class='ocrx_word' id='word_1_44' title='bbox 864 493 1062 544; x_wconf 85' lang='lat' dir='ltr'>diligentia</span> <span class='ocrx_word' id='word_1_45' title='bbox 1092 494 1194 532; x_wconf 86' lang='lat' dir='ltr'>cavit</span> <span class='ocrx_word' id='word_1_46' title='bbox 1214 507 1262 532; x_wconf 89' lang='lat' dir='ltr'>ne</span> <span class='ocrx_word' id='word_1_47' title='bbox 1284 495 1445 545; x_wconf 88' lang='lat' dir='ltr'>patriam</span> <span class='ocrx_word' id='word_1_48' title='bbox 1478 508 1517 533; x_wconf 90' lang='lat' dir='ltr'>re</span> <span class='ocrx_word' id='word_1_49' title='bbox 1545 496 1623 533; x_wconf 90' lang='lat' dir='ltr'>ulla</span> <span class='ocrx_word' id='word_1_50' title='bbox 1641 496 1699 533; x_wconf 88' lang='lat' dir='ltr'>vel</span> 
     </span>
     <span class='ocr_line' id='line_1_7' title="bbox 229 552 1701 607; baseline 0.003 -17"><span class='ocrx_word' id='word_1_51' title='bbox 229 552 267 590; x_wconf 86' lang='lat' dir='ltr'>in</span> <span class='ocrx_word' id='word_1_52' title='bbox 284 553 419 592; x_wconf 90' lang='lat' dir='ltr'>exsilio</span> <span class='ocrx_word' id='word_1_53' title='bbox 438 553 668 600; x_wconf 82' lang='lat' dir='ltr'>offenderet,</span> <span class='ocrx_word' id='word_1_54' title='bbox 692 563 735 593; x_wconf 92' lang='lat' dir='ltr'>ut</span> <span class='ocrx_word' id='word_1_55' title='bbox 757 556 882 606; x_wconf 88' lang='lat' dir='ltr'>Argos</span> <span class='ocrx_word' id='word_1_56' title='bbox 905 556 1104 606; x_wconf 89' lang='lat' dir='ltr'>profectus</span> <span class='ocrx_word' id='word_1_57' title='bbox 1122 556 1242 594; x_wconf 88' lang='lat' dir='ltr'>otium</span> <span class='ocrx_word' id='word_1_58' title='bbox 1265 556 1399 606; x_wconf 89' lang='lat' dir='ltr'>egerit,</span> <span class='ocrx_word' id='word_1_59' title='bbox 1417 556 1469 593; x_wconf 89' lang='lat' dir='ltr'>illi</span> <span class='ocrx_word' id='word_1_60' title='bbox 1491 569 1581 594; x_wconf 93' lang='lat' dir='ltr'>vero</span> <span class='ocrx_word' id='word_1_61' title='bbox 1602 557 1701 607; x_wconf 87' lang='lat' dir='ltr'>prio·</span> 
     </span>
     <span class='ocr_line' id='line_1_8' title="bbox 228 614 1699 668; baseline 0.003 -17"><span class='ocrx_word' id='word_1_62' title='bbox 228 614 331 653; x_wconf 90' lang='lat' dir='ltr'>ribus</span> <span class='ocrx_word' id='word_1_63' title='bbox 353 616 496 667; x_wconf 86' lang='lat' dir='ltr'>injuriis</span> <span class='ocrx_word' id='word_1_64' title='bbox 517 617 621 654; x_wconf 85' lang='lat' dir='ltr'>haud</span> <span class='ocrx_word' id='word_1_65' title='bbox 641 618 812 655; x_wconf 86' lang='lat' dir='ltr'>contenti</span> <span class='ocrx_word' id='word_1_66' title='bbox 842 630 1068 668; x_wconf 83' lang='lat' dir='ltr'>persuasere</span> <span class='ocrx_word' id='word_1_67' title='bbox 1097 619 1203 656; x_wconf 88' lang='lat' dir='ltr'>vobis</span> <span class='ocrx_word' id='word_1_68' title='bbox 1224 631 1309 656; x_wconf 89' lang='lat' dir='ltr'>eum</span> <span class='ocrx_word' id='word_1_69' title='bbox 1339 625 1420 656; x_wconf 84' lang='lat' dir='ltr'>tota</span> <span class='ocrx_word' id='word_1_70' title='bbox 1440 618 1595 656; x_wconf 76' lang='lat' dir='ltr'>Graecia</span> <span class='ocrx_word' id='word_1_71' title='bbox 1618 618 1699 668; x_wconf 88' lang='lat' dir='ltr'>pel-</span> 
     </span>
     <span class='ocr_line' id='line_1_9' title="bbox 227 677 1702 731; baseline 0.001 -17"><span class='ocrx_word' id='word_1_72' title='bbox 227 677 385 716; x_wconf 90' lang='lat' dir='ltr'>lendum</span> <span class='ocrx_word' id='word_1_73' title='bbox 410 692 494 717; x_wconf 88' lang='lat' dir='ltr'>esse</span> <span class='ocrx_word' id='word_1_74' title='bbox 521 679 638 730; x_wconf 85' lang='lat' dir='ltr'>inque</span> <span class='ocrx_word' id='word_1_75' title='bbox 664 679 778 731; x_wconf 89' lang='lat' dir='ltr'>cippo</span> <span class='ocrx_word' id='word_1_76' title='bbox 802 679 1122 730; x_wconf 90' lang='lat' dir='ltr'>proscribendum</span> <span class='ocrx_word' id='word_1_77' title='bbox 1150 687 1188 718; x_wconf 91' lang='lat' dir='ltr'>et</span> <span class='ocrx_word' id='word_1_78' title='bbox 1216 693 1281 731; x_wconf 90' lang='lat' dir='ltr'>per</span> <span class='ocrx_word' id='word_1_79' title='bbox 1309 680 1461 731; x_wconf 88' lang='lat' dir='ltr'>legatos</span> <span class='ocrx_word' id='word_1_80' title='bbox 1479 680 1527 717; x_wconf 87' lang='lat' dir='ltr'>ab</span> <span class='ocrx_word' id='word_1_81' title='bbox 1548 679 1702 729; x_wconf 88' lang='lat' dir='ltr'>Argivis</span> 
     </span>
     <span class='ocr_line' id='line_1_10' title="bbox 227 741 1701 793; baseline 0 -16"><span class='ocrx_word' id='word_1_82' title='bbox 227 741 533 791; x_wconf 86' lang='lat' dir='ltr'>exposcendum.</span> <span class='ocrx_word' id='word_1_83' title='bbox 591 743 838 793; x_wconf 85' lang='lat' dir='ltr'>Quapropter</span> <span class='ocrx_word' id='word_1_84' title='bbox 859 742 975 779; x_wconf 88' lang='lat' dir='ltr'>animi</span> <span class='ocrx_word' id='word_1_85' title='bbox 997 741 1136 779; x_wconf 91' lang='lat' dir='ltr'>dubius</span> <span class='ocrx_word' id='word_1_86' title='bbox 1157 754 1234 792; x_wconf 92' lang='lat' dir='ltr'>quo</span> <span class='ocrx_word' id='word_1_87' title='bbox 1260 755 1300 779; x_wconf 89' lang='lat' dir='ltr'>se</span> <span class='ocrx_word' id='word_1_88' title='bbox 1328 743 1365 779; x_wconf 90' lang='lat' dir='ltr'>in</span> <span class='ocrx_word' id='word_1_89' title='bbox 1393 741 1451 779; x_wconf 79' lang='lat' dir='ltr'>his</span> <span class='ocrx_word' id='word_1_90' title='bbox 1474 741 1586 779; x_wconf 87' lang='lat' dir='ltr'>malis</span> <span class='ocrx_word' id='word_1_91' title='bbox 1606 753 1701 778; x_wconf 91' lang='lat' dir='ltr'>con-</span> 
     </span>
     <span class='ocr_line' id='line_1_11' title="bbox 227 801 1701 854; baseline 0.001 -16"><span class='ocrx_word' id='word_1_92' title='bbox 227 808 408 847; x_wconf 83' lang='lat' dir='ltr'>verteret,</span> <span class='ocrx_word' id='word_1_93' title='bbox 430 803 614 841; x_wconf 89' lang='lat' dir='ltr'>exclusus</span> <span class='ocrx_word' id='word_1_94' title='bbox 633 803 818 853; x_wconf 88' lang='lat' dir='ltr'>undique,</span> <span class='ocrx_word' id='word_1_95' title='bbox 837 802 1025 853; x_wconf 88' lang='lat' dir='ltr'>nullaque</span> <span class='ocrx_word' id='word_1_96' title='bbox 1042 815 1108 854; x_wconf 90' lang='lat' dir='ltr'>spe</span> <span class='ocrx_word' id='word_1_97' title='bbox 1127 802 1260 841; x_wconf 89' lang='lat' dir='ltr'>salutis</span> <span class='ocrx_word' id='word_1_98' title='bbox 1276 802 1366 841; x_wconf 87' lang='lat' dir='ltr'>alibi</span> <span class='ocrx_word' id='word_1_99' title='bbox 1383 802 1528 849; x_wconf 87' lang='lat' dir='ltr'>relicta,</span> <span class='ocrx_word' id='word_1_100' title='bbox 1546 801 1701 840; x_wconf 87' lang='lat' dir='ltr'>tandem</span> 
     </span>
     <span class='ocr_line' id='line_1_12' title="bbox 227 862 1122 914; baseline 0 -14"><span class='ocrx_word' id='word_1_101' title='bbox 227 862 277 900; x_wconf 83' lang='lat' dir='ltr'>ad</span> <span class='ocrx_word' id='word_1_102' title='bbox 299 863 617 902; x_wconf 78' lang='lat' dir='ltr'>Lacedaemonios</span> <span class='ocrx_word' id='word_1_103' title='bbox 637 864 849 914; x_wconf 81' lang='lat' dir='ltr'>confugere</span> <span class='ocrx_word' id='word_1_104' title='bbox 869 870 929 902; x_wconf 87' lang='lat' dir='ltr'>est</span> <span class='ocrx_word' id='word_1_105' title='bbox 948 871 1122 902; x_wconf 90' lang='lat' dir='ltr'>coactus.</span> 
     </span>
    </p>

    <p class='ocr_par' dir='ltr' id='par_1_3' title="bbox 220 924 1701 1659">
     <span class='ocr_line' id='line_1_13' title="bbox 278 924 1701 977; baseline 0.001 -15"><span class='ocrx_word' id='word_1_106' title='bbox 278 928 317 962; x_wconf 81' lang='lat'>4.</span> <span class='ocrx_word' id='word_1_107' title='bbox 352 925 402 963; x_wconf 90' lang='lat' dir='ltr'>Et</span> <span class='ocrx_word' id='word_1_108' title='bbox 425 939 486 964; x_wconf 85' lang='lat' dir='ltr'>res</span> <span class='ocrx_word' id='word_1_109' title='bbox 516 926 674 977; x_wconf 87' lang='lat' dir='ltr'>quidem</span> <span class='ocrx_word' id='word_1_110' title='bbox 703 926 758 964; x_wconf 86' lang='lat' dir='ltr'>sic</span> <span class='ocrx_word' id='word_1_111' title='bbox 783 932 871 964; x_wconf 88' lang='lat' dir='ltr'>acta</span> <span class='ocrx_word' id='word_1_112' title='bbox 892 932 969 963; x_wconf 86' lang='lat' dir='ltr'>est:</span> <span class='ocrx_word' id='word_1_113' title='bbox 1002 938 1047 963; x_wconf 89' lang='lat' dir='ltr'>eo</span> <span class='ocrx_word' id='word_1_114' title='bbox 1069 938 1157 963; x_wconf 90' lang='lat' dir='ltr'>vero</span> <span class='ocrx_word' id='word_1_115' title='bbox 1180 924 1397 962; x_wconf 83' lang='lat' dir='ltr'>insolentiae</span> <span class='ocrx_word' id='word_1_116' title='bbox 1425 932 1701 975; x_wconf 86' lang='lat' dir='ltr'>processerunt</span> 
     </span>
     <span class='ocr_line' id='line_1_14' title="bbox 225 988 1701 1041; baseline -0.001 -15"><span class='ocrx_word' id='word_1_117' title='bbox 225 989 384 1035; x_wconf 89' lang='lat' dir='ltr'>inimici,</span> <span class='ocrx_word' id='word_1_118' title='bbox 418 997 473 1035; x_wconf 85' lang='lat' dir='ltr'>ut,</span> <span class='ocrx_word' id='word_1_119' title='bbox 508 1003 597 1028; x_wconf 89' lang='lat' dir='ltr'>cum</span> <span class='ocrx_word' id='word_1_120' title='bbox 628 997 738 1041; x_wconf 90' lang='lat' dir='ltr'>pater</span> <span class='ocrx_word' id='word_1_121' title='bbox 770 996 880 1027; x_wconf 88' lang='lat' dir='ltr'>tanta</span> <span class='ocrx_word' id='word_1_122' title='bbox 916 988 1117 1039; x_wconf 81' lang='lat' dir='ltr'>iniquitate</span> <span class='ocrx_word' id='word_1_123' title='bbox 1148 988 1284 1038; x_wconf 89' lang='lat' dir='ltr'>pulsus</span> <span class='ocrx_word' id='word_1_124' title='bbox 1319 989 1412 1026; x_wconf 89' lang='lat' dir='ltr'>urbe</span> <span class='ocrx_word' id='word_1_125' title='bbox 1447 988 1576 1032; x_wconf 84' lang='lat' dir='ltr'>fuerit,</span> <span class='ocrx_word' id='word_1_126' title='bbox 1614 1001 1701 1025; x_wconf 88' lang='lat' dir='ltr'>eum</span> 
     </span>
     <span class='ocr_line' id='line_1_15' title="bbox 226 1049 1700 1102; baseline -0.002 -13"><span class='ocrx_word' id='word_1_127' title='bbox 226 1057 353 1089; x_wconf 85' lang='lat' dir='ltr'>tamen</span> <span class='ocrx_word' id='word_1_128' title='bbox 376 1052 487 1102; x_wconf 88' lang='lat' dir='ltr'>quasi</span> <span class='ocrx_word' id='word_1_129' title='bbox 513 1064 707 1089; x_wconf 89' lang='lat' dir='ltr'>summum</span> <span class='ocrx_word' id='word_1_130' title='bbox 734 1051 861 1089; x_wconf 89' lang='lat' dir='ltr'>scelus</span> <span class='ocrx_word' id='word_1_131' title='bbox 887 1050 1110 1088; x_wconf 86' lang='lat' dir='ltr'>admisisset</span> <span class='ocrx_word' id='word_1_132' title='bbox 1138 1056 1335 1093; x_wconf 88' lang='lat' dir='ltr'>accusant,</span> <span class='ocrx_word' id='word_1_133' title='bbox 1365 1051 1421 1099; x_wconf 87' lang='lat' dir='ltr'>[et</span> <span class='ocrx_word' id='word_1_134' title='bbox 1441 1049 1588 1086; x_wconf 91' lang='lat' dir='ltr'>crimini</span> <span class='ocrx_word' id='word_1_135' title='bbox 1609 1049 1700 1086; x_wconf 90' lang='lat' dir='ltr'>dare</span> 
     </span>
     <span class='ocr_line' id='line_1_16' title="bbox 224 1109 1701 1163; baseline -0.003 -12"><span class='ocrx_word' id='word_1_136' title='bbox 224 1114 401 1163; x_wconf 86' lang='lat' dir='ltr'>student]</span> <span class='ocrx_word' id='word_1_137' title='bbox 421 1127 509 1153; x_wconf 87' lang='lat' dir='ltr'>eum</span> <span class='ocrx_word' id='word_1_138' title='bbox 529 1122 567 1152; x_wconf 88' lang='lat' dir='ltr'>et</span> <span class='ocrx_word' id='word_1_139' title='bbox 584 1114 796 1152; x_wconf 86' lang='lat' dir='ltr'>Deceleam</span> <span class='ocrx_word' id='word_1_140' title='bbox 813 1118 951 1151; x_wconf 88' lang='lat' dir='ltr'>contra</span> <span class='ocrx_word' id='word_1_141' title='bbox 969 1125 1090 1163; x_wconf 90' lang='lat' dir='ltr'>remp.</span> <span class='ocrx_word' id='word_1_142' title='bbox 1108 1111 1295 1148; x_wconf 89' lang='lat' dir='ltr'>muniisse</span> <span class='ocrx_word' id='word_1_143' title='bbox 1311 1118 1349 1148; x_wconf 91' lang='lat' dir='ltr'>et</span> <span class='ocrx_word' id='word_1_144' title='bbox 1367 1110 1512 1148; x_wconf 86' lang='lat' dir='ltr'>insulas</span> <span class='ocrx_word' id='word_1_145' title='bbox 1529 1111 1577 1148; x_wconf 89' lang='lat' dir='ltr'>ad</span> <span class='ocrx_word' id='word_1_146' title='bbox 1596 1109 1701 1148; x_wconf 90' lang='lat' dir='ltr'>defe-</span> 
     </span>
     <span class='ocr_line' id='line_1_17' title="bbox 223 1171 1698 1227; baseline -0.004 -13"><span class='ocrx_word' id='word_1_147' title='bbox 223 1177 393 1214; x_wconf 86' lang='lat' dir='ltr'>ctionem</span> <span class='ocrx_word' id='word_1_148' title='bbox 415 1176 611 1227; x_wconf 86' lang='lat' dir='ltr'>impulisse</span> <span class='ocrx_word' id='word_1_149' title='bbox 630 1183 669 1215; x_wconf 91' lang='lat' dir='ltr'>et</span> <span class='ocrx_word' id='word_1_150' title='bbox 693 1175 919 1226; x_wconf 89' lang='lat' dir='ltr'>magistrum</span> <span class='ocrx_word' id='word_1_151' title='bbox 948 1173 1118 1212; x_wconf 90' lang='lat' dir='ltr'>hostium</span> <span class='ocrx_word' id='word_1_152' title='bbox 1148 1173 1360 1211; x_wconf 82' lang='lat' dir='ltr'>exstitisse.</span> <span class='ocrx_word' id='word_1_153' title='bbox 1417 1173 1474 1209; x_wconf 90' lang='lat' dir='ltr'>Ac</span> <span class='ocrx_word' id='word_1_154' title='bbox 1497 1171 1592 1209; x_wconf 87' lang='lat' dir='ltr'>alias</span> <span class='ocrx_word' id='word_1_155' title='bbox 1612 1185 1698 1209; x_wconf 90' lang='lat' dir='ltr'>eum</span> 
     </span>
     <span class='ocr_line' id='line_1_18' title="bbox 224 1234 1699 1287; baseline -0.004 -11"><span class='ocrx_word' id='word_1_156' title='bbox 224 1250 247 1276; x_wconf 84' lang='lat' dir='ltr'>a</span> <span class='ocrx_word' id='word_1_157' title='bbox 268 1251 310 1276; x_wconf 88' lang='lat' dir='ltr'>se</span> <span class='ocrx_word' id='word_1_158' title='bbox 331 1238 527 1277; x_wconf 88' lang='lat' dir='ltr'>contemni</span> <span class='ocrx_word' id='word_1_159' title='bbox 546 1238 744 1284; x_wconf 88' lang='lat' dir='ltr'>simulant,</span> <span class='ocrx_word' id='word_1_160' title='bbox 768 1244 811 1274; x_wconf 90' lang='lat' dir='ltr'>ut</span> <span class='ocrx_word' id='word_1_161' title='bbox 833 1236 900 1287; x_wconf 85' lang='lat' dir='ltr'>qui</span> <span class='ocrx_word' id='word_1_162' title='bbox 922 1235 1014 1273; x_wconf 86' lang='lat' dir='ltr'>nihil</span> <span class='ocrx_word' id='word_1_163' title='bbox 1036 1235 1119 1272; x_wconf 90' lang='lat' dir='ltr'>aliis</span> <span class='ocrx_word' id='word_1_164' title='bbox 1140 1234 1421 1278; x_wconf 85' lang='lat' dir='ltr'>antecelluerit,</span> <span class='ocrx_word' id='word_1_165' title='bbox 1443 1246 1546 1271; x_wconf 90' lang='lat' dir='ltr'>nunc</span> <span class='ocrx_word' id='word_1_166' title='bbox 1569 1240 1699 1271; x_wconf 90' lang='lat' dir='ltr'>autem</span> 
     </span>
     <span class='ocr_line' id='line_1_19' title="bbox 224 1294 1701 1351; baseline -0.005 -13"><span class='ocrx_word' id='word_1_167' title='bbox 224 1313 471 1351; x_wconf 81' lang='lat' dir='ltr'>quaecunque</span> <span class='ocrx_word' id='word_1_168' title='bbox 496 1306 586 1337; x_wconf 90' lang='lat' dir='ltr'>acta</span> <span class='ocrx_word' id='word_1_169' title='bbox 613 1307 705 1337; x_wconf 90' lang='lat' dir='ltr'>sunt</span> <span class='ocrx_word' id='word_1_170' title='bbox 729 1300 763 1335; x_wconf 87' lang='lat' dir='ltr'>ei</span> <span class='ocrx_word' id='word_1_171' title='bbox 791 1298 856 1335; x_wconf 92' lang='lat' dir='ltr'>uni</span> <span class='ocrx_word' id='word_1_172' title='bbox 883 1297 1123 1340; x_wconf 87' lang='lat' dir='ltr'>adscribunt,</span> <span class='ocrx_word' id='word_1_173' title='bbox 1153 1304 1193 1332; x_wconf 91' lang='lat' dir='ltr'>et</span> <span class='ocrx_word' id='word_1_174' title='bbox 1219 1297 1266 1332; x_wconf 91' lang='lat' dir='ltr'>ab</span> <span class='ocrx_word' id='word_1_175' title='bbox 1288 1308 1333 1332; x_wconf 88' lang='lat' dir='ltr'>eo</span> <span class='ocrx_word' id='word_1_176' title='bbox 1353 1308 1429 1345; x_wconf 92' lang='lat' dir='ltr'>quo</span> <span class='ocrx_word' id='word_1_177' title='bbox 1457 1302 1572 1345; x_wconf 87' lang='lat' dir='ltr'>pacto</span> <span class='ocrx_word' id='word_1_178' title='bbox 1598 1294 1701 1332; x_wconf 90' lang='lat' dir='ltr'>bella</span> 
     </span>
     <span class='ocr_line' id='line_1_20' title="bbox 224 1357 1698 1411; baseline -0.004 -12"><span class='ocrx_word' id='word_1_179' title='bbox 224 1361 398 1411; x_wconf 87' lang='lat' dir='ltr'>gerenda</span> <span class='ocrx_word' id='word_1_180' title='bbox 419 1361 496 1399; x_wconf 90' lang='lat' dir='ltr'>sint</span> <span class='ocrx_word' id='word_1_181' title='bbox 521 1360 683 1398; x_wconf 87' lang='lat' dir='ltr'>edoctos</span> <span class='ocrx_word' id='word_1_182' title='bbox 704 1372 790 1397; x_wconf 92' lang='lat' dir='ltr'>esse</span> <span class='ocrx_word' id='word_1_183' title='bbox 811 1359 920 1396; x_wconf 88' lang='lat' dir='ltr'>aiunt</span> <span class='ocrx_word' id='word_1_184' title='bbox 942 1357 1274 1402; x_wconf 67' lang='lat' dir='ltr'>Lacedaemonios,</span> <span class='ocrx_word' id='word_1_185' title='bbox 1295 1357 1358 1407; x_wconf 90' lang='lat' dir='ltr'>qui</span> <span class='ocrx_word' id='word_1_186' title='bbox 1379 1370 1464 1394; x_wconf 86' lang='lat' dir='ltr'>eam</span> <span class='ocrx_word' id='word_1_187' title='bbox 1484 1364 1602 1394; x_wconf 89' lang='lat' dir='ltr'>artem</span> <span class='ocrx_word' id='word_1_188' title='bbox 1625 1357 1698 1407; x_wconf 90' lang='lat' dir='ltr'>ipsi</span> 
     </span>
     <span class='ocr_line' id='line_1_21' title="bbox 223 1417 1698 1472; baseline -0.004 -12"><span class='ocrx_word' id='word_1_189' title='bbox 223 1422 320 1460; x_wconf 88' lang='lat' dir='ltr'>alios</span> <span class='ocrx_word' id='word_1_190' title='bbox 341 1421 478 1459; x_wconf 89' lang='lat' dir='ltr'>docere</span> <span class='ocrx_word' id='word_1_191' title='bbox 498 1427 675 1472; x_wconf 88' lang='lat' dir='ltr'>possunt.</span> <span class='ocrx_word' id='word_1_192' title='bbox 724 1421 809 1471; x_wconf 88' lang='lat' dir='ltr'>Ego</span> <span class='ocrx_word' id='word_1_193' title='bbox 825 1432 930 1465; x_wconf 90' lang='lat' dir='ltr'>vero,</span> <span class='ocrx_word' id='word_1_194' title='bbox 951 1418 1021 1456; x_wconf 89' lang='lat' dir='ltr'>nisi</span> <span class='ocrx_word' id='word_1_195' title='bbox 1042 1417 1225 1468; x_wconf 87' lang='lat' dir='ltr'>temporis</span> <span class='ocrx_word' id='word_1_196' title='bbox 1247 1417 1436 1468; x_wconf 86' lang='lat' dir='ltr'>angustiis</span> <span class='ocrx_word' id='word_1_197' title='bbox 1457 1417 1698 1462; x_wconf 89' lang='lat' dir='ltr'>excluderer,</span> 
     </span>
     <span class='ocr_line' id='line_1_22' title="bbox 223 1478 1697 1532; baseline -0.003 -11"><span class='ocrx_word' id='word_1_198' title='bbox 223 1483 337 1521; x_wconf 88' lang='lat' dir='ltr'>facile</span> <span class='ocrx_word' id='word_1_199' title='bbox 357 1482 603 1521; x_wconf 85' lang='lat' dir='ltr'>ostenderem</span> <span class='ocrx_word' id='word_1_200' title='bbox 629 1494 718 1519; x_wconf 86' lang='lat' dir='ltr'>eum</span> <span class='ocrx_word' id='word_1_201' title='bbox 745 1481 820 1519; x_wconf 88' lang='lat' dir='ltr'>alia</span> <span class='ocrx_word' id='word_1_202' title='bbox 841 1481 929 1532; x_wconf 87' lang='lat' dir='ltr'>jure</span> <span class='ocrx_word' id='word_1_203' title='bbox 959 1479 1100 1530; x_wconf 84' lang='lat' dir='ltr'>egisse,</span> <span class='ocrx_word' id='word_1_204' title='bbox 1130 1479 1178 1516; x_wconf 91' lang='lat' dir='ltr'>de</span> <span class='ocrx_word' id='word_1_205' title='bbox 1208 1478 1291 1516; x_wconf 87' lang='lat' dir='ltr'>aliis</span> <span class='ocrx_word' id='word_1_206' title='bbox 1322 1479 1465 1530; x_wconf 90' lang='lat' dir='ltr'>injuste</span> <span class='ocrx_word' id='word_1_207' title='bbox 1492 1479 1529 1516; x_wconf 92' lang='lat' dir='ltr'>in</span> <span class='ocrx_word' id='word_1_208' title='bbox 1552 1479 1697 1517; x_wconf 85' lang='lat' dir='ltr'>crimen</span> 
     </span>
     <span class='ocr_line' id='line_1_23' title="bbox 220 1541 1698 1593; baseline -0.003 -10"><span class='ocrx_word' id='word_1_209' title='bbox 220 1544 366 1583; x_wconf 86' lang='lat' dir='ltr'>vocari.</span> <span class='ocrx_word' id='word_1_210' title='bbox 425 1544 530 1588; x_wconf 87' lang='lat' dir='ltr'>Quid</span> <span class='ocrx_word' id='word_1_211' title='bbox 559 1556 649 1582; x_wconf 87' lang='lat' dir='ltr'>vero</span> <span class='ocrx_word' id='word_1_212' title='bbox 676 1543 756 1581; x_wconf 79' lang='lat' dir='ltr'>fieri</span> <span class='ocrx_word' id='word_1_213' title='bbox 783 1548 903 1593; x_wconf 83' lang='lat' dir='ltr'>queat</span> <span class='ocrx_word' id='word_1_214' title='bbox 932 1541 1114 1592; x_wconf 89' lang='lat' dir='ltr'>iniquius,</span> <span class='ocrx_word' id='word_1_215' title='bbox 1145 1553 1276 1591; x_wconf 89' lang='lat' dir='ltr'>quam,</span> <span class='ocrx_word' id='word_1_216' title='bbox 1305 1553 1426 1590; x_wconf 90' lang='lat' dir='ltr'>quum</span> <span class='ocrx_word' id='word_1_217' title='bbox 1455 1546 1564 1591; x_wconf 87' lang='lat' dir='ltr'>pater</span> <span class='ocrx_word' id='word_1_218' title='bbox 1588 1553 1698 1579; x_wconf 89' lang='lat' dir='ltr'>meus</span> 
     </span>
     <span class='ocr_line' id='line_1_24' title="bbox 221 1602 1650 1659; baseline -0.004 -13"><span class='ocrx_word' id='word_1_219' title='bbox 221 1614 312 1659; x_wconf 90' lang='lat' dir='ltr'>post</span> <span class='ocrx_word' id='word_1_220' title='bbox 330 1608 462 1657; x_wconf 85' lang='lat' dir='ltr'>fugam</span> <span class='ocrx_word' id='word_1_221' title='bbox 484 1606 684 1657; x_wconf 80' lang='lat' dir='ltr'>praemium</span> <span class='ocrx_word' id='word_1_222' title='bbox 707 1604 914 1654; x_wconf 88' lang='lat' dir='ltr'>acceperit,</span> <span class='ocrx_word' id='word_1_223' title='bbox 933 1616 993 1641; x_wconf 89' lang='lat' dir='ltr'>me</span> <span class='ocrx_word' id='word_1_224' title='bbox 1010 1610 1167 1654; x_wconf 87' lang='lat' dir='ltr'>propter</span> <span class='ocrx_word' id='word_1_225' title='bbox 1188 1602 1290 1639; x_wconf 89' lang='lat' dir='ltr'>illius</span> <span class='ocrx_word' id='word_1_226' title='bbox 1306 1602 1483 1640; x_wconf 85' lang='lat' dir='ltr'>exsilium</span> <span class='ocrx_word' id='word_1_227' title='bbox 1505 1602 1650 1654; x_wconf 77' lang='lat' dir='ltr'>plecti?</span> 
     </span>
    </p>

    <p class='ocr_par' dir='ltr' id='par_1_4' title="bbox 218 1663 1714 2464">
     <span class='ocr_line' id='line_1_25' title="bbox 276 1663 1700 1718; baseline -0.004 -11"><span class='ocrx_word' id='word_1_228' title='bbox 276 1671 314 1706; x_wconf 87' lang='lat'>5.</span> <span class='ocrx_word' id='word_1_229' title='bbox 346 1668 502 1706; x_wconf 90' lang='lat' dir='ltr'>Censeo</span> <span class='ocrx_word' id='word_1_230' title='bbox 524 1674 652 1705; x_wconf 87' lang='lat' dir='ltr'>autem</span> <span class='ocrx_word' id='word_1_231' title='bbox 676 1666 764 1718; x_wconf 87' lang='lat' dir='ltr'>jure</span> <span class='ocrx_word' id='word_1_232' title='bbox 794 1664 847 1702; x_wconf 88' lang='lat' dir='ltr'>illi</span> <span class='ocrx_word' id='word_1_233' title='bbox 875 1663 1034 1703; x_wconf 88' lang='lat' dir='ltr'>omnino</span> <span class='ocrx_word' id='word_1_234' title='bbox 1054 1663 1203 1702; x_wconf 87' lang='lat' dir='ltr'>veniam</span> <span class='ocrx_word' id='word_1_235' title='bbox 1235 1676 1257 1701; x_wconf 90' lang='lat' dir='ltr'>a</span> <span class='ocrx_word' id='word_1_236' title='bbox 1280 1663 1389 1700; x_wconf 92' lang='lat' dir='ltr'>vobis</span> <span class='ocrx_word' id='word_1_237' title='bbox 1417 1676 1503 1701; x_wconf 90' lang='lat' dir='ltr'>esse</span> <span class='ocrx_word' id='word_1_238' title='bbox 1531 1663 1700 1702; x_wconf 89' lang='lat' dir='ltr'>tribuen-</span> 
     </span>
     <span class='ocr_line' id='line_1_26' title="bbox 223 1724 1698 1780; baseline -0.003 -12"><span class='ocrx_word' id='word_1_239' title='bbox 223 1731 331 1769; x_wconf 87' lang='lat' dir='ltr'>dam:</span> <span class='ocrx_word' id='word_1_240' title='bbox 363 1742 496 1767; x_wconf 30' lang='lat' dir='ltr'>namssa</span> <span class='ocrx_word' id='word_1_241' title='bbox 517 1729 677 1780; x_wconf 85' lang='lat' dir='ltr'>triginta</span> <span class='ocrx_word' id='word_1_242' title='bbox 698 1727 868 1780; x_wconf 85' lang='lat' dir='ltr'>tyrannis</span> <span class='ocrx_word' id='word_1_243' title='bbox 895 1726 1046 1777; x_wconf 86' lang='lat' dir='ltr'>expulsi</span> <span class='ocrx_word' id='word_1_244' title='bbox 1072 1725 1206 1763; x_wconf 90' lang='lat' dir='ltr'>iisdem</span> <span class='ocrx_word' id='word_1_245' title='bbox 1227 1724 1367 1775; x_wconf 90' lang='lat' dir='ltr'>quibus</span> <span class='ocrx_word' id='word_1_246' title='bbox 1389 1724 1452 1762; x_wconf 90' lang='lat' dir='ltr'>ille</span> <span class='ocrx_word' id='word_1_247' title='bbox 1475 1725 1583 1762; x_wconf 88' lang='lat' dir='ltr'>malis</span> <span class='ocrx_word' id='word_1_248' title='bbox 1605 1739 1698 1764; x_wconf 80' lang='lat' dir='ltr'>con-</span> 
     </span>
     <span class='ocr_line' id='line_1_27' title="bbox 221 1786 1696 1837; baseline -0.005 -7"><span class='ocrx_word' id='word_1_249' title='bbox 221 1791 358 1830; x_wconf 83' lang='lat' dir='ltr'>flictati</span> <span class='ocrx_word' id='word_1_250' title='bbox 379 1791 484 1830; x_wconf 87' lang='lat' dir='ltr'>estis.</span> <span class='ocrx_word' id='word_1_251' title='bbox 541 1790 656 1829; x_wconf 90' lang='lat' dir='ltr'>Unde</span> <span class='ocrx_word' id='word_1_252' title='bbox 672 1791 711 1828; x_wconf 91' lang='lat' dir='ltr'>in</span> <span class='ocrx_word' id='word_1_253' title='bbox 727 1789 897 1828; x_wconf 89' lang='lat' dir='ltr'>animum</span> <span class='ocrx_word' id='word_1_254' title='bbox 917 1786 1181 1826; x_wconf 86' lang='lat' dir='ltr'>revocandum</span> <span class='ocrx_word' id='word_1_255' title='bbox 1201 1794 1275 1832; x_wconf 84' lang='lat' dir='ltr'>est,</span> <span class='ocrx_word' id='word_1_256' title='bbox 1289 1787 1510 1837; x_wconf 85' lang='lat' dir='ltr'>utquisque</span> <span class='ocrx_word' id='word_1_257' title='bbox 1524 1793 1696 1825; x_wconf 88' lang='lat' dir='ltr'>vestrum</span> 
     </span>
     <span class='ocr_line' id='line_1_28' title="bbox 222 1847 1697 1904; baseline -0.005 -12"><span class='ocrx_word' id='word_1_258' title='bbox 222 1853 385 1892; x_wconf 85' lang='lat' dir='ltr'>affectus</span> <span class='ocrx_word' id='word_1_259' title='bbox 407 1852 522 1891; x_wconf 85' lang='lat' dir='ltr'>fuerit</span> <span class='ocrx_word' id='word_1_260' title='bbox 547 1860 586 1890; x_wconf 91' lang='lat' dir='ltr'>et</span> <span class='ocrx_word' id='word_1_261' title='bbox 610 1852 703 1904; x_wconf 91' lang='lat' dir='ltr'>quid</span> <span class='ocrx_word' id='word_1_262' title='bbox 730 1850 847 1889; x_wconf 88' lang='lat' dir='ltr'>animi</span> <span class='ocrx_word' id='word_1_263' title='bbox 873 1849 1052 1888; x_wconf 87' lang='lat' dir='ltr'>habuerit</span> <span class='ocrx_word' id='word_1_264' title='bbox 1076 1855 1114 1886; x_wconf 92' lang='lat' dir='ltr'>et</span> <span class='ocrx_word' id='word_1_265' title='bbox 1141 1848 1236 1899; x_wconf 85' lang='lat' dir='ltr'>quid</span> <span class='ocrx_word' id='word_1_266' title='bbox 1260 1847 1420 1899; x_wconf 88' lang='lat' dir='ltr'>periculi</span> <span class='ocrx_word' id='word_1_267' title='bbox 1441 1861 1515 1885; x_wconf 90' lang='lat' dir='ltr'>non</span> <span class='ocrx_word' id='word_1_268' title='bbox 1539 1847 1697 1891; x_wconf 86' lang='lat' dir='ltr'>adisset,</span> 
     </span>
     <span class='ocr_line' id='line_1_29' title="bbox 220 1909 1696 1967; baseline -0.005 -13"><span class='ocrx_word' id='word_1_269' title='bbox 220 1923 263 1954; x_wconf 90' lang='lat' dir='ltr'>ut</span> <span class='ocrx_word' id='word_1_270' title='bbox 284 1930 331 1954; x_wconf 88' lang='lat' dir='ltr'>ne</span> <span class='ocrx_word' id='word_1_271' title='bbox 352 1915 525 1967; x_wconf 90' lang='lat' dir='ltr'>inquilini</span> <span class='ocrx_word' id='word_1_272' title='bbox 541 1914 628 1953; x_wconf 90' lang='lat' dir='ltr'>loco</span> <span class='ocrx_word' id='word_1_273' title='bbox 647 1912 793 1952; x_wconf 87' lang='lat' dir='ltr'>diutius</span> <span class='ocrx_word' id='word_1_274' title='bbox 810 1925 895 1950; x_wconf 90' lang='lat' dir='ltr'>esse</span> <span class='ocrx_word' id='word_1_275' title='bbox 912 1918 1130 1962; x_wconf 84' lang='lat' dir='ltr'>cogeretur,</span> <span class='ocrx_word' id='word_1_276' title='bbox 1153 1917 1192 1947; x_wconf 88' lang='lat' dir='ltr'>et</span> <span class='ocrx_word' id='word_1_277' title='bbox 1212 1917 1255 1947; x_wconf 88' lang='lat' dir='ltr'>ut</span> <span class='ocrx_word' id='word_1_278' title='bbox 1275 1910 1311 1946; x_wconf 89' lang='lat' dir='ltr'>in</span> <span class='ocrx_word' id='word_1_279' title='bbox 1333 1909 1496 1960; x_wconf 84' lang='lat' dir='ltr'>patriam</span> <span class='ocrx_word' id='word_1_280' title='bbox 1518 1923 1696 1948; x_wconf 88' lang='lat' dir='ltr'>reversus</span> 
     </span>
     <span class='ocr_line' id='line_1_30' title="bbox 221 1972 1695 2030; baseline -0.005 -13"><span class='ocrx_word' id='word_1_281' title='bbox 221 1991 353 2030; x_wconf 85' lang='lat' dir='ltr'>poenas</span> <span class='ocrx_word' id='word_1_282' title='bbox 374 1979 422 2016; x_wconf 90' lang='lat' dir='ltr'>de</span> <span class='ocrx_word' id='word_1_283' title='bbox 442 1978 486 2016; x_wconf 88' lang='lat' dir='ltr'>iis</span> <span class='ocrx_word' id='word_1_284' title='bbox 506 1983 689 2023; x_wconf 87' lang='lat' dir='ltr'>sumeret,</span> <span class='ocrx_word' id='word_1_285' title='bbox 709 1975 775 2027; x_wconf 91' lang='lat' dir='ltr'>qui</span> <span class='ocrx_word' id='word_1_286' title='bbox 799 1988 839 2013; x_wconf 91' lang='lat' dir='ltr'>se</span> <span class='ocrx_word' id='word_1_287' title='bbox 866 1974 1086 2026; x_wconf 84' lang='lat' dir='ltr'>ejecissent.</span> <span class='ocrx_word' id='word_1_288' title='bbox 1144 1972 1272 2016; x_wconf 88' lang='lat' dir='ltr'>Quam</span> <span class='ocrx_word' id='word_1_289' title='bbox 1296 1973 1444 2018; x_wconf 85' lang='lat' dir='ltr'>urbem,</span> <span class='ocrx_word' id='word_1_290' title='bbox 1464 1985 1579 2022; x_wconf 90' lang='lat' dir='ltr'>quem</span> <span class='ocrx_word' id='word_1_291' title='bbox 1601 1973 1695 2010; x_wconf 89' lang='lat' dir='ltr'>ami-</span> 
     </span>
     <span class='ocr_line' id='line_1_31' title="bbox 219 2033 1695 2091; baseline -0.004 -13"><span class='ocrx_word' id='word_1_292' title='bbox 219 2053 323 2085; x_wconf 85' lang='lat' dir='ltr'>cum,</span> <span class='ocrx_word' id='word_1_293' title='bbox 362 2053 478 2091; x_wconf 89' lang='lat' dir='ltr'>quem</span> <span class='ocrx_word' id='word_1_294' title='bbox 509 2039 700 2091; x_wconf 88' lang='lat' dir='ltr'>hospitem</span> <span class='ocrx_word' id='word_1_295' title='bbox 732 2051 811 2076; x_wconf 89' lang='lat' dir='ltr'>non</span> <span class='ocrx_word' id='word_1_296' title='bbox 844 2037 980 2075; x_wconf 86' lang='lat' dir='ltr'>adistis</span> <span class='ocrx_word' id='word_1_297' title='bbox 1016 2035 1210 2086; x_wconf 83' lang='lat' dir='ltr'>precaturi</span> <span class='ocrx_word' id='word_1_298' title='bbox 1242 2041 1286 2072; x_wconf 89' lang='lat' dir='ltr'>ut</span> <span class='ocrx_word' id='word_1_299' title='bbox 1318 2034 1428 2072; x_wconf 92' lang='lat' dir='ltr'>vobis</span> <span class='ocrx_word' id='word_1_300' title='bbox 1469 2033 1695 2085; x_wconf 86' lang='lat' dir='ltr'>adjumento</span> 
     </span>
     <span class='ocr_line' id='line_1_32' title="bbox 221 2097 1694 2153; baseline -0.003 -13"><span class='ocrx_word' id='word_1_301' title='bbox 221 2109 355 2141; x_wconf 86' lang='lat' dir='ltr'>essent</span> <span class='ocrx_word' id='word_1_302' title='bbox 376 2102 426 2139; x_wconf 88' lang='lat' dir='ltr'>ad</span> <span class='ocrx_word' id='word_1_303' title='bbox 448 2101 611 2153; x_wconf 88' lang='lat' dir='ltr'>patriam</span> <span class='ocrx_word' id='word_1_304' title='bbox 633 2099 961 2152; x_wconf 73' lang='lat' dir='ltr'>recuperandam?</span> <span class='ocrx_word' id='word_1_305' title='bbox 994 2098 1097 2142; x_wconf 89' lang='lat' dir='ltr'>Quid</span> <span class='ocrx_word' id='word_1_306' title='bbox 1119 2111 1141 2135; x_wconf 89' lang='lat' dir='ltr'>a</span> <span class='ocrx_word' id='word_1_307' title='bbox 1161 2097 1268 2135; x_wconf 91' lang='lat' dir='ltr'>vobis</span> <span class='ocrx_word' id='word_1_308' title='bbox 1288 2098 1473 2136; x_wconf 88' lang='lat' dir='ltr'>omissum</span> <span class='ocrx_word' id='word_1_309' title='bbox 1494 2104 1567 2143; x_wconf 90' lang='lat' dir='ltr'>est,</span> <span class='ocrx_word' id='word_1_310' title='bbox 1587 2099 1694 2149; x_wconf 92' lang='lat' dir='ltr'>quod</span> 
     </span>
     <span class='ocr_line' id='line_1_33' title="bbox 218 2159 1696 2214; baseline -0.002 -12"><span class='ocrx_word' id='word_1_311' title='bbox 218 2164 386 2203; x_wconf 88' lang='lat' dir='ltr'>reditum</span> <span class='ocrx_word' id='word_1_312' title='bbox 413 2163 588 2214; x_wconf 80' lang='lat' dir='ltr'>pareret?</span> <span class='ocrx_word' id='word_1_313' title='bbox 629 2163 771 2201; x_wconf 89' lang='lat' dir='ltr'>Annon</span> <span class='ocrx_word' id='word_1_314' title='bbox 798 2167 993 2212; x_wconf 89' lang='lat' dir='ltr'>occupato</span> <span class='ocrx_word' id='word_1_315' title='bbox 1019 2159 1167 2198; x_wconf 76' lang='lat' dir='ltr'>Piraeeo</span> <span class='ocrx_word' id='word_1_316' title='bbox 1197 2166 1238 2197; x_wconf 91' lang='lat' dir='ltr'>et</span> <span class='ocrx_word' id='word_1_317' title='bbox 1267 2166 1421 2209; x_wconf 85' lang='lat' dir='ltr'>segetes</span> <span class='ocrx_word' id='word_1_318' title='bbox 1445 2160 1625 2198; x_wconf 86' lang='lat' dir='ltr'>vastastis</span> <span class='ocrx_word' id='word_1_319' title='bbox 1656 2168 1696 2199; x_wconf 84' lang='lat' dir='ltr'>et</span> 
     </span>
     <span class='ocr_line' id='line_1_34' title="bbox 220 2220 1714 2278; baseline -0.003 -14"><span class='ocrx_word' id='word_1_320' title='bbox 220 2239 335 2278; x_wconf 86' lang='lat' dir='ltr'>agros</span> <span class='ocrx_word' id='word_1_321' title='bbox 356 2225 466 2264; x_wconf 84' lang='lat' dir='ltr'>caesis</span> <span class='ocrx_word' id='word_1_322' title='bbox 481 2224 679 2262; x_wconf 88' lang='lat' dir='ltr'>arboribus</span> <span class='ocrx_word' id='word_1_323' title='bbox 695 2224 869 2275; x_wconf 86' lang='lat' dir='ltr'>populati</span> <span class='ocrx_word' id='word_1_324' title='bbox 887 2221 1006 2260; x_wconf 75' lang='lat' dir='ltr'>estis?</span> <span class='ocrx_word' id='word_1_325' title='bbox 1036 2234 1114 2259; x_wconf 90' lang='lat' dir='ltr'>non</span> <span class='ocrx_word' id='word_1_326' title='bbox 1131 2220 1317 2259; x_wconf 85' lang='lat' dir='ltr'>suburbia</span> <span class='ocrx_word' id='word_1_327' title='bbox 1333 2220 1586 2258; x_wconf 77' lang='lat' dir='ltr'>incendistis?</span> <span class='ocrx_word' id='word_1_328' title='bbox 1616 2234 1694 2260; x_wconf 90' lang='lat' dir='ltr'>non</span> <span class='ocrx_word' id='word_1_329' title='bbox 1712 2272 1714 2275; x_wconf 11' lang='grc' dir='ltr'>ἱ</span> 
     </span>
     <span class='ocr_line' id='line_1_35' title="bbox 218 2282 1695 2338; baseline -0.002 -12"><span class='ocrx_word' id='word_1_330' title='bbox 218 2300 350 2327; x_wconf 88' lang='lat' dir='ltr'>muros</span> <span class='ocrx_word' id='word_1_331' title='bbox 371 2287 541 2338; x_wconf 91' lang='lat' dir='ltr'>denique</span> <span class='ocrx_word' id='word_1_332' title='bbox 561 2285 838 2338; x_wconf 75' lang='lat' dir='ltr'>oppugnastis?</span> <span class='ocrx_word' id='word_1_333' title='bbox 869 2285 968 2322; x_wconf 88' lang='lat' dir='ltr'>Haec</span> <span class='ocrx_word' id='word_1_334' title='bbox 988 2284 1041 2322; x_wconf 88' lang='lat' dir='ltr'>ita</span> <span class='ocrx_word' id='word_1_335' title='bbox 1062 2284 1201 2322; x_wconf 89' lang='lat' dir='ltr'>decere</span> <span class='ocrx_word' id='word_1_336' title='bbox 1224 2296 1268 2321; x_wconf 87' lang='lat' dir='ltr'>ac</span> <span class='ocrx_word' id='word_1_337' title='bbox 1295 2296 1342 2320; x_wconf 87' lang='lat' dir='ltr'>ex</span> <span class='ocrx_word' id='word_1_338' title='bbox 1363 2282 1490 2320; x_wconf 85' lang='lat' dir='ltr'>officio</span> <span class='ocrx_word' id='word_1_339' title='bbox 1511 2283 1695 2323; x_wconf 85' lang='lat' dir='ltr'>facienda</span> 
     </span>
     <span class='ocr_line' id='line_1_36' title="bbox 218 2344 1692 2399; baseline -0.003 -10"><span class='ocrx_word' id='word_1_340' title='bbox 218 2349 440 2396; x_wconf 84' lang='lat' dir='ltr'>censuistis,</span> <span class='ocrx_word' id='word_1_341' title='bbox 461 2357 516 2395; x_wconf 87' lang='lat' dir='ltr'>ut,</span> <span class='ocrx_word' id='word_1_342' title='bbox 544 2348 575 2386; x_wconf 91' lang='lat' dir='ltr'>si</span> <span class='ocrx_word' id='word_1_343' title='bbox 597 2347 663 2399; x_wconf 88' lang='lat' dir='ltr'>qui</span> <span class='ocrx_word' id='word_1_344' title='bbox 684 2348 733 2385; x_wconf 93' lang='lat' dir='ltr'>de</span> <span class='ocrx_word' id='word_1_345' title='bbox 753 2359 913 2385; x_wconf 86' lang='lat' dir='ltr'>numero</span> <span class='ocrx_word' id='word_1_346' title='bbox 934 2346 1113 2384; x_wconf 90' lang='lat' dir='ltr'>exsulum</span> <span class='ocrx_word' id='word_1_347' title='bbox 1135 2345 1254 2396; x_wconf 91' lang='lat' dir='ltr'>quieti</span> <span class='ocrx_word' id='word_1_348' title='bbox 1276 2358 1316 2383; x_wconf 91' lang='lat' dir='ltr'>se</span> <span class='ocrx_word' id='word_1_349' title='bbox 1336 2344 1593 2391; x_wconf 89' lang='lat' dir='ltr'>dedidissent,</span> <span class='ocrx_word' id='word_1_350' title='bbox 1614 2345 1692 2384; x_wconf 88' lang='lat' dir='ltr'>illis</span> 
     </span>
     <span class='ocr_line' id='line_1_37' title="bbox 218 2407 1303 2464; baseline -0.006 -13"><span class='ocrx_word' id='word_1_351' title='bbox 218 2413 343 2464; x_wconf 84' lang='lat' dir='ltr'>magis</span> <span class='ocrx_word' id='word_1_352' title='bbox 363 2410 621 2449; x_wconf 88' lang='lat' dir='ltr'>irasceremini</span> <span class='ocrx_word' id='word_1_353' title='bbox 641 2422 759 2460; x_wconf 89' lang='lat' dir='ltr'>quam</span> <span class='ocrx_word' id='word_1_354' title='bbox 779 2408 1044 2447; x_wconf 87' lang='lat' dir='ltr'>calamitatum</span> <span class='ocrx_word' id='word_1_355' title='bbox 1067 2407 1303 2445; x_wconf 86' lang='lat' dir='ltr'>auctoribus.</span> 
     </span>
    </p>

    <p class='ocr_par' dir='ltr' id='par_1_5' title="bbox 216 2468 1694 2950">
     <span class='ocr_line' id='line_1_38' title="bbox 273 2468 1693 2522; baseline -0.006 -9"><span class='ocrx_word' id='word_1_356' title='bbox 273 2478 311 2514; x_wconf 89' lang='lat'>6.</span> <span class='ocrx_word' id='word_1_357' title='bbox 340 2473 601 2518; x_wconf 87' lang='lat' dir='ltr'>Quamobrem</span> <span class='ocrx_word' id='word_1_358' title='bbox 628 2470 812 2522; x_wconf 86' lang='lat' dir='ltr'>culpandi</span> <span class='ocrx_word' id='word_1_359' title='bbox 841 2482 916 2507; x_wconf 90' lang='lat' dir='ltr'>non</span> <span class='ocrx_word' id='word_1_360' title='bbox 947 2476 1039 2506; x_wconf 90' lang='lat' dir='ltr'>sunt</span> <span class='ocrx_word' id='word_1_361' title='bbox 1056 2468 1122 2518; x_wconf 84' lang='lat' dir='ltr'>qui</span> <span class='ocrx_word' id='word_1_362' title='bbox 1149 2469 1284 2506; x_wconf 89' lang='lat' dir='ltr'>eadem</span> <span class='ocrx_word' id='word_1_363' title='bbox 1310 2481 1398 2519; x_wconf 84' lang='lat' dir='ltr'>quae</span> <span class='ocrx_word' id='word_1_364' title='bbox 1419 2481 1486 2506; x_wconf 88' lang='lat' dir='ltr'>vos</span> <span class='ocrx_word' id='word_1_365' title='bbox 1508 2468 1693 2520; x_wconf 88' lang='lat' dir='ltr'>concupi-</span> 
     </span>
     <span class='ocr_line' id='line_1_39' title="bbox 217 2528 1689 2584; baseline -0.005 -10"><span class='ocrx_word' id='word_1_366' title='bbox 217 2542 369 2581; x_wconf 89' lang='lat' dir='ltr'>verunt,</span> <span class='ocrx_word' id='word_1_367' title='bbox 403 2547 475 2573; x_wconf 90' lang='lat' dir='ltr'>nec</span> <span class='ocrx_word' id='word_1_368' title='bbox 503 2533 541 2571; x_wconf 89' lang='lat' dir='ltr'>in</span> <span class='ocrx_word' id='word_1_369' title='bbox 572 2533 833 2584; x_wconf 87' lang='lat' dir='ltr'>improborum</span> <span class='ocrx_word' id='word_1_370' title='bbox 863 2543 1023 2568; x_wconf 89' lang='lat' dir='ltr'>numero</span> <span class='ocrx_word' id='word_1_371' title='bbox 1050 2529 1220 2567; x_wconf 88' lang='lat' dir='ltr'>habendi</span> <span class='ocrx_word' id='word_1_372' title='bbox 1247 2529 1315 2566; x_wconf 91' lang='lat' dir='ltr'>viri</span> <span class='ocrx_word' id='word_1_373' title='bbox 1344 2528 1409 2579; x_wconf 90' lang='lat' dir='ltr'>qui</span> <span class='ocrx_word' id='word_1_374' title='bbox 1437 2529 1560 2579; x_wconf 84' lang='lat' dir='ltr'>patria</span> <span class='ocrx_word' id='word_1_375' title='bbox 1589 2529 1689 2580; x_wconf 91' lang='lat' dir='ltr'>pulsi</span> 
     </span>
     <span class='ocr_line' id='line_1_40' title="bbox 218 2589 1691 2642; baseline -0.005 -6"><span class='ocrx_word' id='word_1_376' title='bbox 218 2598 342 2638; x_wconf 85' lang='lat' dir='ltr'>redire</span> <span class='ocrx_word' id='word_1_377' title='bbox 362 2597 409 2634; x_wconf 88' lang='lat' dir='ltr'>ab</span> <span class='ocrx_word' id='word_1_378' title='bbox 430 2595 562 2634; x_wconf 78' lang='lat' dir='ltr'>exsilio</span> <span class='ocrx_word' id='word_1_379' title='bbox 584 2594 831 2638; x_wconf 84' lang='lat' dir='ltr'>studuerunt,</span> <span class='ocrx_word' id='word_1_380' title='bbox 861 2592 931 2630; x_wconf 89' lang='lat' dir='ltr'>sed</span> <span class='ocrx_word' id='word_1_381' title='bbox 959 2591 1014 2629; x_wconf 91' lang='lat' dir='ltr'>illi</span> <span class='ocrx_word' id='word_1_382' title='bbox 1034 2591 1164 2642; x_wconf 90' lang='lat' dir='ltr'>potius</span> <span class='ocrx_word' id='word_1_383' title='bbox 1184 2590 1250 2640; x_wconf 90' lang='lat' dir='ltr'>qui</span> <span class='ocrx_word' id='word_1_384' title='bbox 1271 2603 1392 2640; x_wconf 85' lang='lat' dir='ltr'>quum</span> <span class='ocrx_word' id='word_1_385' title='bbox 1412 2589 1515 2628; x_wconf 90' lang='lat' dir='ltr'>domi</span> <span class='ocrx_word' id='word_1_386' title='bbox 1537 2603 1691 2629; x_wconf 89' lang='lat' dir='ltr'>manse·</span> 
     </span>
     <span class='ocr_line' id='line_1_41' title="bbox 217 2652 1694 2708; baseline -0.003 -11"><span class='ocrx_word' id='word_1_387' title='bbox 217 2659 293 2697; x_wconf 88' lang='lat' dir='ltr'>rint</span> <span class='ocrx_word' id='word_1_388' title='bbox 313 2658 447 2696; x_wconf 89' lang='lat' dir='ltr'>exsilio</span> <span class='ocrx_word' id='word_1_389' title='bbox 468 2657 587 2708; x_wconf 88' lang='lat' dir='ltr'>digna</span> <span class='ocrx_word' id='word_1_390' title='bbox 606 2662 898 2708; x_wconf 88' lang='lat' dir='ltr'>perpetrarunt:</span> <span class='ocrx_word' id='word_1_391' title='bbox 930 2666 1055 2705; x_wconf 90' lang='lat' dir='ltr'>neque</span> <span class='ocrx_word' id='word_1_392' title='bbox 1074 2652 1163 2690; x_wconf 87' lang='lat' dir='ltr'>inde</span> <span class='ocrx_word' id='word_1_393' title='bbox 1183 2652 1414 2691; x_wconf 90' lang='lat' dir='ltr'>ordiendum</span> <span class='ocrx_word' id='word_1_394' title='bbox 1435 2659 1508 2698; x_wconf 90' lang='lat' dir='ltr'>est,</span> <span class='ocrx_word' id='word_1_395' title='bbox 1539 2653 1568 2690; x_wconf 93' lang='lat' dir='ltr'>si</span> <span class='ocrx_word' id='word_1_396' title='bbox 1591 2654 1694 2705; x_wconf 90' lang='lat' dir='ltr'>judi-</span> 
     </span>
     <span class='ocr_line' id='line_1_42' title="bbox 218 2713 1688 2771; baseline -0.003 -12"><span class='ocrx_word' id='word_1_397' title='bbox 218 2733 308 2760; x_wconf 88' lang='lat' dir='ltr'>care</span> <span class='ocrx_word' id='word_1_398' title='bbox 329 2719 454 2758; x_wconf 86' lang='lat' dir='ltr'>velitis</span> <span class='ocrx_word' id='word_1_399' title='bbox 474 2719 600 2771; x_wconf 85' lang='lat' dir='ltr'>qualis</span> <span class='ocrx_word' id='word_1_400' title='bbox 620 2725 730 2770; x_wconf 87' lang='lat' dir='ltr'>pater</span> <span class='ocrx_word' id='word_1_401' title='bbox 749 2730 858 2756; x_wconf 90' lang='lat' dir='ltr'>meus</span> <span class='ocrx_word' id='word_1_402' title='bbox 883 2716 976 2755; x_wconf 92' lang='lat' dir='ltr'>civis</span> <span class='ocrx_word' id='word_1_403' title='bbox 1002 2714 1131 2759; x_wconf 89' lang='lat' dir='ltr'>fuerit,</span> <span class='ocrx_word' id='word_1_404' title='bbox 1158 2727 1278 2764; x_wconf 89' lang='lat' dir='ltr'>quum</span> <span class='ocrx_word' id='word_1_405' title='bbox 1300 2714 1390 2750; x_wconf 90' lang='lat' dir='ltr'>urbs</span> <span class='ocrx_word' id='word_1_406' title='bbox 1413 2713 1495 2764; x_wconf 85' lang='lat' dir='ltr'>jam</span> <span class='ocrx_word' id='word_1_407' title='bbox 1525 2715 1618 2753; x_wconf 89' lang='lat' dir='ltr'>nihil</span> <span class='ocrx_word' id='word_1_408' title='bbox 1640 2716 1688 2754; x_wconf 89' lang='lat' dir='ltr'>ad</span> 
     </span>
     <span class='ocr_line' id='line_1_43' title="bbox 220 2776 1689 2830; baseline -0.005 -8"><span class='ocrx_word' id='word_1_409' title='bbox 220 2797 309 2823; x_wconf 90' lang='lat' dir='ltr'>eum</span> <span class='ocrx_word' id='word_1_410' title='bbox 343 2783 538 2827; x_wconf 89' lang='lat' dir='ltr'>attineret,</span> <span class='ocrx_word' id='word_1_411' title='bbox 573 2781 641 2819; x_wconf 86' lang='lat' dir='ltr'>sed</span> <span class='ocrx_word' id='word_1_412' title='bbox 673 2782 721 2819; x_wconf 85' lang='lat' dir='ltr'>ab</span> <span class='ocrx_word' id='word_1_413' title='bbox 750 2793 796 2818; x_wconf 92' lang='lat' dir='ltr'>eo</span> <span class='ocrx_word' id='word_1_414' title='bbox 826 2787 1000 2830; x_wconf 89' lang='lat' dir='ltr'>tempore</span> <span class='ocrx_word' id='word_1_415' title='bbox 1031 2776 1375 2822; x_wconf 83' lang='lat' dir='ltr'>considerandum,</span> <span class='ocrx_word' id='word_1_416' title='bbox 1408 2776 1562 2826; x_wconf 89' lang='lat' dir='ltr'>qualern</span> <span class='ocrx_word' id='word_1_417' title='bbox 1595 2791 1689 2829; x_wconf 89' lang='lat' dir='ltr'>erga</span> 
     </span>
     <span class='ocr_line' id='line_1_44' title="bbox 217 2838 1687 2898; baseline -0.004 -15"><span class='ocrx_word' id='word_1_418' title='bbox 217 2845 404 2898; x_wconf 88' lang='lat' dir='ltr'>populum</span> <span class='ocrx_word' id='word_1_419' title='bbox 435 2857 474 2881; x_wconf 90' lang='lat' dir='ltr'>se</span> <span class='ocrx_word' id='word_1_420' title='bbox 508 2842 712 2894; x_wconf 82' lang='lat' dir='ltr'>praebuerit</span> <span class='ocrx_word' id='word_1_421' title='bbox 737 2849 948 2893; x_wconf 85' lang='lat' dir='ltr'>antequam</span> <span class='ocrx_word' id='word_1_422' title='bbox 985 2840 1024 2877; x_wconf 91' lang='lat' dir='ltr'>in</span> <span class='ocrx_word' id='word_1_423' title='bbox 1051 2838 1228 2877; x_wconf 89' lang='lat' dir='ltr'>exsilium</span> <span class='ocrx_word' id='word_1_424' title='bbox 1256 2843 1448 2887; x_wconf 88' lang='lat' dir='ltr'>ageretur,</span> <span class='ocrx_word' id='word_1_425' title='bbox 1481 2844 1538 2889; x_wconf 78' lang='lat' dir='ltr'>ut,</span> <span class='ocrx_word' id='word_1_426' title='bbox 1566 2852 1687 2889; x_wconf 89' lang='lat' dir='ltr'>quum</span> 
     </span>
     <span class='ocr_line' id='line_1_45' title="bbox 216 2899 1690 2950; baseline -0.004 -4"><span class='ocrx_word' id='word_1_427' title='bbox 216 2909 406 2946; x_wconf 89' lang='lat' dir='ltr'>ducentos</span> <span class='ocrx_word' id='word_1_428' title='bbox 426 2904 616 2943; x_wconf 87' lang='lat' dir='ltr'>duntaxat</span> <span class='ocrx_word' id='word_1_429' title='bbox 635 2910 803 2942; x_wconf 88' lang='lat' dir='ltr'>armatos</span> <span class='ocrx_word' id='word_1_430' title='bbox 832 2902 1004 2948; x_wconf 87' lang='lat' dir='ltr'>haberet,</span> <span class='ocrx_word' id='word_1_431' title='bbox 1033 2900 1222 2939; x_wconf 87' lang='lat' dir='ltr'>maximas</span> <span class='ocrx_word' id='word_1_432' title='bbox 1244 2899 1506 2950; x_wconf 85' lang='lat' dir='ltr'>Peloponnesi</span> <span class='ocrx_word' id='word_1_433' title='bbox 1533 2902 1646 2940; x_wconf 89' lang='lat' dir='ltr'>urbes</span> <span class='ocrx_word' id='word_1_434' title='bbox 1666 2915 1690 2940; x_wconf 85' lang='lat' dir='ltr'>a</span> 
     </span>
    </p>
   </div>
  </div>
 </body>
</html>
