<?xml version="1.0" encoding="UTF-8"?>
<!DOCTYPE html PUBLIC "-//W3C//DTD XHTML 1.0 Transitional//EN"
    "http://www.w3.org/TR/xhtml1/DTD/xhtml1-transitional.dtd">
<html xmlns="http://www.w3.org/1999/xhtml" xml:lang="en" lang="en">
 <head>
  <title>
</title>
<meta http-equiv="Content-Type" content="text/html;charset=utf-8" />
  <meta name='ocr-system' content='tesseract 3.04.00' />
  <meta name='ocr-capabilities' content='ocr_page ocr_carea ocr_par ocr_line ocrx_word'/>
</head>
<body>
  <div class='ocr_page' id='page_1' title='image "./oratoresatticie14dobs_0479.png"; bbox 0 0 1870 3277; ppageno 0'>
   <div class='ocr_carea' id='block_1_1' title="bbox 644 184 1657 225">
    <p class='ocr_par' dir='ltr' id='par_1_1' title="bbox 644 184 1657 225">
     <span class='ocr_line' id='line_1_1' title="bbox 644 184 1657 225; baseline 0.004 -4"><span class='ocrx_word' id='word_1_1' title='bbox 644 184 865 222; x_wconf 86' lang='lat' dir='ltr'>CONTRA</span> <span class='ocrx_word' id='word_1_2' title='bbox 896 185 1239 224; x_wconf 84' lang='lat' dir='ltr'>LEOCRATEM.</span> <span class='ocrx_word' id='word_1_3' title='bbox 1584 189 1657 225; x_wconf 87' lang='lat'>467</span> 
     </span>
    </p>
   </div>
   <div class='ocr_carea' id='block_1_2' title="bbox 179 284 1661 2959">
    <p class='ocr_par' dir='ltr' id='par_1_2' title="bbox 211 284 1661 636">
     <span class='ocr_line' id='line_1_2' title="bbox 218 284 1661 337; baseline 0.006 -18"><span class='ocrx_word' id='word_1_4' title='bbox 218 294 335 332; x_wconf 86' lang='lat' dir='ltr'>quum</span> <span class='ocrx_word' id='word_1_5' title='bbox 362 296 492 321; x_wconf 89' lang='lat' dir='ltr'>omnes</span> <span class='ocrx_word' id='word_1_6' title='bbox 517 284 645 323; x_wconf 83' lang='lat' dir='ltr'>Graeci</span> <span class='ocrx_word' id='word_1_7' title='bbox 663 286 730 322; x_wconf 90' lang='lat' dir='ltr'>viri</span> <span class='ocrx_word' id='word_1_8' title='bbox 761 286 849 323; x_wconf 88' lang='lat' dir='ltr'>boni</span> <span class='ocrx_word' id='word_1_9' title='bbox 878 286 1018 323; x_wconf 89' lang='lat' dir='ltr'>fuerint</span> <span class='ocrx_word' id='word_1_10' title='bbox 1046 286 1094 323; x_wconf 91' lang='lat' dir='ltr'>ad</span> <span class='ocrx_word' id='word_1_11' title='bbox 1123 288 1308 337; x_wconf 89' lang='lat' dir='ltr'>pericula,</span> <span class='ocrx_word' id='word_1_12' title='bbox 1337 289 1426 326; x_wconf 90' lang='lat' dir='ltr'>urbs</span> <span class='ocrx_word' id='word_1_13' title='bbox 1455 296 1580 327; x_wconf 91' lang='lat' dir='ltr'>vestra</span> <span class='ocrx_word' id='word_1_14' title='bbox 1611 289 1661 326; x_wconf 84' lang='lat' dir='ltr'>sit</span> 
     </span>
     <span class='ocr_line' id='line_1_3' title="bbox 217 340 1658 394; baseline 0.006 -15"><span class='ocrx_word' id='word_1_15' title='bbox 217 343 379 380; x_wconf 86' lang='lat' dir='ltr'>maxime</span> <span class='ocrx_word' id='word_1_16' title='bbox 395 340 565 394; x_wconf 83' lang='lat' dir='ltr'>probata.</span> <span class='ocrx_word' id='word_1_17' title='bbox 624 345 736 383; x_wconf 90' lang='lat' dir='ltr'><strong>Unde</strong></span> <span class='ocrx_word' id='word_1_18' title='bbox 753 345 880 383; x_wconf 89' lang='lat' dir='ltr'>isthuc</span> <span class='ocrx_word' id='word_1_19' title='bbox 899 346 1065 384; x_wconf 89' lang='lat' dir='ltr'>omnium</span> <span class='ocrx_word' id='word_1_20' title='bbox 1087 347 1203 384; x_wconf 87' lang='lat' dir='ltr'>fuerit</span> <span class='ocrx_word' id='word_1_21' title='bbox 1222 348 1560 394; x_wconf 89' lang='lat' dir='ltr'>horribilissimum,</span> <span class='ocrx_word' id='word_1_22' title='bbox 1581 362 1658 387; x_wconf 90' lang='lat' dir='ltr'>ma-</span> 
     </span>
     <span class='ocr_line' id='line_1_4' title="bbox 211 404 1656 455; baseline 0.005 -14"><span class='ocrx_word' id='word_1_23' title='bbox 211 404 316 454; x_wconf 85' lang='lat' dir='ltr'>jores</span> <span class='ocrx_word' id='word_1_24' title='bbox 336 413 481 444; x_wconf 88' lang='lat' dir='ltr'>vestros</span> <span class='ocrx_word' id='word_1_25' title='bbox 505 408 598 444; x_wconf 90' lang='lat' dir='ltr'>mori</span> <span class='ocrx_word' id='word_1_26' title='bbox 627 407 783 451; x_wconf 88' lang='lat' dir='ltr'>audere,</span> <span class='ocrx_word' id='word_1_27' title='bbox 803 414 846 444; x_wconf 90' lang='lat' dir='ltr'>ut</span> <span class='ocrx_word' id='word_1_28' title='bbox 872 420 920 444; x_wconf 93' lang='lat' dir='ltr'>ne</span> <span class='ocrx_word' id='word_1_29' title='bbox 950 409 1081 444; x_wconf 89' lang='lat' dir='ltr'>urbem</span> <span class='ocrx_word' id='word_1_30' title='bbox 1105 407 1333 446; x_wconf 78' lang='lat' dir='ltr'>incelebrem</span> <span class='ocrx_word' id='word_1_31' title='bbox 1357 409 1569 455; x_wconf 82' lang='lat' dir='ltr'>redderent,</span> <span class='ocrx_word' id='word_1_32' title='bbox 1589 423 1656 449; x_wconf 90' lang='lat' dir='ltr'>vos</span> 
     </span>
     <span class='ocr_line' id='line_1_5' title="bbox 218 467 1656 518; baseline 0.005 -17"><span class='ocrx_word' id='word_1_33' title='bbox 218 472 344 502; x_wconf 86' lang='lat' dir='ltr'>autem</span> <span class='ocrx_word' id='word_1_34' title='bbox 371 479 448 503; x_wconf 90' lang='lat' dir='ltr'>non</span> <span class='ocrx_word' id='word_1_35' title='bbox 480 467 609 517; x_wconf 88' lang='lat' dir='ltr'>punire</span> <span class='ocrx_word' id='word_1_36' title='bbox 629 467 767 505; x_wconf 86' lang='lat' dir='ltr'>audere</span> <span class='ocrx_word' id='word_1_37' title='bbox 787 479 852 505; x_wconf 90' lang='lat' dir='ltr'>eos</span> <span class='ocrx_word' id='word_1_38' title='bbox 881 467 944 517; x_wconf 93' lang='lat' dir='ltr'>qui</span> <span class='ocrx_word' id='word_1_39' title='bbox 966 468 1112 518; x_wconf 88' lang='lat' dir='ltr'>pudore</span> <span class='ocrx_word' id='word_1_40' title='bbox 1131 467 1231 506; x_wconf 90' lang='lat' dir='ltr'>hanc</span> <span class='ocrx_word' id='word_1_41' title='bbox 1251 469 1369 518; x_wconf 84' lang='lat' dir='ltr'>ipsam</span> <span class='ocrx_word' id='word_1_42' title='bbox 1389 470 1568 515; x_wconf 89' lang='lat' dir='ltr'>afficiant,</span> <span class='ocrx_word' id='word_1_43' title='bbox 1589 471 1656 508; x_wconf 90' lang='lat' dir='ltr'>sed</span> 
     </span>
     <span class='ocr_line' id='line_1_6' title="bbox 213 525 1654 577; baseline 0.006 -16"><span class='ocrx_word' id='word_1_44' title='bbox 213 525 407 575; x_wconf 86' lang='lat' dir='ltr'>negligere</span> <span class='ocrx_word' id='word_1_45' title='bbox 422 527 614 577; x_wconf 88' lang='lat' dir='ltr'>publicam</span> <span class='ocrx_word' id='word_1_46' title='bbox 634 529 840 577; x_wconf 90' lang='lat' dir='ltr'>multisque</span> <span class='ocrx_word' id='word_1_47' title='bbox 855 528 1048 566; x_wconf 84' lang='lat' dir='ltr'>laboribus</span> <span class='ocrx_word' id='word_1_48' title='bbox 1062 528 1262 567; x_wconf 87' lang='lat' dir='ltr'>collectam</span> <span class='ocrx_word' id='word_1_49' title='bbox 1279 530 1535 569; x_wconf 85' lang='lat' dir='ltr'>celebritatem</span> <span class='ocrx_word' id='word_1_50' title='bbox 1554 532 1654 569; x_wconf 91' lang='lat' dir='ltr'>hanc</span> 
     </span>
     <span class='ocr_line' id='line_1_7' title="bbox 212 588 969 636; baseline 0.005 -13"><span class='ocrx_word' id='word_1_51' title='bbox 212 599 280 636; x_wconf 90' lang='lat' dir='ltr'>per</span> <span class='ocrx_word' id='word_1_52' title='bbox 296 588 425 624; x_wconf 90' lang='lat' dir='ltr'>talium</span> <span class='ocrx_word' id='word_1_53' title='bbox 445 589 638 626; x_wconf 89' lang='lat' dir='ltr'>hominum</span> <span class='ocrx_word' id='word_1_54' title='bbox 659 589 781 626; x_wconf 90' lang='lat' dir='ltr'>scelus</span> <span class='ocrx_word' id='word_1_55' title='bbox 803 589 969 628; x_wconf 90' lang='lat' dir='ltr'>dissolvi.</span> 
     </span>
    </p>

    <p class='ocr_par' dir='ltr' id='par_1_3' title="bbox 179 649 1651 2959">
     <span class='ocr_line' id='line_1_8' title="bbox 265 649 1650 703; baseline 0.004 -19"><span class='ocrx_word' id='word_1_56' title='bbox 265 649 328 685; x_wconf 79' lang='lat'>20.</span> <span class='ocrx_word' id='word_1_57' title='bbox 359 649 573 695; x_wconf 89' lang='lat' dir='ltr'>Enimvero,</span> <span class='ocrx_word' id='word_1_58' title='bbox 587 650 752 701; x_wconf 89' lang='lat' dir='ltr'>judices,</span> <span class='ocrx_word' id='word_1_59' title='bbox 770 650 860 688; x_wconf 89' lang='lat' dir='ltr'>solis</span> <span class='ocrx_word' id='word_1_60' title='bbox 879 651 985 689; x_wconf 88' lang='lat' dir='ltr'>vobis</span> <span class='ocrx_word' id='word_1_61' title='bbox 1005 651 1230 690; x_wconf 85' lang='lat' dir='ltr'>Graecorum</span> <span class='ocrx_word' id='word_1_62' title='bbox 1247 666 1322 691; x_wconf 92' lang='lat' dir='ltr'>non</span> <span class='ocrx_word' id='word_1_63' title='bbox 1338 653 1429 690; x_wconf 89' lang='lat' dir='ltr'>licet</span> <span class='ocrx_word' id='word_1_64' title='bbox 1446 654 1650 703; x_wconf 86' lang='lat' dir='ltr'>quicquam</span> 
     </span>
     <span class='ocr_line' id='line_1_9' title="bbox 211 709 1651 762; baseline 0.003 -16"><span class='ocrx_word' id='word_1_65' title='bbox 211 709 343 746; x_wconf 89' lang='lat' dir='ltr'>horum</span> <span class='ocrx_word' id='word_1_66' title='bbox 370 711 612 761; x_wconf 84' lang='lat' dir='ltr'>posthabere.</span> <span class='ocrx_word' id='word_1_67' title='bbox 670 711 768 748; x_wconf 93' lang='lat' dir='ltr'>Volo</span> <span class='ocrx_word' id='word_1_68' title='bbox 794 719 920 749; x_wconf 89' lang='lat' dir='ltr'>autern</span> <span class='ocrx_word' id='word_1_69' title='bbox 941 725 1064 762; x_wconf 89' lang='lat' dir='ltr'>pauca</span> <span class='ocrx_word' id='word_1_70' title='bbox 1083 713 1130 750; x_wconf 92' lang='lat' dir='ltr'>de</span> <span class='ocrx_word' id='word_1_71' title='bbox 1150 714 1338 751; x_wconf 87' lang='lat' dir='ltr'>veteribus</span> <span class='ocrx_word' id='word_1_72' title='bbox 1357 714 1464 751; x_wconf 89' lang='lat' dir='ltr'>vobis</span> <span class='ocrx_word' id='word_1_73' title='bbox 1484 727 1651 752; x_wconf 88' lang='lat' dir='ltr'>comme-</span> 
     </span>
     <span class='ocr_line' id='line_1_10' title="bbox 211 772 1651 821; baseline 0.004 -14"><span class='ocrx_word' id='word_1_74' title='bbox 211 783 372 814; x_wconf 88' lang='lat' dir='ltr'>morare,</span> <span class='ocrx_word' id='word_1_75' title='bbox 394 778 435 808; x_wconf 92' lang='lat' dir='ltr'>ut</span> <span class='ocrx_word' id='word_1_76' title='bbox 466 784 596 809; x_wconf 91' lang='lat' dir='ltr'>eorum</span> <span class='ocrx_word' id='word_1_77' title='bbox 628 772 809 821; x_wconf 87' lang='lat' dir='ltr'>exemplis</span> <span class='ocrx_word' id='word_1_78' title='bbox 842 773 924 810; x_wconf 89' lang='lat' dir='ltr'>freti</span> <span class='ocrx_word' id='word_1_79' title='bbox 955 781 992 811; x_wconf 91' lang='lat' dir='ltr'>et</span> <span class='ocrx_word' id='word_1_80' title='bbox 1019 774 1064 813; x_wconf 90' lang='lat' dir='ltr'>de</span> <span class='ocrx_word' id='word_1_81' title='bbox 1094 774 1138 811; x_wconf 90' lang='lat' dir='ltr'>iis</span> <span class='ocrx_word' id='word_1_82' title='bbox 1159 774 1240 811; x_wconf 88' lang='lat' dir='ltr'>aliis</span> <span class='ocrx_word' id='word_1_83' title='bbox 1260 775 1651 815; x_wconf 85' lang='lat' dir='ltr'>rectiusdeliheretis.</span> 
     </span>
     <span class='ocr_line' id='line_1_11' title="bbox 210 829 1647 885; baseline 0.003 -18"><span class='ocrx_word' id='word_1_84' title='bbox 210 829 318 868; x_wconf 91' lang='lat' dir='ltr'>Istud</span> <span class='ocrx_word' id='word_1_85' title='bbox 339 831 439 868; x_wconf 87' lang='lat' dir='ltr'>enim</span> <span class='ocrx_word' id='word_1_86' title='bbox 467 833 558 869; x_wconf 89' lang='lat' dir='ltr'>urbs</span> <span class='ocrx_word' id='word_1_87' title='bbox 576 839 701 870; x_wconf 89' lang='lat' dir='ltr'>vestra</span> <span class='ocrx_word' id='word_1_88' title='bbox 731 833 935 872; x_wconf 85' lang='lat' dir='ltr'>maximum</span> <span class='ocrx_word' id='word_1_89' title='bbox 956 834 1098 871; x_wconf 90' lang='lat' dir='ltr'>bonurn</span> <span class='ocrx_word' id='word_1_90' title='bbox 1128 834 1255 879; x_wconf 89' lang='lat' dir='ltr'>habet,</span> <span class='ocrx_word' id='word_1_91' title='bbox 1275 835 1377 885; x_wconf 89' lang='lat' dir='ltr'>quod</span> <span class='ocrx_word' id='word_1_92' title='bbox 1409 835 1647 885; x_wconf 83' lang='lat' dir='ltr'>egregiorum</span> 
     </span>
     <span class='ocr_line' id='line_1_12' title="bbox 208 891 1646 946; baseline 0.003 -17"><span class='ocrx_word' id='word_1_93' title='bbox 208 891 420 930; x_wconf 86' lang='lat' dir='ltr'>facinorum</span> <span class='ocrx_word' id='word_1_94' title='bbox 443 892 590 931; x_wconf 85' lang='lat' dir='ltr'>Graecis</span> <span class='ocrx_word' id='word_1_95' title='bbox 612 895 829 945; x_wconf 86' lang='lat' dir='ltr'>exemplum</span> <span class='ocrx_word' id='word_1_96' title='bbox 851 895 976 934; x_wconf 86' lang='lat' dir='ltr'>fuerit.</span> <span class='ocrx_word' id='word_1_97' title='bbox 1005 896 1160 937; x_wconf 81' lang='lat' dir='ltr'>Quanto</span> <span class='ocrx_word' id='word_1_98' title='bbox 1181 896 1277 932; x_wconf 89' lang='lat' dir='ltr'>enirn</span> <span class='ocrx_word' id='word_1_99' title='bbox 1295 904 1461 946; x_wconf 84' lang='lat' dir='ltr'>ternpore</span> <span class='ocrx_word' id='word_1_100' title='bbox 1480 897 1646 933; x_wconf 90' lang='lat' dir='ltr'>omnium</span> 
     </span>
     <span class='ocr_line' id='line_1_13' title="bbox 206 954 1644 1007; baseline 0.003 -18"><span class='ocrx_word' id='word_1_101' title='bbox 206 959 267 990; x_wconf 89' lang='lat' dir='ltr'>est</span> <span class='ocrx_word' id='word_1_102' title='bbox 293 954 564 998; x_wconf 87' lang='lat' dir='ltr'>vetustissima,</span> <span class='ocrx_word' id='word_1_103' title='bbox 584 961 691 992; x_wconf 86' lang='lat' dir='ltr'>tanto</span> <span class='ocrx_word' id='word_1_104' title='bbox 717 955 878 1006; x_wconf 88' lang='lat' dir='ltr'>majores</span> <span class='ocrx_word' id='word_1_105' title='bbox 900 957 1015 993; x_wconf 89' lang='lat' dir='ltr'>nostri</span> <span class='ocrx_word' id='word_1_106' title='bbox 1049 956 1130 993; x_wconf 90' lang='lat' dir='ltr'>aliis</span> <span class='ocrx_word' id='word_1_107' title='bbox 1151 956 1365 994; x_wconf 88' lang='lat' dir='ltr'>hominibus</span> <span class='ocrx_word' id='word_1_108' title='bbox 1387 956 1522 994; x_wconf 89' lang='lat' dir='ltr'>virtute</span> <span class='ocrx_word' id='word_1_109' title='bbox 1548 969 1644 1007; x_wconf 86' lang='lat' dir='ltr'>prae-</span> 
     </span>
     <span class='ocr_line' id='line_1_14' title="bbox 202 1013 1643 1066; baseline 0.003 -16"><span class='ocrx_word' id='word_1_110' title='bbox 202 1013 393 1052; x_wconf 88' lang='lat' dir='ltr'>stiterunt.</span> <span class='ocrx_word' id='word_1_111' title='bbox 464 1014 717 1065; x_wconf 88' lang='lat' dir='ltr'>Temporibus</span> <span class='ocrx_word' id='word_1_112' title='bbox 752 1016 868 1052; x_wconf 83' lang='lat' dir='ltr'>Codri</span> <span class='ocrx_word' id='word_1_113' title='bbox 899 1016 995 1066; x_wconf 84' lang='lat' dir='ltr'>regis</span> <span class='ocrx_word' id='word_1_114' title='bbox 1026 1016 1419 1066; x_wconf 87' lang='lat' dir='ltr'>Peloponnesensibus</span> <span class='ocrx_word' id='word_1_115' title='bbox 1449 1016 1643 1055; x_wconf 85' lang='lat' dir='ltr'>sterilitate</span> 
     </span>
     <span class='ocr_line' id='line_1_15' title="bbox 202 1073 1641 1127; baseline 0.003 -16"><span class='ocrx_word' id='word_1_116' title='bbox 202 1073 354 1124; x_wconf 87' lang='lat' dir='ltr'>frugum</span> <span class='ocrx_word' id='word_1_117' title='bbox 375 1075 649 1121; x_wconf 82' lang='lat' dir='ltr'>laborantibus,</span> <span class='ocrx_word' id='word_1_118' title='bbox 668 1075 811 1126; x_wconf 88' lang='lat' dir='ltr'>placuit</span> <span class='ocrx_word' id='word_1_119' title='bbox 833 1077 924 1127; x_wconf 86' lang='lat' dir='ltr'>ipsis</span> <span class='ocrx_word' id='word_1_120' title='bbox 943 1077 1084 1114; x_wconf 87' lang='lat' dir='ltr'>bellum</span> <span class='ocrx_word' id='word_1_121' title='bbox 1111 1077 1236 1115; x_wconf 87' lang='lat' dir='ltr'>facere</span> <span class='ocrx_word' id='word_1_122' title='bbox 1261 1085 1394 1115; x_wconf 88' lang='lat' dir='ltr'>contra</span> <span class='ocrx_word' id='word_1_123' title='bbox 1415 1079 1544 1114; x_wconf 86' lang='lat' dir='ltr'>urbem</span> <span class='ocrx_word' id='word_1_124' title='bbox 1575 1091 1641 1115; x_wconf 91' lang='lat' dir='ltr'>no-</span> 
     </span>
     <span class='ocr_line' id='line_1_16' title="bbox 202 1136 1640 1188; baseline 0.002 -16"><span class='ocrx_word' id='word_1_125' title='bbox 202 1141 318 1172; x_wconf 86' lang='lat' dir='ltr'>stram</span> <span class='ocrx_word' id='word_1_126' title='bbox 333 1149 378 1173; x_wconf 86' lang='lat' dir='ltr'>ac</span> <span class='ocrx_word' id='word_1_127' title='bbox 399 1136 599 1184; x_wconf 84' lang='lat' dir='ltr'>majoribus</span> <span class='ocrx_word' id='word_1_128' title='bbox 615 1137 752 1174; x_wconf 86' lang='lat' dir='ltr'>nostris</span> <span class='ocrx_word' id='word_1_129' title='bbox 773 1138 928 1175; x_wconf 85' lang='lat' dir='ltr'>sedibus</span> <span class='ocrx_word' id='word_1_130' title='bbox 949 1138 1027 1175; x_wconf 92' lang='lat' dir='ltr'>suis</span> <span class='ocrx_word' id='word_1_131' title='bbox 1057 1138 1173 1188; x_wconf 89' lang='lat' dir='ltr'>pulsis</span> <span class='ocrx_word' id='word_1_132' title='bbox 1194 1138 1415 1175; x_wconf 86' lang='lat' dir='ltr'>distribuere</span> <span class='ocrx_word' id='word_1_133' title='bbox 1435 1138 1640 1187; x_wconf 82' lang='lat' dir='ltr'>regionem.</span> 
     </span>
     <span class='ocr_line' id='line_1_17' title="bbox 203 1197 1640 1250; baseline 0.001 -17"><span class='ocrx_word' id='word_1_134' title='bbox 203 1197 260 1234; x_wconf 93' lang='lat' dir='ltr'>Ac</span> <span class='ocrx_word' id='word_1_135' title='bbox 287 1197 446 1247; x_wconf 90' lang='lat' dir='ltr'>primum</span> <span class='ocrx_word' id='word_1_136' title='bbox 468 1197 619 1249; x_wconf 91' lang='lat' dir='ltr'>quidem</span> <span class='ocrx_word' id='word_1_137' title='bbox 642 1198 815 1248; x_wconf 84' lang='lat' dir='ltr'>Delphos</span> <span class='ocrx_word' id='word_1_138' title='bbox 835 1199 1024 1250; x_wconf 86' lang='lat' dir='ltr'>legatione</span> <span class='ocrx_word' id='word_1_139' title='bbox 1055 1199 1171 1236; x_wconf 88' lang='lat' dir='ltr'>missa</span> <span class='ocrx_word' id='word_1_140' title='bbox 1190 1199 1405 1250; x_wconf 87' lang='lat' dir='ltr'>Apollinem</span> <span class='ocrx_word' id='word_1_141' title='bbox 1434 1199 1640 1249; x_wconf 82' lang='lat' dir='ltr'>interroga-</span> 
     </span>
     <span class='ocr_line' id='line_1_18' title="bbox 201 1257 1637 1309; baseline 0.003 -16"><span class='ocrx_word' id='word_1_142' title='bbox 201 1257 306 1302; x_wconf 87' lang='lat' dir='ltr'>bant,</span> <span class='ocrx_word' id='word_1_143' title='bbox 344 1271 434 1294; x_wconf 90' lang='lat' dir='ltr'>num</span> <span class='ocrx_word' id='word_1_144' title='bbox 471 1265 599 1295; x_wconf 89' lang='lat' dir='ltr'>essent</span> <span class='ocrx_word' id='word_1_145' title='bbox 630 1259 852 1308; x_wconf 87' lang='lat' dir='ltr'>occupaturi</span> <span class='ocrx_word' id='word_1_146' title='bbox 891 1259 1091 1298; x_wconf 86' lang='lat' dir='ltr'>Athenas:</span> <span class='ocrx_word' id='word_1_147' title='bbox 1133 1259 1298 1309; x_wconf 92' lang='lat' dir='ltr'>datoque</span> <span class='ocrx_word' id='word_1_148' title='bbox 1336 1259 1502 1305; x_wconf 85' lang='lat' dir='ltr'>oraculo,</span> <span class='ocrx_word' id='word_1_149' title='bbox 1534 1261 1637 1309; x_wconf 89' lang='lat' dir='ltr'>quod</span> 
     </span>
     <span class='ocr_line' id='line_1_19' title="bbox 200 1316 1639 1370; baseline 0.003 -16"><span class='ocrx_word' id='word_1_150' title='bbox 200 1316 332 1355; x_wconf 88' lang='lat' dir='ltr'>urbem</span> <span class='ocrx_word' id='word_1_151' title='bbox 362 1325 492 1356; x_wconf 84' lang='lat' dir='ltr'>essent</span> <span class='ocrx_word' id='word_1_152' title='bbox 523 1319 683 1370; x_wconf 90' lang='lat' dir='ltr'>capturi,</span> <span class='ocrx_word' id='word_1_153' title='bbox 717 1319 789 1356; x_wconf 90' lang='lat' dir='ltr'>nisi</span> <span class='ocrx_word' id='word_1_154' title='bbox 825 1334 951 1370; x_wconf 86' lang='lat' dir='ltr'>regem</span> <span class='ocrx_word' id='word_1_155' title='bbox 988 1320 1276 1358; x_wconf 87' lang='lat' dir='ltr'>Atheniensium</span> <span class='ocrx_word' id='word_1_156' title='bbox 1299 1320 1467 1358; x_wconf 88' lang='lat' dir='ltr'>Codrum</span> <span class='ocrx_word' id='word_1_157' title='bbox 1498 1321 1639 1358; x_wconf 86' lang='lat' dir='ltr'>interfi-</span> 
     </span>
     <span class='ocr_line' id='line_1_20' title="bbox 199 1379 1640 1431; baseline 0.001 -15"><span class='ocrx_word' id='word_1_158' title='bbox 199 1386 342 1424; x_wconf 86' lang='lat' dir='ltr'>cerent,</span> <span class='ocrx_word' id='word_1_159' title='bbox 359 1379 633 1429; x_wconf 86' lang='lat' dir='ltr'>belligerabant</span> <span class='ocrx_word' id='word_1_160' title='bbox 652 1380 830 1418; x_wconf 90' lang='lat' dir='ltr'>adversus</span> <span class='ocrx_word' id='word_1_161' title='bbox 851 1381 1036 1418; x_wconf 86' lang='lat' dir='ltr'>Athenas.</span> <span class='ocrx_word' id='word_1_162' title='bbox 1078 1380 1314 1418; x_wconf 90' lang='lat' dir='ltr'>Cleomantis</span> <span class='ocrx_word' id='word_1_163' title='bbox 1335 1388 1459 1418; x_wconf 89' lang='lat' dir='ltr'>autem</span> <span class='ocrx_word' id='word_1_164' title='bbox 1478 1380 1640 1431; x_wconf 88' lang='lat' dir='ltr'>Delphi-</span> 
     </span>
     <span class='ocr_line' id='line_1_21' title="bbox 197 1441 1639 1492; baseline 0.001 -14"><span class='ocrx_word' id='word_1_165' title='bbox 197 1453 328 1478; x_wconf 88' lang='lat' dir='ltr'>corum</span> <span class='ocrx_word' id='word_1_166' title='bbox 371 1441 568 1492; x_wconf 88' lang='lat' dir='ltr'>quispiam,</span> <span class='ocrx_word' id='word_1_167' title='bbox 609 1442 769 1479; x_wconf 89' lang='lat' dir='ltr'>audiens</span> <span class='ocrx_word' id='word_1_168' title='bbox 815 1443 1024 1487; x_wconf 87' lang='lat' dir='ltr'>oraculum,</span> <span class='ocrx_word' id='word_1_169' title='bbox 1072 1442 1290 1480; x_wconf 89' lang='lat' dir='ltr'>clanculum</span> <span class='ocrx_word' id='word_1_170' title='bbox 1336 1442 1639 1480; x_wconf 89' lang='lat' dir='ltr'>Atheniensibus</span> 
     </span>
     <span class='ocr_line' id='line_1_22' title="bbox 197 1502 1636 1554; baseline 0.001 -15"><span class='ocrx_word' id='word_1_171' title='bbox 197 1502 439 1540; x_wconf 86' lang='lat' dir='ltr'>enunciabat.</span> <span class='ocrx_word' id='word_1_172' title='bbox 494 1503 604 1540; x_wconf 90' lang='lat' dir='ltr'>Adeo</span> <span class='ocrx_word' id='word_1_173' title='bbox 637 1503 800 1554; x_wconf 86' lang='lat' dir='ltr'>majores</span> <span class='ocrx_word' id='word_1_174' title='bbox 832 1504 950 1541; x_wconf 89' lang='lat' dir='ltr'>nostri</span> <span class='ocrx_word' id='word_1_175' title='bbox 987 1504 1100 1541; x_wconf 89' lang='lat' dir='ltr'>etiam</span> <span class='ocrx_word' id='word_1_176' title='bbox 1136 1510 1287 1541; x_wconf 87' lang='lat' dir='ltr'>exteros</span> <span class='ocrx_word' id='word_1_177' title='bbox 1325 1504 1528 1540; x_wconf 85' lang='lat' dir='ltr'>benevolos</span> <span class='ocrx_word' id='word_1_178' title='bbox 1567 1504 1636 1540; x_wconf 90' lang='lat' dir='ltr'>sibi</span> 
     </span>
     <span class='ocr_line' id='line_1_23' title="bbox 194 1563 1636 1615; baseline -0.001 -14"><span class='ocrx_word' id='word_1_179' title='bbox 194 1564 375 1601; x_wconf 88' lang='lat' dir='ltr'>continuo</span> <span class='ocrx_word' id='word_1_180' title='bbox 411 1564 616 1602; x_wconf 88' lang='lat' dir='ltr'>habebant.</span> <span class='ocrx_word' id='word_1_181' title='bbox 683 1564 980 1614; x_wconf 86' lang='lat' dir='ltr'>Impressionem</span> <span class='ocrx_word' id='word_1_182' title='bbox 1017 1565 1145 1615; x_wconf 91' lang='lat' dir='ltr'>itaque</span> <span class='ocrx_word' id='word_1_183' title='bbox 1182 1564 1408 1601; x_wconf 86' lang='lat' dir='ltr'>facientibus</span> <span class='ocrx_word' id='word_1_184' title='bbox 1448 1563 1636 1613; x_wconf 87' lang='lat' dir='ltr'>Pelopon-</span> 
     </span>
     <span class='ocr_line' id='line_1_24' title="bbox 195 1625 1636 1676; baseline 0 -14"><span class='ocrx_word' id='word_1_185' title='bbox 195 1625 422 1663; x_wconf 88' lang='lat' dir='ltr'>nesensibus</span> <span class='ocrx_word' id='word_1_186' title='bbox 456 1626 492 1663; x_wconf 88' lang='lat' dir='ltr'>in</span> <span class='ocrx_word' id='word_1_187' title='bbox 523 1625 702 1669; x_wconf 88' lang='lat' dir='ltr'>Atticam,</span> <span class='ocrx_word' id='word_1_188' title='bbox 724 1625 814 1675; x_wconf 89' lang='lat' dir='ltr'>quid</span> <span class='ocrx_word' id='word_1_189' title='bbox 841 1625 988 1663; x_wconf 85' lang='lat' dir='ltr'>faciunt</span> <span class='ocrx_word' id='word_1_190' title='bbox 1013 1625 1273 1676; x_wconf 84' lang='lat' dir='ltr'>progenitores</span> <span class='ocrx_word' id='word_1_191' title='bbox 1302 1625 1435 1670; x_wconf 83' lang='lat' dir='ltr'>nostri,</span> <span class='ocrx_word' id='word_1_192' title='bbox 1459 1625 1636 1676; x_wconf 76' lang='lat' dir='ltr'>judices?</span> 
     </span>
     <span class='ocr_line' id='line_1_25' title="bbox 196 1685 1636 1736; baseline 0 -13"><span class='ocrx_word' id='word_1_193' title='bbox 196 1685 282 1723; x_wconf 92' lang='lat' dir='ltr'>Non</span> <span class='ocrx_word' id='word_1_194' title='bbox 306 1686 434 1723; x_wconf 89' lang='lat' dir='ltr'>relicta</span> <span class='ocrx_word' id='word_1_195' title='bbox 459 1694 571 1731; x_wconf 89' lang='lat' dir='ltr'>terra,</span> <span class='ocrx_word' id='word_1_196' title='bbox 600 1693 642 1723; x_wconf 93' lang='lat' dir='ltr'>ut</span> <span class='ocrx_word' id='word_1_197' title='bbox 661 1686 885 1731; x_wconf 85' lang='lat' dir='ltr'>Leocrates,</span> <span class='ocrx_word' id='word_1_198' title='bbox 905 1686 1092 1731; x_wconf 89' lang='lat' dir='ltr'>abierunt,</span> <span class='ocrx_word' id='word_1_199' title='bbox 1117 1699 1188 1723; x_wconf 90' lang='lat' dir='ltr'>nec</span> <span class='ocrx_word' id='word_1_200' title='bbox 1207 1699 1289 1723; x_wconf 89' lang='lat' dir='ltr'>eam</span> <span class='ocrx_word' id='word_1_201' title='bbox 1311 1699 1397 1736; x_wconf 87' lang='lat' dir='ltr'>quae</span> <span class='ocrx_word' id='word_1_202' title='bbox 1419 1699 1460 1722; x_wconf 87' lang='lat' dir='ltr'>se</span> <span class='ocrx_word' id='word_1_203' title='bbox 1479 1685 1636 1723; x_wconf 87' lang='lat' dir='ltr'>aluisset</span> 
     </span>
     <span class='ocr_line' id='line_1_26' title="bbox 194 1746 1635 1797; baseline 0 -14"><span class='ocrx_word' id='word_1_204' title='bbox 194 1746 423 1784; x_wconf 86' lang='lat' dir='ltr'>dediderunt</span> <span class='ocrx_word' id='word_1_205' title='bbox 440 1760 509 1784; x_wconf 89' lang='lat' dir='ltr'>nec</span> <span class='ocrx_word' id='word_1_206' title='bbox 530 1746 689 1783; x_wconf 89' lang='lat' dir='ltr'>delubra</span> <span class='ocrx_word' id='word_1_207' title='bbox 704 1746 875 1784; x_wconf 88' lang='lat' dir='ltr'>hostibus</span> <span class='ocrx_word' id='word_1_208' title='bbox 892 1746 1141 1791; x_wconf 88' lang='lat' dir='ltr'>tradiderunt,</span> <span class='ocrx_word' id='word_1_209' title='bbox 1162 1746 1228 1783; x_wconf 90' lang='lat' dir='ltr'>sed</span> <span class='ocrx_word' id='word_1_210' title='bbox 1243 1746 1352 1797; x_wconf 90' lang='lat' dir='ltr'>pauci</span> <span class='ocrx_word' id='word_1_211' title='bbox 1373 1759 1488 1796; x_wconf 90' lang='lat' dir='ltr'>quum</span> <span class='ocrx_word' id='word_1_212' title='bbox 1503 1752 1635 1783; x_wconf 88' lang='lat' dir='ltr'>essent</span> 
     </span>
     <span class='ocr_line' id='line_1_27' title="bbox 193 1806 1630 1856; baseline -0.001 -12"><span class='ocrx_word' id='word_1_213' title='bbox 193 1807 363 1845; x_wconf 90' lang='lat' dir='ltr'>conclusi</span> <span class='ocrx_word' id='word_1_214' title='bbox 386 1807 660 1844; x_wconf 88' lang='lat' dir='ltr'>obsidebantur</span> <span class='ocrx_word' id='word_1_215' title='bbox 688 1808 1054 1856; x_wconf 83' lang='lat' dir='ltr'>perseverabantque</span> <span class='ocrx_word' id='word_1_216' title='bbox 1074 1807 1109 1843; x_wconf 90' lang='lat' dir='ltr'>in</span> <span class='ocrx_word' id='word_1_217' title='bbox 1131 1807 1263 1856; x_wconf 89' lang='lat' dir='ltr'>patria.</span> <span class='ocrx_word' id='word_1_218' title='bbox 1320 1806 1506 1856; x_wconf 87' lang='lat' dir='ltr'>Adeoque</span> <span class='ocrx_word' id='word_1_219' title='bbox 1526 1807 1630 1844; x_wconf 84' lang='lat' dir='ltr'>fuere</span> 
     </span>
     <span class='ocr_line' id='line_1_28' title="bbox 190 1868 1633 1919; baseline -0.001 -13"><span class='ocrx_word' id='word_1_220' title='bbox 190 1869 334 1906; x_wconf 89' lang='lat' dir='ltr'>strenui</span> <span class='ocrx_word' id='word_1_221' title='bbox 353 1868 414 1919; x_wconf 90' lang='lat' dir='ltr'>qui</span> <span class='ocrx_word' id='word_1_222' title='bbox 440 1876 530 1906; x_wconf 92' lang='lat' dir='ltr'>tunc</span> <span class='ocrx_word' id='word_1_223' title='bbox 550 1868 655 1906; x_wconf 83' lang='lat' dir='ltr'>fuere</span> <span class='ocrx_word' id='word_1_224' title='bbox 672 1881 795 1918; x_wconf 87' lang='lat' dir='ltr'>reges,</span> <span class='ocrx_word' id='word_1_225' title='bbox 824 1875 866 1905; x_wconf 83' lang='lat' dir='ltr'>ut</span> <span class='ocrx_word' id='word_1_226' title='bbox 886 1877 1140 1919; x_wconf 89' lang='lat' dir='ltr'>proponerent</span> <span class='ocrx_word' id='word_1_227' title='bbox 1161 1868 1250 1905; x_wconf 86' lang='lat' dir='ltr'>mori</span> <span class='ocrx_word' id='word_1_228' title='bbox 1270 1868 1395 1918; x_wconf 87' lang='lat' dir='ltr'>potius</span> <span class='ocrx_word' id='word_1_229' title='bbox 1416 1881 1483 1918; x_wconf 90' lang='lat' dir='ltr'>pro</span> <span class='ocrx_word' id='word_1_230' title='bbox 1502 1868 1633 1906; x_wconf 90' lang='lat' dir='ltr'>subdi-</span> 
     </span>
     <span class='ocr_line' id='line_1_29' title="bbox 190 1929 1633 1979; baseline -0.001 -11"><span class='ocrx_word' id='word_1_231' title='bbox 190 1938 311 1968; x_wconf 88' lang='lat' dir='ltr'>torum</span> <span class='ocrx_word' id='word_1_232' title='bbox 340 1930 462 1967; x_wconf 85' lang='lat' dir='ltr'>salute</span> <span class='ocrx_word' id='word_1_233' title='bbox 490 1942 603 1979; x_wconf 90' lang='lat' dir='ltr'>quam</span> <span class='ocrx_word' id='word_1_234' title='bbox 633 1929 854 1979; x_wconf 82' lang='lat' dir='ltr'>superstites</span> <span class='ocrx_word' id='word_1_235' title='bbox 885 1929 995 1966; x_wconf 89' lang='lat' dir='ltr'>aliam</span> <span class='ocrx_word' id='word_1_236' title='bbox 1026 1929 1275 1979; x_wconf 83' lang='lat' dir='ltr'>commigrare</span> <span class='ocrx_word' id='word_1_237' title='bbox 1308 1937 1457 1966; x_wconf 85' lang='lat' dir='ltr'>terram.</span> <span class='ocrx_word' id='word_1_238' title='bbox 1514 1929 1633 1967; x_wconf 90' lang='lat' dir='ltr'>Aiunt</span> 
     </span>
     <span class='ocr_line' id='line_1_30' title="bbox 187 1989 1630 2042; baseline -0.001 -14"><span class='ocrx_word' id='word_1_239' title='bbox 187 1991 315 2042; x_wconf 89' lang='lat' dir='ltr'>itaque</span> <span class='ocrx_word' id='word_1_240' title='bbox 337 1990 504 2028; x_wconf 89' lang='lat' dir='ltr'>Codrum</span> <span class='ocrx_word' id='word_1_241' title='bbox 535 1990 788 2027; x_wconf 87' lang='lat' dir='ltr'>demandasse</span> <span class='ocrx_word' id='word_1_242' title='bbox 811 1989 1124 2035; x_wconf 78' lang='lat' dir='ltr'>Atheniensibus,</span> <span class='ocrx_word' id='word_1_243' title='bbox 1140 1997 1183 2026; x_wconf 91' lang='lat' dir='ltr'>ut</span> <span class='ocrx_word' id='word_1_244' title='bbox 1211 1991 1456 2027; x_wconf 87' lang='lat' dir='ltr'>observarent</span> <span class='ocrx_word' id='word_1_245' title='bbox 1475 1989 1630 2039; x_wconf 89' lang='lat' dir='ltr'>quando</span> 
     </span>
     <span class='ocr_line' id='line_1_31' title="bbox 189 2050 1629 2101; baseline 0 -12"><span class='ocrx_word' id='word_1_246' title='bbox 189 2053 266 2090; x_wconf 83' lang='lat' dir='ltr'>vita</span> <span class='ocrx_word' id='word_1_247' title='bbox 286 2051 494 2089; x_wconf 84' lang='lat' dir='ltr'>defunctus</span> <span class='ocrx_word' id='word_1_248' title='bbox 527 2057 644 2096; x_wconf 87' lang='lat' dir='ltr'>esset,</span> <span class='ocrx_word' id='word_1_249' title='bbox 664 2059 902 2101; x_wconf 89' lang='lat' dir='ltr'>acceptoque</span> <span class='ocrx_word' id='word_1_250' title='bbox 934 2064 1044 2101; x_wconf 91' lang='lat' dir='ltr'>porro</span> <span class='ocrx_word' id='word_1_251' title='bbox 1072 2051 1232 2089; x_wconf 89' lang='lat' dir='ltr'>mendici</span> <span class='ocrx_word' id='word_1_252' title='bbox 1263 2050 1395 2088; x_wconf 88' lang='lat' dir='ltr'>habitu</span> <span class='ocrx_word' id='word_1_253' title='bbox 1427 2058 1467 2087; x_wconf 91' lang='lat' dir='ltr'>ut</span> <span class='ocrx_word' id='word_1_254' title='bbox 1500 2051 1629 2089; x_wconf 86' lang='lat' dir='ltr'>hostes</span> 
     </span>
     <span class='ocr_line' id='line_1_32' title="bbox 188 2112 1627 2164; baseline -0.002 -13"><span class='ocrx_word' id='word_1_255' title='bbox 188 2113 351 2158; x_wconf 81' lang='lat' dir='ltr'>falleret,</span> <span class='ocrx_word' id='word_1_256' title='bbox 369 2127 435 2164; x_wconf 89' lang='lat' dir='ltr'>per</span> <span class='ocrx_word' id='word_1_257' title='bbox 451 2120 579 2164; x_wconf 89' lang='lat' dir='ltr'>portas</span> <span class='ocrx_word' id='word_1_258' title='bbox 596 2125 793 2162; x_wconf 85' lang='lat' dir='ltr'>egressum</span> <span class='ocrx_word' id='word_1_259' title='bbox 808 2119 997 2149; x_wconf 87' lang='lat' dir='ltr'>sarmenta</span> <span class='ocrx_word' id='word_1_260' title='bbox 1009 2112 1188 2162; x_wconf 80' lang='lat' dir='ltr'>colligere</span> <span class='ocrx_word' id='word_1_261' title='bbox 1204 2121 1291 2149; x_wconf 89' lang='lat' dir='ltr'>ante</span> <span class='ocrx_word' id='word_1_262' title='bbox 1304 2112 1458 2154; x_wconf 88' lang='lat' dir='ltr'>urbem;</span> <span class='ocrx_word' id='word_1_263' title='bbox 1490 2124 1627 2161; x_wconf 90' lang='lat' dir='ltr'>quum—</span> 
     </span>
     <span class='ocr_line' id='line_1_33' title="bbox 188 2172 1626 2225; baseline -0.001 -13"><span class='ocrx_word' id='word_1_264' title='bbox 188 2188 260 2225; x_wconf 90' lang='lat' dir='ltr'>que</span> <span class='ocrx_word' id='word_1_265' title='bbox 282 2174 359 2212; x_wconf 90' lang='lat' dir='ltr'>duo</span> <span class='ocrx_word' id='word_1_266' title='bbox 379 2174 444 2211; x_wconf 88' lang='lat' dir='ltr'>viri</span> <span class='ocrx_word' id='word_1_267' title='bbox 463 2187 482 2211; x_wconf 90' lang='lat' dir='ltr'>e</span> <span class='ocrx_word' id='word_1_268' title='bbox 501 2174 634 2211; x_wconf 88' lang='lat' dir='ltr'>castris</span> <span class='ocrx_word' id='word_1_269' title='bbox 655 2173 702 2210; x_wconf 92' lang='lat' dir='ltr'>ad</span> <span class='ocrx_word' id='word_1_270' title='bbox 729 2186 815 2210; x_wconf 89' lang='lat' dir='ltr'>eum</span> <span class='ocrx_word' id='word_1_271' title='bbox 848 2173 1103 2210; x_wconf 86' lang='lat' dir='ltr'>accessissent</span> <span class='ocrx_word' id='word_1_272' title='bbox 1132 2180 1346 2210; x_wconf 87' lang='lat' dir='ltr'>scrutantes</span> <span class='ocrx_word' id='word_1_273' title='bbox 1366 2172 1457 2222; x_wconf 88' lang='lat' dir='ltr'>quid</span> <span class='ocrx_word' id='word_1_274' title='bbox 1477 2172 1514 2209; x_wconf 88' lang='lat' dir='ltr'>in</span> <span class='ocrx_word' id='word_1_275' title='bbox 1536 2174 1626 2210; x_wconf 90' lang='lat' dir='ltr'>urbe</span> 
     </span>
     <span class='ocr_line' id='line_1_34' title="bbox 189 2233 1625 2286; baseline -0.003 -12"><span class='ocrx_word' id='word_1_276' title='bbox 189 2243 375 2286; x_wconf 86' lang='lat' dir='ltr'>ageretur,</span> <span class='ocrx_word' id='word_1_277' title='bbox 407 2235 565 2272; x_wconf 88' lang='lat' dir='ltr'>alterum</span> <span class='ocrx_word' id='word_1_278' title='bbox 595 2234 762 2284; x_wconf 88' lang='lat' dir='ltr'>ipsorum</span> <span class='ocrx_word' id='word_1_279' title='bbox 795 2234 831 2270; x_wconf 90' lang='lat' dir='ltr'>in</span> <span class='ocrx_word' id='word_1_280' title='bbox 858 2234 979 2284; x_wconf 88' lang='lat' dir='ltr'>ipsum</span> <span class='ocrx_word' id='word_1_281' title='bbox 1010 2233 1239 2270; x_wconf 87' lang='lat' dir='ltr'>incidentem</span> <span class='ocrx_word' id='word_1_282' title='bbox 1273 2233 1368 2270; x_wconf 88' lang='lat' dir='ltr'>falce</span> <span class='ocrx_word' id='word_1_283' title='bbox 1400 2233 1625 2279; x_wconf 83' lang='lat' dir='ltr'>interimere,</span> 
     </span>
     <span class='ocr_line' id='line_1_35' title="bbox 187 2293 1625 2343; baseline -0.003 -9"><span class='ocrx_word' id='word_1_284' title='bbox 187 2297 358 2334; x_wconf 89' lang='lat' dir='ltr'>relietum</span> <span class='ocrx_word' id='word_1_285' title='bbox 390 2295 563 2340; x_wconf 89' lang='lat' dir='ltr'>alterum,</span> <span class='ocrx_word' id='word_1_286' title='bbox 602 2296 869 2332; x_wconf 86' lang='lat' dir='ltr'>exacerbatum</span> <span class='ocrx_word' id='word_1_287' title='bbox 905 2293 1086 2331; x_wconf 88' lang='lat' dir='ltr'>adversus</span> <span class='ocrx_word' id='word_1_288' title='bbox 1121 2293 1290 2331; x_wconf 88' lang='lat' dir='ltr'>Codrum</span> <span class='ocrx_word' id='word_1_289' title='bbox 1324 2306 1436 2343; x_wconf 89' lang='lat' dir='ltr'>quem</span> <span class='ocrx_word' id='word_1_290' title='bbox 1473 2299 1625 2342; x_wconf 89' lang='lat' dir='ltr'>putaret</span> 
     </span>
     <span class='ocr_line' id='line_1_36' title="bbox 188 2355 1622 2401; baseline -0.001 -7"><span class='ocrx_word' id='word_1_291' title='bbox 188 2357 404 2394; x_wconf 84' lang='lat' dir='ltr'>mendicum</span> <span class='ocrx_word' id='word_1_292' title='bbox 426 2369 523 2400; x_wconf 90' lang='lat' dir='ltr'>esse,</span> <span class='ocrx_word' id='word_1_293' title='bbox 543 2356 673 2393; x_wconf 93' lang='lat' dir='ltr'>stricto</span> <span class='ocrx_word' id='word_1_294' title='bbox 693 2368 782 2392; x_wconf 87' lang='lat' dir='ltr'>ense</span> <span class='ocrx_word' id='word_1_295' title='bbox 810 2355 996 2394; x_wconf 86' lang='lat' dir='ltr'>occidisse</span> <span class='ocrx_word' id='word_1_296' title='bbox 1017 2356 1199 2394; x_wconf 89' lang='lat' dir='ltr'>Codrum.</span> <span class='ocrx_word' id='word_1_297' title='bbox 1257 2356 1378 2393; x_wconf 90' lang='lat' dir='ltr'>Hisce</span> <span class='ocrx_word' id='word_1_298' title='bbox 1408 2356 1622 2401; x_wconf 87' lang='lat' dir='ltr'>transactis,</span> 
     </span>
     <span class='ocr_line' id='line_1_37' title="bbox 187 2416 1622 2467; baseline 0 -12"><span class='ocrx_word' id='word_1_299' title='bbox 187 2417 457 2462; x_wconf 89' lang='lat' dir='ltr'>Athenienses,</span> <span class='ocrx_word' id='word_1_300' title='bbox 488 2416 601 2453; x_wconf 83' lang='lat' dir='ltr'>misso</span> <span class='ocrx_word' id='word_1_301' title='bbox 635 2430 811 2467; x_wconf 76' lang='lat' dir='ltr'>praecone</span> <span class='ocrx_word' id='word_1_302' title='bbox 844 2418 1026 2467; x_wconf 88' lang='lat' dir='ltr'>petebant</span> <span class='ocrx_word' id='word_1_303' title='bbox 1057 2418 1127 2454; x_wconf 88' lang='lat' dir='ltr'>sibi</span> <span class='ocrx_word' id='word_1_304' title='bbox 1160 2430 1286 2467; x_wconf 89' lang='lat' dir='ltr'>regem</span> <span class='ocrx_word' id='word_1_305' title='bbox 1318 2430 1427 2454; x_wconf 87' lang='lat' dir='ltr'>suurn</span> <span class='ocrx_word' id='word_1_306' title='bbox 1460 2417 1540 2454; x_wconf 89' lang='lat' dir='ltr'>dari</span> <span class='ocrx_word' id='word_1_307' title='bbox 1573 2418 1622 2455; x_wconf 92' lang='lat' dir='ltr'>ad</span> 
     </span>
     <span class='ocr_line' id='line_1_38' title="bbox 184 2477 1622 2529; baseline 0 -12"><span class='ocrx_word' id='word_1_308' title='bbox 184 2479 418 2529; x_wconf 88' lang='lat' dir='ltr'>sepulturam</span> <span class='ocrx_word' id='word_1_309' title='bbox 437 2484 674 2528; x_wconf 85' lang='lat' dir='ltr'>exponentes</span> <span class='ocrx_word' id='word_1_310' title='bbox 689 2477 777 2527; x_wconf 91' lang='lat' dir='ltr'>ipsis</span> <span class='ocrx_word' id='word_1_311' title='bbox 797 2491 945 2515; x_wconf 89' lang='lat' dir='ltr'>omnem</span> <span class='ocrx_word' id='word_1_312' title='bbox 959 2479 1155 2516; x_wconf 86' lang='lat' dir='ltr'>veritatem</span> <span class='ocrx_word' id='word_1_313' title='bbox 1172 2491 1180 2515; x_wconf 90' lang='lat'>:</span> <span class='ocrx_word' id='word_1_314' title='bbox 1204 2477 1515 2528; x_wconf 88' lang='lat' dir='ltr'>Peloponnenses</span> <span class='ocrx_word' id='word_1_315' title='bbox 1534 2491 1622 2517; x_wconf 88' lang='lat' dir='ltr'>vero</span> 
     </span>
     <span class='ocr_line' id='line_1_39' title="bbox 181 2539 1618 2592; baseline 0.002 -15"><span class='ocrx_word' id='word_1_316' title='bbox 181 2552 266 2578; x_wconf 91' lang='lat' dir='ltr'>eam</span> <span class='ocrx_word' id='word_1_317' title='bbox 293 2539 493 2583; x_wconf 90' lang='lat' dir='ltr'>dederunt,</span> <span class='ocrx_word' id='word_1_318' title='bbox 525 2546 563 2575; x_wconf 92' lang='lat' dir='ltr'>et</span> <span class='ocrx_word' id='word_1_319' title='bbox 593 2539 744 2588; x_wconf 86' lang='lat' dir='ltr'>cognito</span> <span class='ocrx_word' id='word_1_320' title='bbox 769 2540 872 2589; x_wconf 89' lang='lat' dir='ltr'>quod</span> <span class='ocrx_word' id='word_1_321' title='bbox 903 2540 993 2589; x_wconf 88' lang='lat' dir='ltr'>ipsis</span> <span class='ocrx_word' id='word_1_322' title='bbox 1026 2554 1102 2577; x_wconf 91' lang='lat' dir='ltr'>non</span> <span class='ocrx_word' id='word_1_323' title='bbox 1134 2541 1182 2577; x_wconf 88' lang='lat' dir='ltr'>sit</span> <span class='ocrx_word' id='word_1_324' title='bbox 1215 2541 1391 2590; x_wconf 90' lang='lat' dir='ltr'>possibile</span> <span class='ocrx_word' id='word_1_325' title='bbox 1427 2543 1618 2592; x_wconf 84' lang='lat' dir='ltr'>regionem</span> 
     </span>
     <span class='ocr_line' id='line_1_40' title="bbox 184 2599 1622 2652; baseline 0.002 -14"><span class='ocrx_word' id='word_1_326' title='bbox 184 2601 368 2644; x_wconf 88' lang='lat' dir='ltr'>obtinere,</span> <span class='ocrx_word' id='word_1_327' title='bbox 388 2599 659 2637; x_wconf 85' lang='lat' dir='ltr'>discesserunt.</span> <span class='ocrx_word' id='word_1_328' title='bbox 715 2600 927 2638; x_wconf 89' lang='lat' dir='ltr'>Cleomanti</span> <span class='ocrx_word' id='word_1_329' title='bbox 953 2609 1077 2638; x_wconf 88' lang='lat' dir='ltr'>autern</span> <span class='ocrx_word' id='word_1_330' title='bbox 1109 2602 1260 2652; x_wconf 86' lang='lat' dir='ltr'>Delpho</span> <span class='ocrx_word' id='word_1_331' title='bbox 1282 2603 1413 2640; x_wconf 87' lang='lat' dir='ltr'>civitas</span> <span class='ocrx_word' id='word_1_332' title='bbox 1439 2611 1477 2640; x_wconf 92' lang='lat' dir='ltr'>et</span> <span class='ocrx_word' id='word_1_333' title='bbox 1497 2603 1563 2652; x_wconf 88' lang='lat' dir='ltr'>ipsi</span> <span class='ocrx_word' id='word_1_334' title='bbox 1584 2611 1622 2641; x_wconf 93' lang='lat' dir='ltr'>et</span> 
     </span>
     <span class='ocr_line' id='line_1_41' title="bbox 185 2660 1618 2714; baseline 0.002 -16"><span class='ocrx_word' id='word_1_335' title='bbox 185 2661 305 2699; x_wconf 89' lang='lat' dir='ltr'>soboli</span> <span class='ocrx_word' id='word_1_336' title='bbox 336 2660 417 2711; x_wconf 87' lang='lat' dir='ltr'>ejus</span> <span class='ocrx_word' id='word_1_337' title='bbox 448 2668 672 2711; x_wconf 89' lang='lat' dir='ltr'>perpetuum</span> <span class='ocrx_word' id='word_1_338' title='bbox 711 2674 756 2698; x_wconf 88' lang='lat' dir='ltr'>ex</span> <span class='ocrx_word' id='word_1_339' title='bbox 784 2662 934 2712; x_wconf 86' lang='lat' dir='ltr'>publico</span> <span class='ocrx_word' id='word_1_340' title='bbox 962 2661 1086 2698; x_wconf 86' lang='lat' dir='ltr'>cibum</span> <span class='ocrx_word' id='word_1_341' title='bbox 1120 2664 1156 2700; x_wconf 91' lang='lat' dir='ltr'>in</span> <span class='ocrx_word' id='word_1_342' title='bbox 1191 2663 1381 2714; x_wconf 86' lang='lat' dir='ltr'>Prytaneo</span> <span class='ocrx_word' id='word_1_343' title='bbox 1418 2663 1618 2702; x_wconf 89' lang='lat' dir='ltr'>dederunt.</span> 
     </span>
     <span class='ocr_line' id='line_1_42' title="bbox 181 2722 1615 2775; baseline 0.003 -17"><span class='ocrx_word' id='word_1_344' title='bbox 181 2723 335 2766; x_wconf 87' lang='lat' dir='ltr'>Videte,</span> <span class='ocrx_word' id='word_1_345' title='bbox 357 2735 444 2758; x_wconf 88' lang='lat' dir='ltr'>num</span> <span class='ocrx_word' id='word_1_346' title='bbox 465 2735 575 2772; x_wconf 86' lang='lat' dir='ltr'>aequa</span> <span class='ocrx_word' id='word_1_347' title='bbox 593 2722 734 2759; x_wconf 85' lang='lat' dir='ltr'>ratione</span> <span class='ocrx_word' id='word_1_348' title='bbox 753 2723 909 2773; x_wconf 77' lang='lat' dir='ltr'>patriam</span> <span class='ocrx_word' id='word_1_349' title='bbox 924 2735 1009 2760; x_wconf 86' lang='lat' dir='ltr'>cum</span> <span class='ocrx_word' id='word_1_350' title='bbox 1030 2722 1215 2762; x_wconf 86' lang='lat' dir='ltr'>Leocrate</span> <span class='ocrx_word' id='word_1_351' title='bbox 1236 2724 1435 2762; x_wconf 74' lang='lat' dir='ltr'>dilexerint</span> <span class='ocrx_word' id='word_1_352' title='bbox 1454 2725 1517 2775; x_wconf 93' lang='lat' dir='ltr'>qui</span> <span class='ocrx_word' id='word_1_353' title='bbox 1535 2733 1615 2762; x_wconf 87' lang='lat' dir='ltr'>tum</span> 
     </span>
     <span class='ocr_line' id='line_1_43' title="bbox 181 2783 1617 2836; baseline 0.001 -14"><span class='ocrx_word' id='word_1_354' title='bbox 181 2785 257 2823; x_wconf 87' lang='lat' dir='ltr'>sint</span> <span class='ocrx_word' id='word_1_355' title='bbox 276 2783 435 2832; x_wconf 88' lang='lat' dir='ltr'>sceptris</span> <span class='ocrx_word' id='word_1_356' title='bbox 464 2783 585 2834; x_wconf 89' lang='lat' dir='ltr'>potiti,</span> <span class='ocrx_word' id='word_1_357' title='bbox 618 2784 682 2833; x_wconf 86' lang='lat' dir='ltr'>qui</span> <span class='ocrx_word' id='word_1_358' title='bbox 719 2791 932 2821; x_wconf 88' lang='lat' dir='ltr'>statuerunt</span> <span class='ocrx_word' id='word_1_359' title='bbox 965 2784 1136 2822; x_wconf 84' lang='lat' dir='ltr'>hostibus</span> <span class='ocrx_word' id='word_1_360' title='bbox 1167 2785 1404 2835; x_wconf 86' lang='lat' dir='ltr'>imponentes</span> <span class='ocrx_word' id='word_1_361' title='bbox 1437 2799 1504 2836; x_wconf 89' lang='lat' dir='ltr'>pro</span> <span class='ocrx_word' id='word_1_362' title='bbox 1535 2787 1617 2836; x_wconf 82' lang='lat' dir='ltr'>ipsa</span> 
     </span>
     <span class='ocr_line' id='line_1_44' title="bbox 182 2845 1617 2896; baseline -0.001 -12"><span class='ocrx_word' id='word_1_363' title='bbox 182 2846 297 2884; x_wconf 90' lang='lat' dir='ltr'>emori</span> <span class='ocrx_word' id='word_1_364' title='bbox 316 2858 501 2896; x_wconf 86' lang='lat' dir='ltr'>suamque</span> <span class='ocrx_word' id='word_1_365' title='bbox 519 2846 682 2883; x_wconf 84' lang='lat' dir='ltr'>animam</span> <span class='ocrx_word' id='word_1_366' title='bbox 705 2859 770 2896; x_wconf 88' lang='lat' dir='ltr'>pro</span> <span class='ocrx_word' id='word_1_367' title='bbox 799 2845 951 2895; x_wconf 86' lang='lat' dir='ltr'>publica</span> <span class='ocrx_word' id='word_1_368' title='bbox 975 2845 1098 2883; x_wconf 89' lang='lat' dir='ltr'>salute</span> <span class='ocrx_word' id='word_1_369' title='bbox 1118 2855 1342 2896; x_wconf 89' lang='lat' dir='ltr'>permutare.</span> <span class='ocrx_word' id='word_1_370' title='bbox 1399 2846 1528 2890; x_wconf 86' lang='lat' dir='ltr'>Quare</span> <span class='ocrx_word' id='word_1_371' title='bbox 1548 2846 1617 2883; x_wconf 89' lang='lat' dir='ltr'>soli</span> 
     </span>
     <span class='ocr_line' id='line_1_45' title="bbox 179 2906 1616 2959; baseline -0.001 -14"><span class='ocrx_word' id='word_1_372' title='bbox 179 2920 226 2945; x_wconf 83' lang='lat' dir='ltr'>ex</span> <span class='ocrx_word' id='word_1_373' title='bbox 246 2907 419 2945; x_wconf 89' lang='lat' dir='ltr'>omnibus</span> <span class='ocrx_word' id='word_1_374' title='bbox 439 2906 589 2952; x_wconf 88' lang='lat' dir='ltr'>heroes,</span> <span class='ocrx_word' id='word_1_375' title='bbox 609 2920 631 2946; x_wconf 86' lang='lat' dir='ltr'>a</span> <span class='ocrx_word' id='word_1_376' title='bbox 650 2908 787 2958; x_wconf 89' lang='lat' dir='ltr'>quibus</span> <span class='ocrx_word' id='word_1_377' title='bbox 807 2907 926 2945; x_wconf 88' lang='lat' dir='ltr'>tribus</span> <span class='ocrx_word' id='word_1_378' title='bbox 940 2907 1193 2958; x_wconf 84' lang='lat' dir='ltr'>agnominatae</span> <span class='ocrx_word' id='word_1_379' title='bbox 1209 2915 1298 2945; x_wconf 88' lang='lat' dir='ltr'>sunt</span> <span class='ocrx_word' id='word_1_380' title='bbox 1312 2908 1474 2959; x_wconf 85' lang='lat' dir='ltr'>regionis</span> <span class='ocrx_word' id='word_1_381' title='bbox 1491 2907 1616 2951; x_wconf 85' lang='lat' dir='ltr'>istius,</span> 
     </span>
    </p>
   </div>
  </div>
 </body>
</html>
