1870 3277
666 203 1074 242 PANEGYRICUS.
1552 203 1605 240 29

139 306 261 352 daret,
283 319 408 357 neque
429 306 541 345 facile
561 304 656 345 ratio
672 306 755 344 iniri
777 314 908 358 posset
922 307 982 345 vel
998 319 1075 358 quo
1090 305 1166 344 alia
1176 305 1419 357 exportanda
1433 304 1491 342 vel
1505 304 1607 342 unde

139 369 212 408 alia
231 368 474 420 importanda
494 375 637 414 essent,
657 367 773 406 etlam
792 368 877 406 haec
899 367 1148 406 incommoda
1167 367 1428 418 propulsavit:
1459 378 1548 403 nam
1567 364 1606 402 in

138 430 266 468 media
287 430 440 468 Graecia
462 429 648 468 Piraeeum
670 438 880 467 mercatum
902 428 1079 475 instituit,
1103 429 1212 480 cujus
1232 441 1278 465 ea
1297 427 1531 465 excellentia
1549 432 1610 464 est

139 498 182 529 ut
201 505 257 529 eae
273 505 333 530 res
354 504 514 542 quarum
535 491 706 541 singulas
728 491 831 542 apud
852 490 947 529 alios
968 490 1143 530 nancisci
1164 488 1320 528 difficile
1341 495 1414 534 est,
1432 488 1484 526 ibi
1503 501 1608 526 com-

140 554 265 605 parari
286 554 473 592 universae
494 553 607 591 facile
624 552 790 604 possint.

201 617 262 653 12.
294 617 424 658 Quum
447 622 576 652 autem
605 615 741 652 merito
762 614 969 652 laudentur
988 614 1010 651 ii
1032 613 1096 664 qui
1118 612 1290 651 celebres
1317 617 1531 649 conventus
1553 610 1611 648 in-

143 677 364 721 stituerunt,
386 677 488 727 quod
510 689 596 714 eum
617 689 761 714 morem
777 676 888 714 nobis
905 675 1161 719 tradiderunt,
1179 681 1221 711 ut
1234 673 1346 724 quasi
1361 673 1504 710 foedere
1518 672 1612 710 inito

143 745 182 777 et
201 737 405 775 inimicitiis
429 737 685 775 reconciliatis
713 738 750 775 in
772 750 890 774 unum
918 737 1048 775 locum
1076 735 1387 780 conveniremus,
1408 734 1547 772 deiude
1569 740 1612 772 ut

142 799 240 837 votis
267 805 306 837 et
332 799 448 837 sacris
480 801 750 838 communibus
782 799 908 844 factis,
934 799 1017 849 ejus
1042 798 1286 849 cognationis
1314 810 1390 847 qua
1415 796 1613 847 conjuncti

142 874 275 900 sumus
295 862 474 900 internos
496 862 698 908 recordati,
719 861 918 900 amiciores
939 861 976 899 in
996 867 1191 912 posterum
1219 871 1408 903 essemus,
1430 866 1547 909 utque
1576 864 1615 896 et

142 929 273 962 vetera
291 923 457 974 hospitia
477 937 748 962 renovaremus
766 930 805 961 et
823 936 923 961 nova
945 922 1285 968 constitueremus,
1300 920 1465 972 denique
1483 926 1525 957 ut
1544 932 1615 958 nec

142 985 308 1024 indoctis
336 999 408 1023 nec
435 986 715 1024 excellentibus
743 985 907 1035 ingeniis
935 986 1116 1036 ignavum
1138 990 1290 1035 tempus
1319 982 1454 1028 abiret,
1476 982 1546 1020 sed
1577 983 1614 1020 in

144 1047 284 1085 celebri
307 1055 500 1086 conventu
519 1047 747 1085 Graecorum
761 1047 845 1085 aliis
863 1060 970 1085 suam
995 1046 1218 1085 felicitatem
1236 1051 1430 1083 ostentare
1448 1044 1529 1082 aliis
1545 1044 1615 1082 hos

144 1107 240 1146 inter
255 1122 294 1147 se
314 1116 509 1147 certantes
532 1116 710 1160 spectare
737 1109 881 1155 liceret,
903 1122 947 1147 ac
968 1108 1093 1146 neutri
1113 1108 1310 1158 voluptate
1330 1113 1517 1152 carerent,
1547 1105 1616 1144 sed

145 1169 296 1220 utrique
317 1171 354 1207 in
374 1183 450 1220 quo
469 1170 722 1221 gloriarentur
743 1170 942 1215 haberent,
958 1170 1067 1207 alteri
1088 1182 1208 1219 quum
1225 1182 1295 1206 sua
1314 1168 1621 1206 causalaborare

148 1233 298 1283 pugiles
327 1233 513 1278 viderent,
540 1232 648 1270 alteri
677 1245 794 1282 quum
822 1245 955 1270 ornnes
988 1231 1045 1269 sui
1077 1230 1276 1282 spectandi
1315 1231 1437 1280 gratia
1466 1230 1618 1268 venisse

147 1295 540 1343 cogitarent—tanta
555 1294 880 1343 igiturcommoda
892 1306 977 1331 curn
995 1293 1044 1330 ad
1056 1305 1156 1331 nose
1172 1292 1427 1330 conventibus
1443 1291 1618 1338 redeant,

146 1367 193 1392 ne
214 1355 250 1392 in
273 1355 333 1393 his
354 1355 509 1405 quidem
541 1362 673 1393 nostra
692 1356 783 1393 urbs
812 1362 1026 1406 postremas
1047 1354 1149 1392 tulit.
1209 1354 1364 1391 Etenim
1394 1353 1620 1404 spectacula

145 1416 311 1467 plurinia
330 1423 370 1454 et
384 1416 640 1467 pulcherrima
657 1416 842 1467 possidet,
865 1416 940 1454 alia
959 1415 1228 1468 magnitudine
1249 1421 1472 1466 sumptuum
1490 1415 1618 1452 excel-

146 1478 278 1524 lentia,
309 1478 383 1516 alia
403 1485 560 1530 propter
591 1478 793 1516 artificium
823 1479 1031 1524 celebrata,
1060 1478 1135 1516 alia
1159 1478 1297 1516 horum
1329 1484 1493 1528 utroque
1519 1491 1620 1528 prae-

148 1540 316 1578 stantia:
348 1553 393 1579 ac
415 1539 621 1578 multitudo
635 1553 765 1578 eorum
782 1540 847 1591 qui
863 1541 912 1578 ad
929 1554 1000 1578 nos
1016 1540 1172 1578 veniunt
1189 1547 1297 1577 tauta
1313 1546 1385 1586 est,
1404 1546 1461 1584 ut,
1480 1539 1619 1591 siquid

146 1603 236 1640 boni
256 1602 530 1652 congressibus
547 1601 658 1648 inest,
681 1603 719 1640 id
739 1615 894 1653 quoque
916 1603 965 1640 sit
985 1604 1032 1650 ab
1055 1602 1139 1652 ipsa
1159 1601 1499 1652 comprehensum.
1556 1601 1620 1640 Ad

147 1663 232 1701 haec
252 1663 437 1702 amicitias
457 1663 703 1702 fidelissimas
726 1665 888 1716 reperire
910 1672 949 1702 et
967 1664 1091 1701 omnis
1106 1663 1258 1717 generis
1271 1664 1545 1714 congressibus
1561 1663 1620 1701 in-

146 1731 290 1763 teresse
317 1725 420 1777 apud
443 1738 513 1763 nos
538 1726 780 1776 potissimum
807 1726 910 1771 licet,
931 1732 1118 1776 praeterea
1144 1738 1222 1763 non
1244 1732 1395 1763 tantum
1415 1725 1622 1764 celeritatis

148 1795 186 1825 et
205 1789 368 1834 roboris,
388 1788 457 1826 sed
475 1795 513 1826 et
528 1788 758 1839 eloquentiae
775 1794 814 1826 et
825 1788 961 1825 mentis
978 1801 1022 1825 ac
1037 1800 1195 1838 operum
1209 1793 1436 1825 caeterorum
1453 1787 1621 1825 omnium

148 1850 369 1895 certamina,
395 1850 590 1887 ethorum
618 1850 776 1900 praemia
797 1849 963 1888 maxima
984 1849 1045 1887 hic
1069 1855 1294 1887 cernuntur.
1353 1849 1454 1886 Nam
1482 1857 1623 1900 praeter

150 1924 196 1949 ea
214 1925 301 1962 quae
323 1911 406 1962 ipsa
426 1912 516 1949 urbs
536 1911 731 1962 proponit,
751 1912 866 1950 etiam
889 1912 971 1949 aliis
992 1918 1034 1949 ut
1048 1911 1141 1949 dent
1161 1911 1397 1963 persuadet:
1429 1925 1518 1949 nam
1534 1925 1621 1962 quae

150 1987 172 2012 a
192 1973 301 2011 nobis
324 1974 479 2011 decreta
493 1973 792 2012 fuerinttantam
813 1973 958 2011 habent
978 1974 1261 2019 auctoritatem,
1285 1979 1328 2011 ut
1348 1974 1523 2011 omnibus
1538 1986 1625 2024 pro-

150 2035 303 2072 bentur.
359 2034 449 2070 Jam
475 2039 628 2071 caeterae
658 2033 902 2072 celebritates
931 2040 1020 2084 post
1050 2034 1210 2084 longum
1243 2033 1428 2085 temporis
1456 2033 1622 2084 spatium

152 2101 299 2133 coactae
321 2093 496 2132 celeriter
516 2093 792 2140 dissolvuntur,
809 2101 942 2133 nostra
963 2107 1053 2133 vero
1076 2096 1166 2133 urbs
1187 2101 1255 2147 per
1276 2108 1390 2133 omne
1409 2108 1534 2132 aevum
1566 2095 1623 2131 in-

152 2164 229 2195 star
249 2163 309 2194 est
331 2155 502 2193 solennis
522 2163 751 2193 conventus.

209 2219 271 2254 13.
302 2215 565 2266 Philosophiae
590 2223 692 2253 certe
712 2216 882 2267 quidem,
903 2217 1015 2268 cujus
1042 2230 1115 2269 ope
1142 2218 1226 2255 haec
1249 2218 1378 2256 omnia
1405 2217 1561 2256 inventa
1586 2225 1625 2256 et

153 2279 368 2318 constituta
383 2285 485 2323 sunt,
503 2290 590 2328 quae
610 2290 681 2315 nos
698 2285 737 2315 et
750 2278 798 2315 ad
816 2291 876 2315 res
892 2278 1082 2329 gerendas
1099 2279 1238 2317 erudiit
1255 2287 1293 2317 et
1306 2280 1455 2317 animos
1473 2287 1625 2318 nostros

153 2339 422 2385 mansuefecit,
445 2346 484 2377 et
502 2339 744 2377 calamitates
765 2346 842 2377 tam
870 2352 918 2376 ex
947 2340 1100 2379 inscitia
1120 2348 1222 2379 ortas
1253 2354 1369 2392 quarn
1390 2342 1625 2379 necessitate

153 2403 380 2453 importatas
396 2401 582 2446 distinxit,
602 2409 716 2452 atque
733 2401 817 2439 illas
831 2414 966 2440 cavere
980 2402 1049 2440 has
1065 2403 1198 2454 pulcre
1219 2404 1315 2441 ferre
1332 2403 1476 2447 docuit,
1493 2410 1627 2442 nostra

154 2465 246 2501 urbs
260 2463 442 2500 honorem
463 2462 611 2507 habuit,
629 2476 701 2500 nec
722 2463 848 2500 minus
866 2463 1098 2513 eloquentiae
1114 2465 1225 2516 cujus
1240 2464 1430 2502 desiderio
1447 2472 1626 2503 tenentur

157 2537 290 2563 omnes
312 2530 349 2562 et
369 2529 497 2561 tamen
518 2536 563 2561 ea
584 2524 754 2574 praeditis
779 2524 963 2571 invident,
985 2525 1088 2563 haud
1117 2526 1265 2576 ignara,
1286 2525 1376 2563 solis
1397 2524 1507 2562 nobis
1528 2525 1626 2564 inter

155 2599 287 2625 omnes
306 2586 522 2624 animantes
543 2585 614 2623 hoc
636 2593 811 2624 naturam
835 2586 1029 2636 peculiare
1050 2587 1243 2633 tribuisse,
1262 2599 1340 2637 quo
1360 2585 1503 2636 insigni
1523 2587 1627 2625 bono

155 2649 214 2686 usi
232 2648 346 2686 etiam
368 2648 518 2686 caeteris
541 2649 656 2686 rebus
683 2648 862 2685 omnibus
889 2649 973 2687 illas
1002 2662 1253 2700 superamus;
1286 2662 1405 2699 quum
1432 2656 1559 2686 autem
1587 2649 1625 2687 in

156 2709 237 2747 aliis
257 2709 473 2746 actionibus
494 2721 559 2746 eas
581 2721 667 2747 esse
686 2709 851 2746 fortunae
871 2710 1176 2760 perturbationes
1197 2716 1371 2748 cerneret
1389 2717 1432 2747 ut
1448 2723 1626 2761 saepenu-

156 2783 259 2809 mero
279 2777 318 2808 et
338 2771 548 2822 prudentes
569 2778 745 2808 votorum
767 2771 930 2823 impotes
950 2773 1086 2810 fierent
1105 2779 1143 2809 et
1164 2772 1293 2810 stolidi
1315 2785 1520 2811 successus
1540 2786 1627 2824 pro-

157 2844 289 2882 speros
305 2833 503 2877 haberent,
523 2832 705 2870 orationis
722 2839 847 2871 autem
864 2833 1061 2885 praeclarae
1084 2833 1380 2886 artificiosaeque
1401 2834 1626 2873 facultatem

159 2900 198 2933 et
217 2895 382 2945 stupidis
403 2902 584 2946 negatam
606 2903 645 2933 et
664 2896 866 2946 prudentis
884 2896 999 2934 animi
1022 2909 1160 2935 munus
1182 2898 1377 2949 peculiare
1398 2909 1498 2942 esse,
1513 2904 1629 2948 atque

160 2956 275 2995 etiam
296 2969 362 2994 eos
383 2956 448 3007 qui
469 2957 527 2995 vel
547 2956 686 2995 eruditi
704 2958 762 2995 vel
777 2958 921 2997 indocti
944 2957 1217 3009 perhibeantur
1232 2959 1306 2998 hac
1326 2971 1365 2997 re
1380 2959 1477 2997 inter
1497 2970 1538 2996 se
1559 2970 1628 3009 po·
