1870 3277
695 176 767 212 AD
800 173 1123 211 PHILIPPUM.
1591 176 1637 212 51

174 283 256 315 rata
281 277 532 321 haberentur,
560 277 702 315 veritus
735 289 785 314 ne
811 283 942 313 nostra
973 274 1105 312 civitas
1135 280 1225 325 post
1254 275 1436 326 temporis
1464 275 1647 327 exiguum

172 338 341 387 spatium
361 338 435 376 alla
457 338 558 376 bella
576 338 839 376 desideraret:
869 349 958 387 quae
986 349 1105 387 quum
1126 348 1278 373 mecum
1310 337 1389 386 ipse
1411 343 1646 388 reputarem,

174 398 280 436 nullo
301 399 376 436 alio
406 400 521 437 modo
540 400 755 450 quieturam
781 411 867 436 esse
894 397 1144 448 reperiebam,
1174 396 1246 435 nisi
1267 398 1443 435 maximae
1469 398 1645 437 civitates

171 473 267 510 pace
287 461 386 498 inter
415 475 455 499 se
477 462 579 498 facta
598 460 742 498 bellum
762 460 798 497 in
821 459 952 497 Asiam
972 458 1296 503 transferendum,
1315 465 1356 496 et
1382 459 1646 498 emolumenta

171 534 259 570 quae
282 535 384 559 nunc
411 536 433 559 a
454 522 602 559 Graecis
631 527 918 571 extorquerent,
948 533 968 557 e
989 520 1180 557 manubiis
1200 520 1450 557 barbarorum
1476 521 1645 571 petenda

171 594 258 620 esse
279 589 504 625 censerent;
536 583 574 620 id
595 583 696 633 quod
714 589 755 620 et
773 583 810 619 in
827 581 1062 632 panegyrica
1078 582 1251 619 oratione
1273 581 1464 618 consului.

225 645 263 681 5.
294 644 392 686 Quae
423 657 542 693 quum
570 645 696 682 animo
724 643 926 694 agitarem,
952 655 1023 680 nec
1051 650 1319 693 argumentum
1351 643 1410 680 vel
1441 642 1643 681 honestius

170 705 228 742 vel
250 706 560 755 magnificentius
580 705 639 743 vel
661 706 770 743 nobis
796 705 975 742 omnibus
997 704 1128 742 utilius
1153 717 1324 755 unquam
1353 717 1402 742 ne
1431 705 1643 756 excogitari

167 765 323 816 quidem
341 779 452 817 posse
473 780 699 818 persuasum
717 766 911 812 haberem,
933 767 979 804 ad
1002 765 1037 803 id
1055 766 1103 804 de
1124 766 1273 817 integro
1293 766 1536 804 tractandum
1557 780 1642 804 sum

169 826 366 871 incitatus,
387 835 427 865 et
459 828 490 866 si
522 842 648 866 rerum
683 841 852 866 mearum
886 827 979 865 nihil
1013 828 1165 879 ignoro,
1187 835 1226 865 et
1255 828 1348 866 satis
1374 828 1549 879 intelligo
1575 841 1642 866 ne-

168 888 314 938 gotium
347 889 421 926 hoc
448 902 525 927 non
560 903 656 928 meae
692 889 881 928 senectuti
911 903 999 928 esse
1028 897 1174 941 aptum,
1194 889 1265 927 sed
1294 889 1416 927 virum
1442 889 1641 941 postulare

167 950 338 989 florentis
364 953 490 989 aetatis
517 959 556 990 et
586 952 670 990 aliis
699 952 854 1002 ingenio
889 952 1052 990 multum
1086 952 1365 995 excellentem;
1399 959 1516 1002 atque
1544 952 1641 990 illud

166 1013 280 1050 etiam
300 1013 413 1051 video
433 1027 550 1064 quam
569 1014 724 1052 difficile
755 1014 806 1052 sit
831 1014 940 1052 binas
963 1015 1011 1052 de
1037 1014 1174 1052 eadem
1195 1027 1234 1052 re
1247 1014 1476 1052 ,tolerabiles
1496 1014 1640 1052 habere

165 1075 372 1119 orationes,
410 1076 622 1125 praesertim
652 1077 683 1113 si
712 1089 758 1114 ea
790 1089 879 1126 quae
905 1076 1010 1127 prius
1040 1076 1145 1113 edita
1177 1084 1238 1113 est
1256 1077 1309 1113 sic
1336 1076 1482 1127 scripta
1502 1077 1565 1122 sit,
1597 1084 1640 1115 ut

164 1149 249 1173 eam
276 1136 338 1173 vel
367 1136 482 1173 invidi
510 1137 627 1175 nostri
661 1138 858 1175 imitentur
885 1144 924 1175 et
953 1139 1077 1187 magis
1104 1137 1342 1175 admirentur
1371 1151 1486 1188 quam
1515 1138 1538 1175 ii
1571 1140 1638 1189 qui

165 1198 324 1234 summis
356 1197 535 1235 laudibus
571 1199 776 1236 extollunt.
835 1199 977 1236 Verum
1012 1211 1086 1249 ego
1122 1199 1298 1237 omnibus
1338 1199 1446 1237 hisce
1479 1199 1640 1238 difficul-

164 1259 303 1295 tatibus
325 1259 513 1308 neglectis
543 1260 580 1296 in
601 1267 804 1297 senectute
825 1261 924 1297 adeo
945 1273 1030 1296 sum
1052 1259 1179 1297 factus
1208 1273 1308 1306 acer,
1327 1269 1371 1298 ut
1391 1275 1460 1311 per
1480 1274 1526 1299 ea
1547 1275 1635 1312 quae

164 1318 230 1356 tibi
270 1319 357 1357 dico
395 1319 490 1357 meis
528 1320 643 1357 etiam
683 1320 883 1371 discipulis
924 1320 1189 1358 demonstrare
1229 1321 1467 1372 planumque
1508 1323 1636 1362 facere

161 1380 390 1425 studuerim,
413 1381 665 1418 conventibus
690 1381 862 1431 ingerere
884 1394 969 1419 sese
991 1388 1029 1418 et
1057 1381 1107 1419 ad
1127 1394 1263 1420 omnes
1291 1395 1358 1420 eos
1380 1383 1446 1433 qui
1474 1384 1524 1421 ibi
1546 1398 1635 1423 eon-

161 1448 321 1479 currunt
339 1442 458 1479 verba
483 1443 613 1480 facere
643 1443 802 1493 perinde
830 1456 916 1481 esse
943 1456 990 1480 ac
1017 1443 1048 1480 si
1068 1443 1211 1481 nemini
1233 1443 1510 1494 loquerentur;
1542 1460 1632 1484 nam

161 1503 382 1554 hujusmodi
405 1504 596 1542 orationes
628 1517 703 1541 non
734 1504 859 1542 minus
885 1518 974 1542 esse
993 1504 1117 1542 irritas
1150 1518 1265 1555 quam
1288 1505 1397 1556 leges
1415 1514 1456 1545 et
1474 1509 1631 1558 respub.

161 1579 183 1603 a
210 1566 387 1616 sophistis
414 1565 602 1616 scriptas:
643 1574 820 1617 oportere
861 1574 992 1604 autem
1021 1579 1089 1603 eos
1119 1567 1183 1616 qui
1214 1579 1289 1604 non
1319 1567 1463 1606 frustra
1495 1571 1634 1620 nugari

158 1628 227 1666 sed
249 1628 405 1678 aliquod
432 1628 728 1680 operaepretium
757 1629 887 1666 facere
906 1628 1064 1672 vellent,
1088 1628 1231 1678 quique
1263 1628 1335 1666 sibi
1363 1629 1510 1680 aliquid
1538 1632 1632 1669 utile

157 1691 377 1741 reipublicae
408 1691 594 1741 reperisse
623 1690 858 1736 viderentur,
885 1690 1037 1727 omissis
1066 1690 1354 1729 celebritatibus
1380 1705 1513 1729 eorum
1539 1707 1629 1743 quae

156 1752 338 1790 facienda
357 1759 579 1796 censerent,
611 1753 751 1790 ducem
781 1760 896 1802 atque
917 1758 1114 1790 auctorem
1142 1752 1310 1802 aliquem
1331 1764 1378 1789 ex
1400 1753 1444 1791 iis
1471 1754 1628 1805 eligere,

153 1815 218 1866 qui
238 1821 278 1852 et
297 1813 463 1852 dicendo
483 1822 522 1851 et
541 1814 655 1851 rebus
676 1813 858 1864 gerendis
880 1813 1067 1859 valerent,
1086 1826 1306 1864 magnaque
1321 1814 1475 1863 praediti
1496 1823 1628 1854 aucto-

154 1877 266 1914 ritate
282 1883 428 1914 attente
444 1889 510 1913 eos
528 1875 693 1913 audituri
712 1884 857 1914 essent.

205 1939 246 1975 6.
277 1937 426 1980 Quibus
465 1950 539 1987 ego
577 1937 789 1988 perspectis
828 1944 954 1975 tecum
1000 1937 1192 1974 disserere
1229 1936 1428 1982 constitui,
1469 1951 1541 1976 nec
1580 1951 1627 1976 ea

153 1998 279 2049 delegi
307 2012 394 2048 quae
421 1998 555 2035 auditu
579 1998 760 2048 jucunda
792 1998 1091 2042 essent,—etsi
1122 2010 1183 2035 me
1207 1998 1384 2048 jucunda
1410 1998 1476 2035 tibi
1510 2013 1625 2049 posse

154 2063 281 2100 dicere
302 2062 339 2098 in
360 2061 490 2110 primis
508 2060 658 2104 vellem,
681 2068 808 2098 tamen
830 2060 867 2098 id
888 2061 979 2097 mihi
1009 2061 1249 2111 propositum
1271 2073 1347 2098 non
1373 2060 1460 2098 fuit.
1520 2061 1623 2098 Nam

151 2125 247 2163 alios
281 2123 435 2173 quidem
464 2129 694 2173 praestantes
727 2122 826 2160 viros
858 2122 1140 2174 rebuspublicis
1168 2129 1207 2160 et
1239 2122 1390 2173 legibus
1426 2123 1624 2171 subjectos

150 2186 327 2225 videbam
349 2198 426 2222 non
454 2184 598 2222 audere
619 2184 747 2222 facere
774 2184 983 2235 quicquam
1003 2185 1076 2222 nisi
1098 2184 1201 2235 quod
1222 2184 1464 2235 juberentur,
1495 2198 1622 2236 neque

151 2249 265 2287 etiam
287 2247 366 2284 ulla
386 2259 431 2284 ex
454 2254 559 2297 parte
581 2259 692 2297 pares
714 2259 798 2284 esse
825 2246 1084 2298 magnitudini
1104 2259 1231 2284 rerum
1257 2246 1304 2284 de
1325 2246 1466 2297 quibus
1487 2247 1622 2285 dicen-

151 2311 244 2349 dum
265 2317 334 2355 est,
355 2309 422 2347 tibi
441 2315 568 2346 autem
597 2308 668 2346 soli
690 2321 870 2359 magnam
900 2315 1135 2359 potestatem
1164 2321 1186 2346 a
1207 2308 1364 2346 fortuna
1384 2308 1514 2346 datam
1534 2321 1621 2347 esse

151 2380 190 2411 et
210 2373 359 2422 legatos
389 2371 565 2408 mittendi
585 2383 663 2420 quo
693 2370 812 2408 velles
844 2376 883 2408 et
908 2370 1121 2421 excipiendi
1150 2383 1172 2408 a
1192 2370 1329 2420 quibus
1357 2369 1553 2407 videretur
1580 2378 1621 2407 et

149 2435 302 2473 dicendi
337 2434 445 2484 quod
478 2434 572 2472 utile
602 2434 818 2484 judicares,
851 2441 1038 2485 praeterea
1070 2441 1200 2472 tantas
1232 2433 1381 2471 divitias
1416 2441 1454 2471 et
1485 2434 1618 2485 copias

148 2505 353 2548 suppetere
382 2503 548 2546 quantas
568 2496 604 2533 in
627 2496 782 2533 Graecia
813 2497 969 2541 nemini,
990 2510 1079 2547 quae
1100 2509 1161 2534 res
1182 2496 1274 2534 solae
1301 2495 1558 2546 persuadendi
1580 2504 1620 2535 et

148 2558 314 2609 cogendi
347 2559 382 2595 vi
411 2564 501 2595 sunt
531 2557 726 2608 praeditae;
758 2557 894 2608 hisque
926 2558 975 2596 ad
1006 2571 1053 2596 ea
1077 2572 1165 2609 quae
1196 2557 1364 2595 dicenda
1397 2565 1486 2595 sunt
1517 2571 1616 2609 opus

147 2620 229 2657 fore
262 2626 369 2670 puto.
447 2618 728 2656 Cohortaturus
759 2619 861 2656 enim
897 2627 934 2657 te
969 2633 1067 2663 sum,
1099 2625 1205 2656 utet
1232 2618 1482 2656 concordiam
1515 2619 1615 2658 inter

147 2681 310 2719 Graecos
346 2681 562 2718 constituas
601 2688 639 2718 et
676 2680 819 2718 bellum
860 2689 998 2719 contra
1036 2682 1220 2719 barbaros
1262 2680 1463 2731 suscipias.
1541 2682 1615 2721 Est

148 2750 275 2780 autem
297 2742 528 2792 persuadere
547 2741 675 2792 quoad
694 2742 856 2780 Graecos
876 2743 1138 2786 commodum,
1158 2741 1193 2778 vi
1214 2753 1304 2779 vero
1323 2754 1463 2793 cogere
1484 2744 1613 2794 quoad

147 2804 328 2841 barbaros
349 2803 454 2841 utile.
513 2804 673 2841 Summa
689 2804 803 2854 igitur
818 2805 936 2842 totius
958 2804 1145 2842 orationis
1165 2803 1252 2840 hoec
1270 2810 1342 2841 est.

202 2866 239 2901 7.
270 2865 347 2902 Sed
368 2865 508 2915 quibus
529 2865 620 2903 mihi
641 2867 755 2904 rebus
777 2866 934 2917 quidam
950 2865 1192 2903 familiarium
1213 2865 1363 2903 molesti
1384 2865 1537 2912 fuerint,
1554 2867 1610 2904 in·

145 2927 275 2964 dicare
301 2925 367 2963 tibi
386 2938 462 2964 non
484 2926 692 2965 dubitabo:
724 2927 762 2965 id
784 2928 885 2966 enim
912 2927 993 2966 fore
1020 2934 1114 2978 puto
1139 2927 1449 2979 operaepretium.
1507 2928 1609 2966 Nam
