<?xml version="1.0" encoding="UTF-8"?>
<!DOCTYPE html PUBLIC "-//W3C//DTD XHTML 1.0 Transitional//EN"
    "http://www.w3.org/TR/xhtml1/DTD/xhtml1-transitional.dtd">
<html xmlns="http://www.w3.org/1999/xhtml" xml:lang="en" lang="en">
 <head>
  <title>
</title>
<meta http-equiv="Content-Type" content="text/html;charset=utf-8" />
  <meta name='ocr-system' content='tesseract 3.04.00' />
  <meta name='ocr-capabilities' content='ocr_page ocr_carea ocr_par ocr_line ocrx_word'/>
</head>
<body>
  <div class='ocr_page' id='page_1' title='image "./oratoresatticie14dobs_0331.png"; bbox 0 0 1870 3277; ppageno 0'>
   <div class='ocr_carea' id='block_1_1' title="bbox 501 173 1630 218">
    <p class='ocr_par' dir='ltr' id='par_1_1' title="bbox 501 173 1630 218">
     <span class='ocr_line' id='line_1_1' title="bbox 501 173 1630 218; baseline 0.007 -8"><span class='ocrx_word' id='word_1_1' title='bbox 501 173 576 212; x_wconf 93' lang='lat' dir='ltr'>DE</span> <span class='ocrx_word' id='word_1_2' title='bbox 605 173 883 215; x_wconf 87' lang='lat' dir='ltr'><strong>MENELCIS</strong></span> <span class='ocrx_word' id='word_1_3' title='bbox 915 176 1282 216; x_wconf 88' lang='lat' dir='ltr'><strong>HEREDITATE.</strong></span> <span class='ocrx_word' id='word_1_4' title='bbox 1552 181 1630 218; x_wconf 86' lang='lat'>319</span> 
     </span>
    </p>
   </div>
   <div class='ocr_carea' id='block_1_2' title="bbox 134 278 1625 2632">
    <p class='ocr_par' dir='ltr' id='par_1_2' title="bbox 161 278 1625 379">
     <span class='ocr_line' id='line_1_2' title="bbox 161 278 1625 339; baseline 0.008 -24"><span class='ocrx_word' id='word_1_5' title='bbox 161 290 205 316; x_wconf 87' lang='lat' dir='ltr'>ac</span> <span class='ocrx_word' id='word_1_6' title='bbox 218 278 446 329; x_wconf 76' lang='lat' dir='ltr'>juramentis</span> <span class='ocrx_word' id='word_1_7' title='bbox 467 281 631 330; x_wconf 85' lang='lat' dir='ltr'>violatis,</span> <span class='ocrx_word' id='word_1_8' title='bbox 652 296 790 335; x_wconf 89' lang='lat' dir='ltr'>meque</span> <span class='ocrx_word' id='word_1_9' title='bbox 813 283 978 330; x_wconf 86' lang='lat' dir='ltr'>caeteris,</span> <span class='ocrx_word' id='word_1_10' title='bbox 1000 283 1148 322; x_wconf 85' lang='lat' dir='ltr'>tantilla</span> <span class='ocrx_word' id='word_1_11' title='bbox 1163 285 1339 335; x_wconf 85' lang='lat' dir='ltr'>quamvis</span> <span class='ocrx_word' id='word_1_12' title='bbox 1359 286 1448 334; x_wconf 88' lang='lat' dir='ltr'>sint,</span> <span class='ocrx_word' id='word_1_13' title='bbox 1462 287 1625 339; x_wconf 83' lang='lat' dir='ltr'>spoliare</span> 
     </span>
     <span class='ocr_line' id='line_1_3' title="bbox 162 342 1559 379; baseline 0 0"><span class='ocrx_word' id='word_1_14' title='bbox 162 342 308 379; x_wconf 87' lang='lat' dir='ltr'><strong>studet.</strong></span> <span class='ocrx_word' id='word_1_15' title='bbox 1555 350 1559 352; x_wconf 65' lang='lat'><strong><em>‘</em></strong></span> 
     </span>
    </p>

    <p class='ocr_par' dir='ltr' id='par_1_3' title="bbox 142 404 1624 1329">
     <span class='ocr_line' id='line_1_4' title="bbox 219 404 1624 460; baseline 0.005 -19"><span class='ocrx_word' id='word_1_16' title='bbox 219 405 279 441; x_wconf 90' lang='lat'>13.</span> <span class='ocrx_word' id='word_1_17' title='bbox 310 404 411 455; x_wconf 88' lang='lat' dir='ltr'>Ego,</span> <span class='ocrx_word' id='word_1_18' title='bbox 433 405 470 442; x_wconf 87' lang='lat' dir='ltr'>ni</span> <span class='ocrx_word' id='word_1_19' title='bbox 489 412 652 457; x_wconf 82' lang='lat' dir='ltr'>patrem,</span> <span class='ocrx_word' id='word_1_20' title='bbox 674 407 785 457; x_wconf 91' lang='lat' dir='ltr'>cujus</span> <span class='ocrx_word' id='word_1_21' title='bbox 806 418 891 444; x_wconf 88' lang='lat' dir='ltr'>esse</span> <span class='ocrx_word' id='word_1_22' title='bbox 911 413 1160 457; x_wconf 84' lang='lat' dir='ltr'>nuncupatus</span> <span class='ocrx_word' id='word_1_23' title='bbox 1186 420 1270 445; x_wconf 90' lang='lat' dir='ltr'>sum</span> <span class='ocrx_word' id='word_1_24' title='bbox 1287 409 1430 460; x_wconf 89' lang='lat' dir='ltr'>quique</span> <span class='ocrx_word' id='word_1_25' title='bbox 1450 423 1510 448; x_wconf 92' lang='lat' dir='ltr'>me</span> <span class='ocrx_word' id='word_1_26' title='bbox 1531 410 1624 448; x_wconf 88' lang='lat' dir='ltr'>ado-</span> 
     </span>
     <span class='ocr_line' id='line_1_5' title="bbox 157 465 1621 519; baseline 0.006 -17"><span class='ocrx_word' id='word_1_27' title='bbox 157 465 292 516; x_wconf 89' lang='lat' dir='ltr'>ptavit,</span> <span class='ocrx_word' id='word_1_28' title='bbox 315 466 490 505; x_wconf 84' lang='lat' dir='ltr'>deserere</span> <span class='ocrx_word' id='word_1_29' title='bbox 504 476 615 519; x_wconf 82' lang='lat' dir='ltr'>turpe</span> <span class='ocrx_word' id='word_1_30' title='bbox 634 480 788 519; x_wconf 88' lang='lat' dir='ltr'>prorsus</span> <span class='ocrx_word' id='word_1_31' title='bbox 804 480 848 505; x_wconf 85' lang='lat' dir='ltr'>ac</span> <span class='ocrx_word' id='word_1_32' title='bbox 863 467 1101 518; x_wconf 89' lang='lat' dir='ltr'>flagitiosum</span> <span class='ocrx_word' id='word_1_33' title='bbox 1121 482 1206 507; x_wconf 91' lang='lat' dir='ltr'>esse</span> <span class='ocrx_word' id='word_1_34' title='bbox 1222 470 1492 519; x_wconf 84' lang='lat' dir='ltr'><strong>existimarem,</strong></span> <span class='ocrx_word' id='word_1_35' title='bbox 1508 473 1621 511; x_wconf 91' lang='lat' dir='ltr'>bonis</span> 
     </span>
     <span class='ocr_line' id='line_1_6' title="bbox 157 527 1619 585; baseline 0.005 -21"><span class='ocrx_word' id='word_1_36' title='bbox 157 527 242 576; x_wconf 91' lang='lat' dir='ltr'>ejus</span> <span class='ocrx_word' id='word_1_37' title='bbox 257 527 333 566; x_wconf 91' lang='lat' dir='ltr'>cito</span> <span class='ocrx_word' id='word_1_38' title='bbox 352 528 405 566; x_wconf 92' lang='lat' dir='ltr'>illi</span> <span class='ocrx_word' id='word_1_39' title='bbox 425 529 654 568; x_wconf 85' lang='lat' dir='ltr'>cessissem:</span> <span class='ocrx_word' id='word_1_40' title='bbox 685 529 779 566; x_wconf 81' lang='lat' dir='ltr'>nihil</span> <span class='ocrx_word' id='word_1_41' title='bbox 800 529 901 567; x_wconf 88' lang='lat' dir='ltr'>enim</span> <span class='ocrx_word' id='word_1_42' title='bbox 927 530 1112 581; x_wconf 91' lang='lat' dir='ltr'>reliquum</span> <span class='ocrx_word' id='word_1_43' title='bbox 1134 537 1206 576; x_wconf 87' lang='lat' dir='ltr'>est,</span> <span class='ocrx_word' id='word_1_44' title='bbox 1227 532 1281 569; x_wconf 89' lang='lat' dir='ltr'>uti</span> <span class='ocrx_word' id='word_1_45' title='bbox 1307 532 1422 569; x_wconf 85' lang='lat' dir='ltr'>etiam</span> <span class='ocrx_word' id='word_1_46' title='bbox 1443 546 1511 571; x_wconf 90' lang='lat' dir='ltr'>vos</span> <span class='ocrx_word' id='word_1_47' title='bbox 1532 548 1619 585; x_wconf 90' lang='lat' dir='ltr'>per-</span> 
     </span>
     <span class='ocr_line' id='line_1_7' title="bbox 158 588 1619 646; baseline 0.005 -19"><span class='ocrx_word' id='word_1_48' title='bbox 158 588 286 639; x_wconf 82' lang='lat' dir='ltr'>cipere</span> <span class='ocrx_word' id='word_1_49' title='bbox 302 596 474 628; x_wconf 86' lang='lat' dir='ltr'><strong>autumo.</strong></span> <span class='ocrx_word' id='word_1_50' title='bbox 514 591 630 630; x_wconf 90' lang='lat' dir='ltr'>Nunc</span> <span class='ocrx_word' id='word_1_51' title='bbox 649 604 738 629; x_wconf 87' lang='lat' dir='ltr'>vero</span> <span class='ocrx_word' id='word_1_52' title='bbox 755 591 991 630; x_wconf 87' lang='lat' dir='ltr'>dedecorum</span> <span class='ocrx_word' id='word_1_53' title='bbox 1006 592 1328 643; x_wconf 89' lang='lat' dir='ltr'>inhonestumque</span> <span class='ocrx_word' id='word_1_54' title='bbox 1342 593 1414 632; x_wconf 91' lang='lat' dir='ltr'>hac</span> <span class='ocrx_word' id='word_1_55' title='bbox 1430 594 1517 646; x_wconf 85' lang='lat' dir='ltr'>lege</span> <span class='ocrx_word' id='word_1_56' title='bbox 1537 608 1619 634; x_wconf 90' lang='lat' dir='ltr'>esse</span> 
     </span>
     <span class='ocr_line' id='line_1_8' title="bbox 155 653 1619 708; baseline 0.005 -20"><span class='ocrx_word' id='word_1_57' title='bbox 155 658 264 702; x_wconf 89' lang='lat' dir='ltr'>puto,</span> <span class='ocrx_word' id='word_1_58' title='bbox 286 653 331 699; x_wconf 91' lang='lat' dir='ltr'>si,</span> <span class='ocrx_word' id='word_1_59' title='bbox 351 666 428 703; x_wconf 93' lang='lat' dir='ltr'>quo</span> <span class='ocrx_word' id='word_1_60' title='bbox 449 660 616 704; x_wconf 89' lang='lat' dir='ltr'>tempore</span> <span class='ocrx_word' id='word_1_61' title='bbox 649 653 846 691; x_wconf 87' lang='lat' dir='ltr'>Menecles</span> <span class='ocrx_word' id='word_1_62' title='bbox 866 654 1102 704; x_wconf 87' lang='lat' dir='ltr'>pecuniosus</span> <span class='ocrx_word' id='word_1_63' title='bbox 1135 654 1220 701; x_wconf 84' lang='lat' dir='ltr'>fuit,</span> <span class='ocrx_word' id='word_1_64' title='bbox 1241 668 1287 693; x_wconf 89' lang='lat' dir='ltr'>eo</span> <span class='ocrx_word' id='word_1_65' title='bbox 1316 656 1504 708; x_wconf 89' lang='lat' dir='ltr'>meipsum</span> <span class='ocrx_word' id='word_1_66' title='bbox 1526 657 1560 694; x_wconf 90' lang='lat' dir='ltr'>ei</span> <span class='ocrx_word' id='word_1_67' title='bbox 1580 659 1619 695; x_wconf 90' lang='lat' dir='ltr'>in</span> 
     </span>
     <span class='ocr_line' id='line_1_9' title="bbox 151 712 1620 770; baseline 0.006 -21"><span class='ocrx_word' id='word_1_68' title='bbox 151 712 277 751; x_wconf 88' lang='lat' dir='ltr'>locum</span> <span class='ocrx_word' id='word_1_69' title='bbox 312 714 378 752; x_wconf 89' lang='lat' dir='ltr'>filii</span> <span class='ocrx_word' id='word_1_70' title='bbox 414 714 589 765; x_wconf 88' lang='lat' dir='ltr'>adoptari</span> <span class='ocrx_word' id='word_1_71' title='bbox 618 715 889 761; x_wconf 87' lang='lat' dir='ltr'>concesserim,</span> <span class='ocrx_word' id='word_1_72' title='bbox 925 716 1050 767; x_wconf 89' lang='lat' dir='ltr'>deque</span> <span class='ocrx_word' id='word_1_73' title='bbox 1084 716 1197 754; x_wconf 92' lang='lat' dir='ltr'>bonis</span> <span class='ocrx_word' id='word_1_74' title='bbox 1230 716 1330 767; x_wconf 89' lang='lat' dir='ltr'>ejus,</span> <span class='ocrx_word' id='word_1_75' title='bbox 1363 725 1453 756; x_wconf 87' lang='lat' dir='ltr'>ante</span> <span class='ocrx_word' id='word_1_76' title='bbox 1484 719 1620 770; x_wconf 80' lang='lat' dir='ltr'>praedii</span> 
     </span>
     <span class='ocr_line' id='line_1_10' title="bbox 150 774 1619 828; baseline 0.005 -16"><span class='ocrx_word' id='word_1_77' title='bbox 150 774 427 821; x_wconf 86' lang='lat' dir='ltr'>venditionem,</span> <span class='ocrx_word' id='word_1_78' title='bbox 446 776 484 813; x_wconf 92' lang='lat' dir='ltr'>in</span> <span class='ocrx_word' id='word_1_79' title='bbox 511 775 626 814; x_wconf 85' lang='lat' dir='ltr'>domo</span> <span class='ocrx_word' id='word_1_80' title='bbox 652 777 993 828; x_wconf 85' lang='lat' dir='ltr'>gymnasiarchatu</span> <span class='ocrx_word' id='word_1_81' title='bbox 1020 778 1176 815; x_wconf 89' lang='lat' dir='ltr'>functus</span> <span class='ocrx_word' id='word_1_82' title='bbox 1204 778 1275 816; x_wconf 88' lang='lat' dir='ltr'>sim</span> <span class='ocrx_word' id='word_1_83' title='bbox 1295 786 1334 816; x_wconf 91' lang='lat' dir='ltr'>et</span> <span class='ocrx_word' id='word_1_84' title='bbox 1354 780 1619 819; x_wconf 84' lang='lat' dir='ltr'>munificentia</span> 
     </span>
     <span class='ocr_line' id='line_1_11' title="bbox 148 836 1615 893; baseline 0.005 -20"><span class='ocrx_word' id='word_1_85' title='bbox 148 841 285 886; x_wconf 87' lang='lat' dir='ltr'>utpote</span> <span class='ocrx_word' id='word_1_86' title='bbox 315 836 415 874; x_wconf 89' lang='lat' dir='ltr'>filius</span> <span class='ocrx_word' id='word_1_87' title='bbox 450 837 534 888; x_wconf 85' lang='lat' dir='ltr'>ejus</span> <span class='ocrx_word' id='word_1_88' title='bbox 564 837 822 883; x_wconf 87' lang='lat' dir='ltr'>inclaruerim,</span> <span class='ocrx_word' id='word_1_89' title='bbox 854 838 1007 877; x_wconf 81' lang='lat' dir='ltr'>militias</span> <span class='ocrx_word' id='word_1_90' title='bbox 1043 852 1170 890; x_wconf 89' lang='lat' dir='ltr'>porro,</span> <span class='ocrx_word' id='word_1_91' title='bbox 1194 852 1282 890; x_wconf 88' lang='lat' dir='ltr'>quae</span> <span class='ocrx_word' id='word_1_92' title='bbox 1309 847 1402 879; x_wconf 90' lang='lat' dir='ltr'>tunc</span> <span class='ocrx_word' id='word_1_93' title='bbox 1432 842 1615 893; x_wconf 86' lang='lat' dir='ltr'>temporis</span> 
     </span>
     <span class='ocr_line' id='line_1_12' title="bbox 146 897 1614 951; baseline 0.005 -17"><span class='ocrx_word' id='word_1_94' title='bbox 146 897 335 936; x_wconf 82' lang='lat' dir='ltr'>ordinatae</span> <span class='ocrx_word' id='word_1_95' title='bbox 357 906 458 945; x_wconf 90' lang='lat' dir='ltr'>sunt,</span> <span class='ocrx_word' id='word_1_96' title='bbox 474 912 609 938; x_wconf 88' lang='lat' dir='ltr'>omnes</span> <span class='ocrx_word' id='word_1_97' title='bbox 625 900 661 937; x_wconf 86' lang='lat' dir='ltr'>in</span> <span class='ocrx_word' id='word_1_98' title='bbox 682 901 782 938; x_wconf 89' lang='lat' dir='ltr'>tribu</span> <span class='ocrx_word' id='word_1_99' title='bbox 806 900 888 951; x_wconf 85' lang='lat' dir='ltr'>ejus</span> <span class='ocrx_word' id='word_1_100' title='bbox 909 913 954 938; x_wconf 87' lang='lat' dir='ltr'>ac</span> <span class='ocrx_word' id='word_1_101' title='bbox 985 900 1099 939; x_wconf 87' lang='lat' dir='ltr'>demo</span> <span class='ocrx_word' id='word_1_102' title='bbox 1119 901 1388 941; x_wconf 83' lang='lat' dir='ltr'>sustinuerim:</span> <span class='ocrx_word' id='word_1_103' title='bbox 1420 915 1466 941; x_wconf 89' lang='lat' dir='ltr'>eo</span> <span class='ocrx_word' id='word_1_104' title='bbox 1484 910 1614 941; x_wconf 87' lang='lat' dir='ltr'>autem</span> 
     </span>
     <span class='ocr_line' id='line_1_13' title="bbox 144 961 1613 1014; baseline 0.004 -17"><span class='ocrx_word' id='word_1_105' title='bbox 144 967 310 1007; x_wconf 87' lang='lat' dir='ltr'>mortuo,</span> <span class='ocrx_word' id='word_1_106' title='bbox 339 961 370 999; x_wconf 91' lang='lat' dir='ltr'>si</span> <span class='ocrx_word' id='word_1_107' title='bbox 390 961 622 1000; x_wconf 86' lang='lat' dir='ltr'>deseruerim</span> <span class='ocrx_word' id='word_1_108' title='bbox 652 962 845 1013; x_wconf 86' lang='lat' dir='ltr'>domoque</span> <span class='ocrx_word' id='word_1_109' title='bbox 866 962 948 1014; x_wconf 85' lang='lat' dir='ltr'>ejus</span> <span class='ocrx_word' id='word_1_110' title='bbox 969 962 1096 1001; x_wconf 85' lang='lat' dir='ltr'>liberis</span> <span class='ocrx_word' id='word_1_111' title='bbox 1126 964 1262 1002; x_wconf 88' lang='lat' dir='ltr'>orbata</span> <span class='ocrx_word' id='word_1_112' title='bbox 1291 964 1464 1011; x_wconf 86' lang='lat' dir='ltr'>abierim,</span> <span class='ocrx_word' id='word_1_113' title='bbox 1483 977 1613 1003; x_wconf 88' lang='lat' dir='ltr'>nonne</span> 
     </span>
     <span class='ocr_line' id='line_1_14' title="bbox 146 1023 1612 1079; baseline 0.003 -18"><span class='ocrx_word' id='word_1_114' title='bbox 146 1023 295 1062; x_wconf 85' lang='lat' dir='ltr'>facinus</span> <span class='ocrx_word' id='word_1_115' title='bbox 316 1030 573 1063; x_wconf 88' lang='lat' dir='ltr'>monstrosum</span> <span class='ocrx_word' id='word_1_116' title='bbox 596 1025 928 1077; x_wconf 84' lang='lat' dir='ltr'>deridiculumque</span> <span class='ocrx_word' id='word_1_117' title='bbox 949 1027 1200 1076; x_wconf 82' lang='lat' dir='ltr'>perpetrarim</span> <span class='ocrx_word' id='word_1_118' title='bbox 1220 1041 1483 1079; x_wconf 84' lang='lat' dir='ltr'>magnamque</span> <span class='ocrx_word' id='word_1_119' title='bbox 1504 1028 1612 1066; x_wconf 87' lang='lat' dir='ltr'>calu-</span> 
     </span>
     <span class='ocr_line' id='line_1_15' title="bbox 145 1086 1609 1139; baseline 0.003 -16"><span class='ocrx_word' id='word_1_120' title='bbox 145 1086 399 1125; x_wconf 84' lang='lat' dir='ltr'>mniatoribus</span> <span class='ocrx_word' id='word_1_121' title='bbox 420 1088 514 1125; x_wconf 89' lang='lat' dir='ltr'>meis</span> <span class='ocrx_word' id='word_1_122' title='bbox 535 1088 685 1138; x_wconf 80' lang='lat' dir='ltr'>copiam</span> <span class='ocrx_word' id='word_1_123' title='bbox 707 1087 909 1125; x_wconf 77' lang='lat' dir='ltr'>dederim?</span> <span class='ocrx_word' id='word_1_124' title='bbox 950 1088 1089 1139; x_wconf 90' lang='lat' dir='ltr'>Neque</span> <span class='ocrx_word' id='word_1_125' title='bbox 1109 1089 1195 1127; x_wconf 90' lang='lat' dir='ltr'>haec</span> <span class='ocrx_word' id='word_1_126' title='bbox 1216 1090 1298 1127; x_wconf 85' lang='lat' dir='ltr'>sola</span> <span class='ocrx_word' id='word_1_127' title='bbox 1320 1103 1380 1128; x_wconf 92' lang='lat' dir='ltr'>me</span> <span class='ocrx_word' id='word_1_128' title='bbox 1400 1096 1544 1127; x_wconf 89' lang='lat' dir='ltr'>acuunt</span> <span class='ocrx_word' id='word_1_129' title='bbox 1561 1089 1609 1128; x_wconf 86' lang='lat' dir='ltr'>ad</span> 
     </span>
     <span class='ocr_line' id='line_1_16' title="bbox 145 1151 1610 1203; baseline 0.003 -16"><span class='ocrx_word' id='word_1_130' title='bbox 145 1151 341 1200; x_wconf 79' lang='lat' dir='ltr'>agendum</span> <span class='ocrx_word' id='word_1_131' title='bbox 361 1152 458 1190; x_wconf 87' lang='lat' dir='ltr'>istac</span> <span class='ocrx_word' id='word_1_132' title='bbox 485 1152 651 1197; x_wconf 88' lang='lat' dir='ltr'>actione,</span> <span class='ocrx_word' id='word_1_133' title='bbox 672 1151 740 1190; x_wconf 88' lang='lat' dir='ltr'>sed</span> <span class='ocrx_word' id='word_1_134' title='bbox 761 1151 866 1202; x_wconf 90' lang='lat' dir='ltr'>quod</span> <span class='ocrx_word' id='word_1_135' title='bbox 891 1151 1007 1189; x_wconf 89' lang='lat' dir='ltr'>homo</span> <span class='ocrx_word' id='word_1_136' title='bbox 1033 1158 1113 1189; x_wconf 86' lang='lat' dir='ltr'>tarn</span> <span class='ocrx_word' id='word_1_137' title='bbox 1139 1153 1313 1203; x_wconf 89' lang='lat' dir='ltr'>perditus</span> <span class='ocrx_word' id='word_1_138' title='bbox 1343 1160 1382 1191; x_wconf 91' lang='lat' dir='ltr'>et</span> <span class='ocrx_word' id='word_1_139' title='bbox 1407 1153 1492 1191; x_wconf 89' lang='lat' dir='ltr'>vilis</span> <span class='ocrx_word' id='word_1_140' title='bbox 1521 1166 1610 1191; x_wconf 89' lang='lat' dir='ltr'>esse</span> 
     </span>
     <span class='ocr_line' id='line_1_17' title="bbox 145 1213 1608 1266; baseline 0.002 -16"><span class='ocrx_word' id='word_1_141' title='bbox 145 1214 289 1261; x_wconf 88' lang='lat' dir='ltr'>videor,</span> <span class='ocrx_word' id='word_1_142' title='bbox 324 1227 439 1264; x_wconf 86' lang='lat' dir='ltr'>quem</span> <span class='ocrx_word' id='word_1_143' title='bbox 470 1227 585 1252; x_wconf 89' lang='lat' dir='ltr'>nemo</span> <span class='ocrx_word' id='word_1_144' title='bbox 618 1214 774 1264; x_wconf 84' lang='lat' dir='ltr'>quidem</span> <span class='ocrx_word' id='word_1_145' title='bbox 807 1227 925 1252; x_wconf 86' lang='lat' dir='ltr'>sanus</span> <span class='ocrx_word' id='word_1_146' title='bbox 961 1213 1173 1252; x_wconf 89' lang='lat' dir='ltr'>amicorum</span> <span class='ocrx_word' id='word_1_147' title='bbox 1200 1214 1408 1266; x_wconf 78' lang='lat' dir='ltr'>adoptasse</span> <span class='ocrx_word' id='word_1_148' title='bbox 1428 1215 1608 1261; x_wconf 88' lang='lat' dir='ltr'>voluerit,</span> 
     </span>
     <span class='ocr_line' id='line_1_18' title="bbox 142 1276 1356 1329; baseline 0 -14"><span class='ocrx_word' id='word_1_149' title='bbox 142 1277 211 1315; x_wconf 89' lang='lat' dir='ltr'>sed</span> <span class='ocrx_word' id='word_1_150' title='bbox 226 1277 381 1328; x_wconf 88' lang='lat' dir='ltr'>quidam</span> <span class='ocrx_word' id='word_1_151' title='bbox 403 1277 518 1328; x_wconf 85' lang='lat' dir='ltr'>plane</span> <span class='ocrx_word' id='word_1_152' title='bbox 538 1276 722 1323; x_wconf 83' lang='lat' dir='ltr'>delirans,</span> <span class='ocrx_word' id='word_1_153' title='bbox 742 1277 814 1314; x_wconf 88' lang='lat' dir='ltr'>hoc</span> <span class='ocrx_word' id='word_1_154' title='bbox 834 1276 931 1314; x_wconf 89' lang='lat' dir='ltr'>illud</span> <span class='ocrx_word' id='word_1_155' title='bbox 952 1284 1010 1314; x_wconf 90' lang='lat' dir='ltr'>est</span> <span class='ocrx_word' id='word_1_156' title='bbox 1027 1277 1132 1327; x_wconf 91' lang='lat' dir='ltr'>quod</span> <span class='ocrx_word' id='word_1_157' title='bbox 1152 1290 1214 1315; x_wconf 89' lang='lat' dir='ltr'>me</span> <span class='ocrx_word' id='word_1_158' title='bbox 1235 1277 1356 1329; x_wconf 80' lang='lat' dir='ltr'>angit.</span> 
     </span>
    </p>

    <p class='ocr_par' dir='ltr' id='par_1_4' title="bbox 134 1339 1611 2632">
     <span class='ocr_line' id='line_1_19' title="bbox 199 1339 1608 1391; baseline 0.002 -15"><span class='ocrx_word' id='word_1_159' title='bbox 199 1340 260 1378; x_wconf 81' lang='lat'>14.</span> <span class='ocrx_word' id='word_1_160' title='bbox 291 1341 422 1381; x_wconf 80' lang='lat' dir='ltr'>Quare</span> <span class='ocrx_word' id='word_1_161' title='bbox 441 1353 508 1377; x_wconf 92' lang='lat' dir='ltr'>vos</span> <span class='ocrx_word' id='word_1_162' title='bbox 529 1352 664 1378; x_wconf 90' lang='lat' dir='ltr'>omnes</span> <span class='ocrx_word' id='word_1_163' title='bbox 694 1352 776 1385; x_wconf 91' lang='lat' dir='ltr'>oro,</span> <span class='ocrx_word' id='word_1_164' title='bbox 803 1339 884 1384; x_wconf 90' lang='lat' dir='ltr'>viri,</span> <span class='ocrx_word' id='word_1_165' title='bbox 910 1345 950 1376; x_wconf 91' lang='lat' dir='ltr'>et</span> <span class='ocrx_word' id='word_1_166' title='bbox 980 1339 1155 1377; x_wconf 87' lang='lat' dir='ltr'>obtestor</span> <span class='ocrx_word' id='word_1_167' title='bbox 1184 1345 1224 1377; x_wconf 93' lang='lat' dir='ltr'>et</span> <span class='ocrx_word' id='word_1_168' title='bbox 1256 1339 1445 1391; x_wconf 90' lang='lat' dir='ltr'>supplico,</span> <span class='ocrx_word' id='word_1_169' title='bbox 1474 1345 1518 1377; x_wconf 89' lang='lat' dir='ltr'>ut</span> <span class='ocrx_word' id='word_1_170' title='bbox 1545 1352 1608 1379; x_wconf 89' lang='lat' dir='ltr'>me</span> 
     </span>
     <span class='ocr_line' id='line_1_20' title="bbox 142 1400 1609 1452; baseline 0.001 -13"><span class='ocrx_word' id='word_1_171' title='bbox 142 1400 331 1452; x_wconf 87' lang='lat' dir='ltr'>adjuvetis</span> <span class='ocrx_word' id='word_1_172' title='bbox 351 1407 389 1439; x_wconf 87' lang='lat' dir='ltr'>et</span> <span class='ocrx_word' id='word_1_173' title='bbox 416 1400 568 1438; x_wconf 91' lang='lat' dir='ltr'>huncce</span> <span class='ocrx_word' id='word_1_174' title='bbox 600 1406 739 1438; x_wconf 91' lang='lat' dir='ltr'>testem</span> <span class='ocrx_word' id='word_1_175' title='bbox 773 1401 1057 1439; x_wconf 86' lang='lat' dir='ltr'>condemnetis.</span> <span class='ocrx_word' id='word_1_176' title='bbox 1114 1401 1281 1439; x_wconf 87' lang='lat' dir='ltr'>Planum</span> <span class='ocrx_word' id='word_1_177' title='bbox 1303 1415 1393 1440; x_wconf 92' lang='lat' dir='ltr'>vero</span> <span class='ocrx_word' id='word_1_178' title='bbox 1409 1402 1514 1440; x_wconf 90' lang='lat' dir='ltr'>vobis</span> <span class='ocrx_word' id='word_1_179' title='bbox 1534 1402 1609 1441; x_wconf 88' lang='lat' dir='ltr'>feci</span> 
     </span>
     <span class='ocr_line' id='line_1_21' title="bbox 141 1461 1610 1516; baseline 0.001 -16"><span class='ocrx_word' id='word_1_180' title='bbox 141 1462 327 1513; x_wconf 88' lang='lat' dir='ltr'>imprimis</span> <span class='ocrx_word' id='word_1_181' title='bbox 353 1476 415 1500; x_wconf 90' lang='lat' dir='ltr'>me</span> <span class='ocrx_word' id='word_1_182' title='bbox 448 1461 621 1500; x_wconf 90' lang='lat' dir='ltr'>Menecli</span> <span class='ocrx_word' id='word_1_183' title='bbox 649 1461 770 1500; x_wconf 88' lang='lat' dir='ltr'>fuisse</span> <span class='ocrx_word' id='word_1_184' title='bbox 805 1462 1030 1513; x_wconf 81' lang='lat' dir='ltr'>adoptatum</span> <span class='ocrx_word' id='word_1_185' title='bbox 1057 1462 1175 1500; x_wconf 91' lang='lat' dir='ltr'>modo</span> <span class='ocrx_word' id='word_1_186' title='bbox 1194 1476 1270 1514; x_wconf 93' lang='lat' dir='ltr'>quo</span> <span class='ocrx_word' id='word_1_187' title='bbox 1289 1464 1413 1515; x_wconf 91' lang='lat' dir='ltr'>possit</span> <span class='ocrx_word' id='word_1_188' title='bbox 1432 1464 1610 1516; x_wconf 85' lang='lat' dir='ltr'>adoptari</span> 
     </span>
     <span class='ocr_line' id='line_1_22' title="bbox 140 1523 1608 1578; baseline 0.001 -16"><span class='ocrx_word' id='word_1_189' title='bbox 140 1524 277 1575; x_wconf 88' lang='lat' dir='ltr'>aliquis</span> <span class='ocrx_word' id='word_1_190' title='bbox 308 1523 538 1575; x_wconf 88' lang='lat' dir='ltr'>justissimo,</span> <span class='ocrx_word' id='word_1_191' title='bbox 571 1537 698 1575; x_wconf 90' lang='lat' dir='ltr'>neque</span> <span class='ocrx_word' id='word_1_192' title='bbox 731 1524 848 1562; x_wconf 85' lang='lat' dir='ltr'>verbo</span> <span class='ocrx_word' id='word_1_193' title='bbox 882 1537 1008 1575; x_wconf 89' lang='lat' dir='ltr'>neque</span> <span class='ocrx_word' id='word_1_194' title='bbox 1046 1530 1280 1564; x_wconf 87' lang='lat' dir='ltr'>testamento</span> <span class='ocrx_word' id='word_1_195' title='bbox 1315 1525 1608 1578; x_wconf 87' lang='lat' dir='ltr'>adoptationem</span> 
     </span>
     <span class='ocr_line' id='line_1_23' title="bbox 140 1585 1607 1639; baseline 0.003 -16"><span class='ocrx_word' id='word_1_196' title='bbox 140 1586 273 1624; x_wconf 85' lang='lat' dir='ltr'>initam</span> <span class='ocrx_word' id='word_1_197' title='bbox 301 1599 402 1632; x_wconf 89' lang='lat' dir='ltr'>esse,</span> <span class='ocrx_word' id='word_1_198' title='bbox 425 1585 493 1624; x_wconf 92' lang='lat' dir='ltr'>sed</span> <span class='ocrx_word' id='word_1_199' title='bbox 514 1598 674 1637; x_wconf 82' lang='lat' dir='ltr'>reapse3</span> <span class='ocrx_word' id='word_1_200' title='bbox 706 1585 908 1637; x_wconf 89' lang='lat' dir='ltr'>phratores</span> <span class='ocrx_word' id='word_1_201' title='bbox 933 1599 1048 1636; x_wconf 89' lang='lat' dir='ltr'>porro</span> <span class='ocrx_word' id='word_1_202' title='bbox 1069 1592 1108 1624; x_wconf 87' lang='lat' dir='ltr'>et</span> <span class='ocrx_word' id='word_1_203' title='bbox 1141 1586 1316 1625; x_wconf 85' lang='lat' dir='ltr'>demotas</span> <span class='ocrx_word' id='word_1_204' title='bbox 1345 1594 1383 1625; x_wconf 91' lang='lat' dir='ltr'>et</span> <span class='ocrx_word' id='word_1_205' title='bbox 1413 1600 1607 1639; x_wconf 86' lang='lat' dir='ltr'>orgeones</span> 
     </span>
     <span class='ocr_line' id='line_1_24' title="bbox 140 1647 1607 1700; baseline 0.001 -14"><span class='ocrx_word' id='word_1_206' title='bbox 140 1649 226 1687; x_wconf 77' lang='lat' dir='ltr'>haec</span> <span class='ocrx_word' id='word_1_207' title='bbox 246 1655 433 1687; x_wconf 84' lang='lat' dir='ltr'>testantes</span> <span class='ocrx_word' id='word_1_208' title='bbox 454 1648 637 1699; x_wconf 78' lang='lat' dir='ltr'>praestiti3</span> <span class='ocrx_word' id='word_1_209' title='bbox 667 1661 756 1686; x_wconf 88' lang='lat' dir='ltr'>eum</span> <span class='ocrx_word' id='word_1_210' title='bbox 777 1654 964 1699; x_wconf 81' lang='lat' dir='ltr'>praeterea</span> <span class='ocrx_word' id='word_1_211' title='bbox 992 1654 1069 1685; x_wconf 88' lang='lat' dir='ltr'>tres</span> <span class='ocrx_word' id='word_1_212' title='bbox 1097 1653 1136 1685; x_wconf 90' lang='lat' dir='ltr'>et</span> <span class='ocrx_word' id='word_1_213' title='bbox 1155 1647 1289 1699; x_wconf 82' lang='lat' dir='ltr'>viginti</span> <span class='ocrx_word' id='word_1_214' title='bbox 1318 1661 1441 1687; x_wconf 87' lang='lat' dir='ltr'>annos</span> <span class='ocrx_word' id='word_1_215' title='bbox 1470 1662 1607 1700; x_wconf 89' lang='lat' dir='ltr'>super·</span> 
     </span>
     <span class='ocr_line' id='line_1_25' title="bbox 138 1709 1611 1762; baseline 0.001 -13"><span class='ocrx_word' id='word_1_216' title='bbox 138 1711 277 1749; x_wconf 85' lang='lat' dir='ltr'>vixisse</span> <span class='ocrx_word' id='word_1_217' title='bbox 297 1711 571 1749; x_wconf 87' lang='lat' dir='ltr'>demonstravi.</span> <span class='ocrx_word' id='word_1_218' title='bbox 630 1710 781 1749; x_wconf 88' lang='lat' dir='ltr'>Deinde</span> <span class='ocrx_word' id='word_1_219' title='bbox 800 1710 907 1761; x_wconf 85' lang='lat' dir='ltr'>leges</span> <span class='ocrx_word' id='word_1_220' title='bbox 928 1709 1058 1757; x_wconf 84' lang='lat' dir='ltr'>citavi,</span> <span class='ocrx_word' id='word_1_221' title='bbox 1076 1723 1164 1761; x_wconf 87' lang='lat' dir='ltr'>quae</span> <span class='ocrx_word' id='word_1_222' title='bbox 1186 1710 1337 1762; x_wconf 83' lang='lat' dir='ltr'>copiam</span> <span class='ocrx_word' id='word_1_223' title='bbox 1366 1711 1466 1750; x_wconf 89' lang='lat' dir='ltr'>filios</span> <span class='ocrx_word' id='word_1_224' title='bbox 1485 1711 1611 1751; x_wconf 83' lang='lat' dir='ltr'>adsci-</span> 
     </span>
     <span class='ocr_line' id='line_1_26' title="bbox 139 1771 1606 1823; baseline 0.001 -12"><span class='ocrx_word' id='word_1_225' title='bbox 139 1773 274 1812; x_wconf 87' lang='lat' dir='ltr'>scendi</span> <span class='ocrx_word' id='word_1_226' title='bbox 290 1772 466 1810; x_wconf 91' lang='lat' dir='ltr'>omnibus</span> <span class='ocrx_word' id='word_1_227' title='bbox 488 1772 595 1810; x_wconf 84' lang='lat' dir='ltr'>daut.</span> <span class='ocrx_word' id='word_1_228' title='bbox 652 1772 800 1810; x_wconf 84' lang='lat' dir='ltr'>Adhaec</span> <span class='ocrx_word' id='word_1_229' title='bbox 815 1784 902 1809; x_wconf 93' lang='lat' dir='ltr'>eum</span> <span class='ocrx_word' id='word_1_230' title='bbox 919 1772 1045 1810; x_wconf 89' lang='lat' dir='ltr'>vivum</span> <span class='ocrx_word' id='word_1_231' title='bbox 1060 1771 1229 1810; x_wconf 91' lang='lat' dir='ltr'>coluisse</span> <span class='ocrx_word' id='word_1_232' title='bbox 1241 1772 1354 1823; x_wconf 90' lang='lat' dir='ltr'>eique</span> <span class='ocrx_word' id='word_1_233' title='bbox 1373 1773 1453 1810; x_wconf 88' lang='lat' dir='ltr'>fato</span> <span class='ocrx_word' id='word_1_234' title='bbox 1469 1773 1606 1812; x_wconf 88' lang='lat' dir='ltr'>functo</span> 
     </span>
     <span class='ocr_line' id='line_1_27' title="bbox 140 1835 1605 1887; baseline 0 -13"><span class='ocrx_word' id='word_1_235' title='bbox 140 1836 344 1887; x_wconf 85' lang='lat' dir='ltr'>exsequias</span> <span class='ocrx_word' id='word_1_236' title='bbox 364 1835 578 1874; x_wconf 84' lang='lat' dir='ltr'>reddidisse</span> <span class='ocrx_word' id='word_1_237' title='bbox 600 1835 745 1873; x_wconf 90' lang='lat' dir='ltr'>videor.</span> <span class='ocrx_word' id='word_1_238' title='bbox 789 1835 870 1872; x_wconf 88' lang='lat' dir='ltr'>Iste</span> <span class='ocrx_word' id='word_1_239' title='bbox 886 1847 976 1873; x_wconf 90' lang='lat' dir='ltr'>vero</span> <span class='ocrx_word' id='word_1_240' title='bbox 996 1848 1057 1873; x_wconf 86' lang='lat' dir='ltr'>me</span> <span class='ocrx_word' id='word_1_241' title='bbox 1077 1848 1181 1873; x_wconf 88' lang='lat' dir='ltr'>nunc</span> <span class='ocrx_word' id='word_1_242' title='bbox 1201 1841 1364 1886; x_wconf 82' lang='lat' dir='ltr'>paterna</span> <span class='ocrx_word' id='word_1_243' title='bbox 1378 1835 1605 1883; x_wconf 83' lang='lat' dir='ltr'>hereditate,</span> 
     </span>
     <span class='ocr_line' id='line_1_28' title="bbox 139 1896 1606 1950; baseline 0 -14"><span class='ocrx_word' id='word_1_244' title='bbox 139 1898 264 1950; x_wconf 88' lang='lat' dir='ltr'>qualis</span> <span class='ocrx_word' id='word_1_245' title='bbox 284 1910 330 1936; x_wconf 89' lang='lat' dir='ltr'>ea</span> <span class='ocrx_word' id='word_1_246' title='bbox 347 1910 503 1948; x_wconf 87' lang='lat' dir='ltr'>cunque</span> <span class='ocrx_word' id='word_1_247' title='bbox 523 1897 584 1942; x_wconf 90' lang='lat' dir='ltr'>sit,</span> <span class='ocrx_word' id='word_1_248' title='bbox 605 1897 775 1948; x_wconf 78' lang='lat' dir='ltr'>majorve</span> <span class='ocrx_word' id='word_1_249' title='bbox 795 1896 981 1943; x_wconf 87' lang='lat' dir='ltr'>minorve,</span> <span class='ocrx_word' id='word_1_250' title='bbox 1005 1896 1247 1935; x_wconf 87' lang='lat' dir='ltr'>denudatum</span> <span class='ocrx_word' id='word_1_251' title='bbox 1268 1898 1309 1943; x_wconf 91' lang='lat' dir='ltr'>it,</span> <span class='ocrx_word' id='word_1_252' title='bbox 1330 1904 1446 1948; x_wconf 88' lang='lat' dir='ltr'>atque</span> <span class='ocrx_word' id='word_1_253' title='bbox 1465 1898 1606 1936; x_wconf 88' lang='lat' dir='ltr'>defun-</span> 
     </span>
     <span class='ocr_line' id='line_1_29' title="bbox 135 1958 1605 2012; baseline 0.001 -14"><span class='ocrx_word' id='word_1_254' title='bbox 135 1969 242 1998; x_wconf 83' lang='lat' dir='ltr'>ctum</span> <span class='ocrx_word' id='word_1_255' title='bbox 260 1959 459 2010; x_wconf 87' lang='lat' dir='ltr'>improlem</span> <span class='ocrx_word' id='word_1_256' title='bbox 481 1958 594 1996; x_wconf 91' lang='lat' dir='ltr'>simul</span> <span class='ocrx_word' id='word_1_257' title='bbox 613 1965 652 1996; x_wconf 88' lang='lat' dir='ltr'>et</span> <span class='ocrx_word' id='word_1_258' title='bbox 671 1971 904 2009; x_wconf 88' lang='lat' dir='ltr'>anonymum</span> <span class='ocrx_word' id='word_1_259' title='bbox 925 1959 1053 1996; x_wconf 84' lang='lat' dir='ltr'>facere</span> <span class='ocrx_word' id='word_1_260' title='bbox 1074 1959 1218 2005; x_wconf 82' lang='lat' dir='ltr'>studet,</span> <span class='ocrx_word' id='word_1_261' title='bbox 1234 1966 1276 1997; x_wconf 90' lang='lat' dir='ltr'>ut</span> <span class='ocrx_word' id='word_1_262' title='bbox 1288 1973 1402 1998; x_wconf 90' lang='lat' dir='ltr'>nemo</span> <span class='ocrx_word' id='word_1_263' title='bbox 1423 1974 1538 2012; x_wconf 90' lang='lat' dir='ltr'>super</span> <span class='ocrx_word' id='word_1_264' title='bbox 1557 1974 1605 2000; x_wconf 90' lang='lat' dir='ltr'>eo</span> 
     </span>
     <span class='ocr_line' id='line_1_30' title="bbox 139 2019 1604 2072; baseline 0.001 -13"><span class='ocrx_word' id='word_1_265' title='bbox 139 2034 250 2060; x_wconf 86' lang='lat' dir='ltr'>sacra</span> <span class='ocrx_word' id='word_1_266' title='bbox 268 2021 391 2072; x_wconf 88' lang='lat' dir='ltr'>patria</span> <span class='ocrx_word' id='word_1_267' title='bbox 411 2020 594 2066; x_wconf 87' lang='lat' dir='ltr'>celebret,</span> <span class='ocrx_word' id='word_1_268' title='bbox 607 2034 730 2071; x_wconf 88' lang='lat' dir='ltr'>neque</span> <span class='ocrx_word' id='word_1_269' title='bbox 744 2019 907 2070; x_wconf 83' lang='lat' dir='ltr'>singulis</span> <span class='ocrx_word' id='word_1_270' title='bbox 928 2020 1039 2058; x_wconf 84' lang='lat' dir='ltr'>annis</span> <span class='ocrx_word' id='word_1_271' title='bbox 1053 2019 1086 2057; x_wconf 85' lang='lat' dir='ltr'>ei</span> <span class='ocrx_word' id='word_1_272' title='bbox 1101 2026 1292 2070; x_wconf 88' lang='lat' dir='ltr'>parentet,</span> <span class='ocrx_word' id='word_1_273' title='bbox 1311 2021 1379 2058; x_wconf 90' lang='lat' dir='ltr'>sed</span> <span class='ocrx_word' id='word_1_274' title='bbox 1392 2021 1604 2062; x_wconf 89' lang='lat' dir='ltr'>honoribus</span> 
     </span>
     <span class='ocr_line' id='line_1_31' title="bbox 138 2080 1604 2134; baseline 0.001 -13"><span class='ocrx_word' id='word_1_275' title='bbox 138 2083 218 2121; x_wconf 91' lang='lat' dir='ltr'>suis</span> <span class='ocrx_word' id='word_1_276' title='bbox 245 2096 333 2121; x_wconf 93' lang='lat' dir='ltr'>eum</span> <span class='ocrx_word' id='word_1_277' title='bbox 360 2082 506 2134; x_wconf 87' lang='lat' dir='ltr'>privet:</span> <span class='ocrx_word' id='word_1_278' title='bbox 538 2095 624 2132; x_wconf 78' lang='lat' dir='ltr'>quae</span> <span class='ocrx_word' id='word_1_279' title='bbox 655 2095 775 2133; x_wconf 90' lang='lat' dir='ltr'>quum</span> <span class='ocrx_word' id='word_1_280' title='bbox 807 2088 897 2119; x_wconf 86' lang='lat' dir='ltr'>ante</span> <span class='ocrx_word' id='word_1_281' title='bbox 928 2080 1195 2132; x_wconf 89' lang='lat' dir='ltr'>prospexisset</span> <span class='ocrx_word' id='word_1_282' title='bbox 1227 2081 1446 2130; x_wconf 89' lang='lat' dir='ltr'>Menecles,</span> <span class='ocrx_word' id='word_1_283' title='bbox 1478 2083 1604 2124; x_wconf 89' lang='lat' dir='ltr'>donec</span> 
     </span>
     <span class='ocr_line' id='line_1_32' title="bbox 135 2143 1605 2197; baseline 0.001 -13"><span class='ocrx_word' id='word_1_284' title='bbox 135 2147 215 2184; x_wconf 90' lang='lat' dir='ltr'>suis</span> <span class='ocrx_word' id='word_1_285' title='bbox 233 2145 467 2197; x_wconf 84' lang='lat' dir='ltr'>potiebatur,</span> <span class='ocrx_word' id='word_1_286' title='bbox 489 2145 558 2183; x_wconf 90' lang='lat' dir='ltr'>sibi</span> <span class='ocrx_word' id='word_1_287' title='bbox 580 2144 699 2182; x_wconf 87' lang='lat' dir='ltr'>filium</span> <span class='ocrx_word' id='word_1_288' title='bbox 721 2144 898 2191; x_wconf 88' lang='lat' dir='ltr'>adscivit,</span> <span class='ocrx_word' id='word_1_289' title='bbox 919 2157 996 2195; x_wconf 91' lang='lat' dir='ltr'>quo</span> <span class='ocrx_word' id='word_1_290' title='bbox 1015 2144 1099 2182; x_wconf 84' lang='lat' dir='ltr'>haec</span> <span class='ocrx_word' id='word_1_291' title='bbox 1119 2143 1249 2182; x_wconf 84' lang='lat' dir='ltr'>omnia</span> <span class='ocrx_word' id='word_1_292' title='bbox 1268 2144 1470 2184; x_wconf 90' lang='lat' dir='ltr'>obtineret.</span> <span class='ocrx_word' id='word_1_293' title='bbox 1527 2146 1605 2186; x_wconf 90' lang='lat' dir='ltr'>Ne-</span> 
     </span>
     <span class='ocr_line' id='line_1_33' title="bbox 136 2206 1603 2259; baseline 0.001 -13"><span class='ocrx_word' id='word_1_294' title='bbox 136 2220 333 2259; x_wconf 82' lang='lat' dir='ltr'>quaquam</span> <span class='ocrx_word' id='word_1_295' title='bbox 362 2206 491 2258; x_wconf 86' lang='lat' dir='ltr'>igitur‚</span> <span class='ocrx_word' id='word_1_296' title='bbox 512 2207 594 2253; x_wconf 87' lang='lat' dir='ltr'>viri,</span> <span class='ocrx_word' id='word_1_297' title='bbox 614 2206 693 2244; x_wconf 86' lang='lat' dir='ltr'>istis</span> <span class='ocrx_word' id='word_1_298' title='bbox 721 2219 866 2245; x_wconf 90' lang='lat' dir='ltr'>morem</span> <span class='ocrx_word' id='word_1_299' title='bbox 899 2214 1081 2257; x_wconf 84' lang='lat' dir='ltr'>gerentes</span> <span class='ocrx_word' id='word_1_300' title='bbox 1107 2219 1168 2244; x_wconf 90' lang='lat' dir='ltr'>me</span> <span class='ocrx_word' id='word_1_301' title='bbox 1198 2207 1351 2245; x_wconf 87' lang='lat' dir='ltr'>nomine</span> <span class='ocrx_word' id='word_1_302' title='bbox 1371 2207 1603 2248; x_wconf 85' lang='lat' dir='ltr'>hereditario</span> 
     </span>
     <span class='ocr_line' id='line_1_34' title="bbox 135 2267 1601 2322; baseline 0.001 -14"><span class='ocrx_word' id='word_1_303' title='bbox 135 2271 303 2321; x_wconf 88' lang='lat' dir='ltr'>privetis,</span> <span class='ocrx_word' id='word_1_304' title='bbox 324 2269 362 2308; x_wconf 95' lang='lat' dir='ltr'>id</span> <span class='ocrx_word' id='word_1_305' title='bbox 394 2269 498 2321; x_wconf 92' lang='lat' dir='ltr'>quod</span> <span class='ocrx_word' id='word_1_306' title='bbox 526 2267 655 2307; x_wconf 83' lang='lat' dir='ltr'>adhuc</span> <span class='ocrx_word' id='word_1_307' title='bbox 676 2269 801 2307; x_wconf 85' lang='lat' dir='ltr'>solum</span> <span class='ocrx_word' id='word_1_308' title='bbox 823 2269 1010 2319; x_wconf 90' lang='lat' dir='ltr'>reliquum</span> <span class='ocrx_word' id='word_1_309' title='bbox 1032 2276 1103 2316; x_wconf 88' lang='lat' dir='ltr'>est,</span> <span class='ocrx_word' id='word_1_310' title='bbox 1123 2269 1282 2320; x_wconf 90' lang='lat' dir='ltr'>ejusque</span> <span class='ocrx_word' id='word_1_311' title='bbox 1310 2269 1601 2322; x_wconf 84' lang='lat' dir='ltr'>adoptationem</span> 
     </span>
     <span class='ocr_line' id='line_1_35' title="bbox 135 2331 1600 2382; baseline 0.001 -13"><span class='ocrx_word' id='word_1_312' title='bbox 135 2331 376 2382; x_wconf 80' lang='lat' dir='ltr'>antiquatum</span> <span class='ocrx_word' id='word_1_313' title='bbox 406 2331 523 2369; x_wconf 87' lang='lat' dir='ltr'>eatis:</span> <span class='ocrx_word' id='word_1_314' title='bbox 569 2331 637 2369; x_wconf 90' lang='lat' dir='ltr'>sed</span> <span class='ocrx_word' id='word_1_315' title='bbox 667 2337 876 2382; x_wconf 88' lang='lat' dir='ltr'>postquam</span> <span class='ocrx_word' id='word_1_316' title='bbox 904 2331 1104 2382; x_wconf 82' lang='lat' dir='ltr'>negotium</span> <span class='ocrx_word' id='word_1_317' title='bbox 1127 2338 1215 2370; x_wconf 84' lang='lat' dir='ltr'>ante</span> <span class='ocrx_word' id='word_1_318' title='bbox 1242 2344 1310 2369; x_wconf 92' lang='lat' dir='ltr'>vos</span> <span class='ocrx_word' id='word_1_319' title='bbox 1340 2331 1445 2369; x_wconf 87' lang='lat' dir='ltr'>venit</span> <span class='ocrx_word' id='word_1_320' title='bbox 1473 2338 1513 2369; x_wconf 87' lang='lat' dir='ltr'>et</span> <span class='ocrx_word' id='word_1_321' title='bbox 1532 2345 1600 2370; x_wconf 89' lang='lat' dir='ltr'>vos</span> 
     </span>
     <span class='ocr_line' id='line_1_36' title="bbox 135 2392 1602 2443; baseline -0.001 -11"><span class='ocrx_word' id='word_1_322' title='bbox 135 2393 264 2432; x_wconf 88' lang='lat' dir='ltr'>arbitri</span> <span class='ocrx_word' id='word_1_323' title='bbox 284 2395 366 2442; x_wconf 87' lang='lat' dir='ltr'>ejus</span> <span class='ocrx_word' id='word_1_324' title='bbox 386 2393 477 2430; x_wconf 79' lang='lat' dir='ltr'>facti</span> <span class='ocrx_word' id='word_1_325' title='bbox 493 2393 596 2438; x_wconf 91' lang='lat' dir='ltr'>estis,</span> <span class='ocrx_word' id='word_1_326' title='bbox 614 2393 708 2430; x_wconf 86' lang='lat' dir='ltr'>ferte</span> <span class='ocrx_word' id='word_1_327' title='bbox 722 2405 833 2443; x_wconf 85' lang='lat' dir='ltr'>opem</span> <span class='ocrx_word' id='word_1_328' title='bbox 853 2393 966 2430; x_wconf 92' lang='lat' dir='ltr'>nobis</span> <span class='ocrx_word' id='word_1_329' title='bbox 989 2399 1027 2431; x_wconf 88' lang='lat' dir='ltr'>et</span> <span class='ocrx_word' id='word_1_330' title='bbox 1047 2392 1100 2430; x_wconf 91' lang='lat' dir='ltr'>illi</span> <span class='ocrx_word' id='word_1_331' title='bbox 1116 2392 1181 2443; x_wconf 92' lang='lat' dir='ltr'>qui</span> <span class='ocrx_word' id='word_1_332' title='bbox 1202 2393 1280 2430; x_wconf 80' lang='lat' dir='ltr'>fato</span> <span class='ocrx_word' id='word_1_333' title='bbox 1296 2392 1451 2430; x_wconf 88' lang='lat' dir='ltr'>functus</span> <span class='ocrx_word' id='word_1_334' title='bbox 1468 2399 1541 2439; x_wconf 88' lang='lat' dir='ltr'>est,</span> <span class='ocrx_word' id='word_1_335' title='bbox 1562 2400 1602 2431; x_wconf 85' lang='lat' dir='ltr'>et</span> 
     </span>
     <span class='ocr_line' id='line_1_37' title="bbox 134 2454 1599 2507; baseline -0.002 -12"><span class='ocrx_word' id='word_1_336' title='bbox 134 2470 183 2495; x_wconf 91' lang='lat' dir='ltr'>ne</span> <span class='ocrx_word' id='word_1_337' title='bbox 205 2455 443 2507; x_wconf 84' lang='lat' dir='ltr'>despiciatis,</span> <span class='ocrx_word' id='word_1_338' title='bbox 463 2468 530 2506; x_wconf 86' lang='lat' dir='ltr'>per</span> <span class='ocrx_word' id='word_1_339' title='bbox 555 2455 648 2494; x_wconf 90' lang='lat' dir='ltr'>deos</span> <span class='ocrx_word' id='word_1_340' title='bbox 675 2462 714 2493; x_wconf 86' lang='lat' dir='ltr'>et</span> <span class='ocrx_word' id='word_1_341' title='bbox 740 2456 876 2507; x_wconf 87' lang='lat' dir='ltr'>genios</span> <span class='ocrx_word' id='word_1_342' title='bbox 898 2468 966 2494; x_wconf 89' lang='lat' dir='ltr'>vos</span> <span class='ocrx_word' id='word_1_343' title='bbox 992 2468 1073 2502; x_wconf 92' lang='lat' dir='ltr'>oro,</span> <span class='ocrx_word' id='word_1_344' title='bbox 1093 2454 1273 2493; x_wconf 85' lang='lat' dir='ltr'>affectum</span> <span class='ocrx_word' id='word_1_345' title='bbox 1301 2455 1347 2492; x_wconf 89' lang='lat' dir='ltr'>ab</span> <span class='ocrx_word' id='word_1_346' title='bbox 1375 2454 1432 2492; x_wconf 90' lang='lat' dir='ltr'>his</span> <span class='ocrx_word' id='word_1_347' title='bbox 1460 2461 1599 2492; x_wconf 89' lang='lat' dir='ltr'>contu-</span> 
     </span>
     <span class='ocr_line' id='line_1_38' title="bbox 135 2516 1598 2569; baseline -0.001 -13"><span class='ocrx_word' id='word_1_348' title='bbox 135 2519 260 2563; x_wconf 86' lang='lat' dir='ltr'>melia,</span> <span class='ocrx_word' id='word_1_349' title='bbox 283 2517 352 2556; x_wconf 87' lang='lat' dir='ltr'>sed</span> <span class='ocrx_word' id='word_1_350' title='bbox 373 2530 561 2555; x_wconf 88' lang='lat' dir='ltr'>memores</span> <span class='ocrx_word' id='word_1_351' title='bbox 590 2517 686 2568; x_wconf 83' lang='lat' dir='ltr'>legis</span> <span class='ocrx_word' id='word_1_352' title='bbox 707 2516 1006 2569; x_wconf 80' lang='lat' dir='ltr'>etjurisjurandi</span> <span class='ocrx_word' id='word_1_353' title='bbox 1033 2517 1139 2568; x_wconf 92' lang='lat' dir='ltr'>quod</span> <span class='ocrx_word' id='word_1_354' title='bbox 1159 2516 1387 2568; x_wconf 85' lang='lat' dir='ltr'>praestitistis</span> <span class='ocrx_word' id='word_1_355' title='bbox 1409 2522 1447 2553; x_wconf 89' lang='lat' dir='ltr'>et</span> <span class='ocrx_word' id='word_1_356' title='bbox 1466 2529 1598 2555; x_wconf 86' lang='lat' dir='ltr'>eorum</span> 
     </span>
     <span class='ocr_line' id='line_1_39' title="bbox 134 2573 1598 2632; baseline 0 -15"><span class='ocrx_word' id='word_1_357' title='bbox 134 2593 221 2631; x_wconf 85' lang='lat' dir='ltr'>quae</span> <span class='ocrx_word' id='word_1_358' title='bbox 237 2580 340 2618; x_wconf 88' lang='lat' dir='ltr'>dicta</span> <span class='ocrx_word' id='word_1_359' title='bbox 355 2587 459 2626; x_wconf 88' lang='lat' dir='ltr'>sunt,</span> <span class='ocrx_word' id='word_1_360' title='bbox 475 2573 544 2632; x_wconf 79' lang='lat' dir='ltr'>pro</span> <span class='ocrx_word' id='word_1_361' title='bbox 560 2579 625 2619; x_wconf 89' lang='lat' dir='ltr'>lite</span> <span class='ocrx_word' id='word_1_362' title='bbox 642 2581 751 2630; x_wconf 86' lang='lat' dir='ltr'>justa</span> <span class='ocrx_word' id='word_1_363' title='bbox 766 2580 1060 2632; x_wconf 82' lang='lat' dir='ltr'>etjurijurando</span> <span class='ocrx_word' id='word_1_364' title='bbox 1081 2578 1356 2630; x_wconf 84' lang='lat' dir='ltr'>respondentia</span> <span class='ocrx_word' id='word_1_365' title='bbox 1380 2578 1598 2617; x_wconf 81' lang='lat' dir='ltr'>secundum</span> 
     </span>
    </p>
   </div>
   <div class='ocr_carea' id='block_1_3' title="bbox 135 2643 470 2694">
    <p class='ocr_par' dir='ltr' id='par_1_5' title="bbox 135 2643 470 2694">
     <span class='ocr_line' id='line_1_40' title="bbox 135 2643 470 2694; baseline 0.003 -14"><span class='ocrx_word' id='word_1_366' title='bbox 135 2644 242 2694; x_wconf 87' lang='lat' dir='ltr'>leges</span> <span class='ocrx_word' id='word_1_367' title='bbox 262 2643 470 2682; x_wconf 88' lang='lat' dir='ltr'>decernite.</span> 
     </span>
    </p>
   </div>
  </div>
 </body>
</html>
