1870 3277
849 552 1131 605 lSAEl

338 705 438 752 DE
495 706 1037 757 DICAEOGENIS
1096 707 1651 756 HEREDITATE.

759 923 1224 961 ARGUMENTUM.

313 1007 498 1048 Dicoeogene
521 1008 585 1038 sine
604 1008 704 1038 liberis
728 1015 860 1045 mortuo,
884 1008 1098 1049 superstitibus
1122 1013 1250 1049 quatuor
1275 1009 1436 1045 sororibus,
1451 1009 1608 1041 Proxenus
1629 1011 1714 1041 venit

269 1063 482 1089 testamentum
499 1058 657 1096 exhibens,
672 1070 732 1100 quo
749 1060 952 1101 Dicaeogenes
970 1065 1104 1090 mortuus
1124 1061 1220 1101 ipsius
1237 1060 1368 1091 Proxeni
1384 1062 1478 1091 filium
1495 1061 1711 1103 Dicaeogenem

268 1113 471 1153 adoptaverat
485 1124 520 1144 ex
535 1113 646 1143 triente
662 1114 822 1144 bonorum.
867 1113 936 1144 Hoc
954 1119 1046 1154 pacto
1061 1114 1168 1144 divisis
1184 1114 1264 1144 inter
1275 1124 1327 1144 eos
1344 1114 1443 1151 bonis,
1458 1120 1612 1155 postremo
1626 1114 1712 1144 venit

267 1165 345 1194 filius·
360 1164 492 1195 Proxeni
510 1164 711 1205 Dicaeogenes
729 1166 834 1196 dicens
849 1176 880 1196 se
893 1166 1074 1204 adoptatum
1098 1176 1164 1195 esse
1180 1176 1219 1195 ex
1237 1176 1315 1201 asse,
1331 1171 1362 1196 et
1378 1166 1503 1196 vincens
1530 1167 1644 1207 potitus
1666 1172 1712 1196 est

267 1216 384 1247 caeteris
407 1216 524 1246 duabus
547 1216 685 1256 partibus
707 1227 840 1247 sororum
861 1217 1008 1247 defuncti.
1057 1216 1170 1247 Postea
1192 1227 1306 1247 rursum
1331 1217 1384 1247 filii
1408 1228 1538 1247 sororum
1561 1217 1713 1258 litigantes

266 1276 336 1297 cum
353 1266 538 1307 Dicaeogene
560 1267 709 1302 vicerunt,
725 1273 756 1298 et
771 1272 954 1298 conventum
977 1273 1023 1298 est
1039 1266 1260 1308 Dicaeogenem
1279 1269 1407 1298 reddere
1432 1268 1534 1298 denuo
1557 1269 1614 1299 illis
1638 1269 1714 1299 duas

267 1323 368 1358 partes
383 1318 516 1358 integras
531 1323 562 1348 et
576 1318 719 1354 intactas,
737 1329 882 1360 sponsore
902 1319 1063 1350 Leochare.
1114 1318 1205 1350 Nunc
1223 1329 1294 1348 vero
1308 1320 1510 1350 infitiantibus
1527 1320 1714 1361 Dicaeogene

267 1376 299 1399 et
315 1369 470 1400 Leochare
486 1375 637 1405 anteacta,
651 1370 705 1400 filii
722 1381 856 1401 sororum
873 1375 985 1401 vocant
1000 1371 1030 1400 in
1046 1370 1098 1411 jus
1118 1381 1171 1411 pro
1187 1371 1306 1401 duabus
1324 1371 1470 1411 partibus,
1490 1372 1573 1402 hunc
1589 1372 1714 1412 quidem

269 1425 303 1451 ut
315 1431 384 1451 eum
399 1430 468 1450 cum
486 1430 547 1461 quo
560 1420 644 1461 pacti
659 1425 742 1457 sunt,
758 1421 839 1451 illum
858 1431 928 1451 vero
945 1426 977 1451 ut
994 1431 1180 1463 sponsorem.
1225 1421 1328 1451 Status
1343 1421 1553 1462 conjecturalis
1569 1427 1632 1453 est:
1650 1421 1715 1451 infi-

270 1472 381 1503 tiantur
397 1472 489 1502 enim.

327 1557 360 1593 1.
393 1556 703 1594 OPINABAMUR
722 1555 890 1605 quidem,
907 1555 1073 1605 judices,
1088 1555 1227 1606 quibus
1248 1555 1296 1592 de
1319 1556 1432 1592 rebus
1457 1554 1620 1593 antehac
1642 1555 1715 1593 liti-

272 1618 472 1669 gabamm,
495 1617 542 1655 de
562 1616 606 1654 iis
637 1616 673 1653 in
696 1615 844 1664 judicio
870 1616 1053 1654 condicta
1073 1623 1111 1655 et
1131 1616 1407 1667 compromissa
1431 1624 1514 1654 rata
1543 1617 1651 1655 nobis
1679 1624 1717 1655 et

269 1679 400 1717 valida
418 1692 503 1717 esse
523 1678 665 1724 futura,
685 1684 729 1716 ut
750 1670 898 1730 nempe,
919 1678 982 1728 qui
1003 1677 1261 1729 Dicaeogenes
1282 1690 1324 1715 se
1342 1678 1493 1715 bessem
1515 1681 1598 1729 [seu
1619 1678 1715 1717 duas

270 1741 399 1779 tertias
419 1741 564 1792 partes]
583 1740 803 1779 hereditatis
826 1740 1141 1779 vacuefacturum
1163 1740 1350 1790 nobisque
1369 1753 1642 1778 concessurum
1663 1742 1715 1779 di-

271 1805 405 1849 xisset,
426 1803 585 1855 ejusque
604 1803 657 1841 rei
677 1816 881 1854 sponsores
901 1802 1072 1840 dedisset
1098 1803 1202 1840 illam
1229 1803 1378 1840 bessem
1403 1802 1513 1840 nobis
1534 1814 1556 1840 a
1576 1816 1615 1840 se
1636 1808 1712 1840 tra-

272 1866 393 1904 ditum
412 1865 456 1903 iri
475 1864 741 1903 controversiae
761 1863 865 1901 haud
881 1864 1099 1910 obnoxiam,
1113 1865 1143 1902 is
1165 1864 1418 1913 Dicaeogenes
1439 1863 1553 1901 etiam
1571 1864 1714 1902 faceret

272 1941 320 1966 ea
346 1940 432 1978 quae
452 1933 554 1964 esset
579 1925 770 1977 pollicitus
798 1926 1008 1969 facturum3
1040 1938 1117 1976 qua
1134 1924 1211 1962 fide
1232 1925 1344 1962 etiam
1367 1936 1435 1962 nos
1457 1925 1566 1962 alteri
1586 1925 1714 1965 alteris

271 1989 491 2041 gravamina
510 1994 640 2026 nostra
660 1994 793 2025 mutua
808 1987 1042 2026 remisimus:
1063 2001 1192 2025 verum
1211 1987 1445 2038 Dicaeogene
1458 1987 1581 2025 verbis
1601 1988 1714 2026 fidem

273 2065 349 2089 non
366 2051 545 2097 faciente,
565 2050 837 2088 Leocharetem
864 2062 932 2101 pro
954 2049 1018 2087 illo
1039 2062 1262 2100 sponsorem
1282 2050 1425 2087 factum
1453 2049 1491 2087 in
1516 2050 1579 2101 jus
1599 2063 1712 2088 voca-

271 2126 372 2159 mus,
391 2125 459 2163 pro
478 2119 606 2150 tenore
627 2111 877 2163 jurisjurandi
898 2125 944 2149 ex
966 2111 1126 2149 adverso
1146 2119 1183 2150 et
1201 2118 1334 2149 mutuo
1354 2111 1457 2149 dicti.
1515 2112 1653 2151 Recita
1672 2119 1712 2151 tu

272 2174 363 2212 mihi
382 2173 582 2211 formulam
603 2172 715 2223 hujus
728 2173 978 2225 jurisjurandi
995 2173 1174 2224 utrinque
1194 2173 1361 2211 vicissim
1383 2172 1557 2224 praestiti.

642 2306 1053 2344 JUSJURANDUM
1086 2307 1341 2345 MUTUUM.

273 2395 377 2433 Vera
404 2395 533 2445 itaque
559 2406 643 2431 esse
676 2406 722 2431 ea
751 2407 839 2444 quae
868 2393 906 2430 in
926 2393 1090 2432 formula
1109 2395 1228 2432 nostri
1256 2394 1594 2446 contrajuramenti
1615 2395 1715 2433 affir-

274 2457 476 2501 mavimus,
509 2454 793 2507 Cephisodotus
817 2455 880 2492 hic
907 2455 1028 2500 novit,
1059 2462 1255 2507 testesque
1287 2456 1337 2494 ad
1366 2469 1433 2494 vos
1460 2457 1714 2508 producemus

274 2519 436 2571 primum
464 2517 512 2556 de
541 2517 629 2564 hoc,
649 2516 752 2568 quod
787 2516 1041 2568 Dicaeogenes
1071 2518 1181 2556 besse
1211 2518 1429 2556 hereditatis
1464 2531 1503 2555 se
1531 2518 1718 2556 abdicarit

275 2594 396 2632 eaque
414 2579 522 2618 nobis
543 2579 764 2625 decesserit,
779 2585 860 2617 tum
879 2579 928 2617 de
944 2578 1032 2624 isto,
1045 2579 1148 2629 quod
1169 2580 1379 2618 Leochares
1399 2579 1512 2631 hujus
1533 2580 1585 2618 rei
1601 2593 1716 2631 spon-

276 2655 401 2681 sorem
422 2656 463 2681 se
483 2642 597 2680 scribi
617 2654 754 2694 passus
773 2641 899 2679 fuerit.

798 2758 1201 2799 TESTIMONIUM.

279 2846 502 2892 Audivistis‚
516 2847 684 2898 judices,
703 2860 724 2885 e
742 2846 917 2893 testibus,
936 2859 1035 2898 quos
1059 2859 1189 2885 verum
1217 2846 1358 2884 dixisse
1386 2859 1434 2884 ne
1460 2846 1541 2898 ipse
1566 2846 1718 2897 quidem

278 2907 492 2948 Leochares
511 2908 659 2947 videtur
678 2908 906 2947 infitiaturus
926 2921 1029 2948 esse:
1059 2917 1098 2947 at
1117 2908 1308 2947 enimvero
1336 2914 1531 2959 receptum
1558 2907 1715 2947 forsitan
