1870 3277
620 185 840 223 CONTRA
871 185 1212 221 LEOCRATEM.
1562 187 1635 221 457

197 286 431 331 Leocratem,
451 292 517 323 aut
543 293 673 324 curate
700 293 742 324 ut
762 286 927 336 acceptis
956 286 1072 322 sacris
1102 285 1313 322 secundum
1348 284 1469 335 legem
1494 285 1639 335 jureju-

194 347 314 385 rando
335 348 524 386 affirment
549 359 589 385 se
619 346 710 384 nihil
737 347 840 397 quod
858 359 946 384 vero
966 353 1152 396 repugnet
1178 352 1331 382 acturos
1361 353 1427 382 aut
1455 344 1636 384 dicturos.

197 408 264 445 Sin
284 415 458 447 neutrum
478 409 612 446 horum
633 408 790 446 fecerint
808 420 876 457 pro
896 406 1000 444 vobis
1028 405 1252 456 legibusque
1274 414 1310 442 et
1340 406 1505 456 republ.,
1524 420 1636 445 voca-

194 469 317 508 bimus
338 482 403 508 eos
423 471 459 507 in
475 469 674 520 judicium.
732 468 866 506 Recita
884 468 1111 505 testimonia.

737 570 1090 608 TESTIMONIA.
1131 613 1133 615 ,

244 654 281 688 8.
312 651 482 701 Contigit
501 658 588 702 post
606 650 702 695 haec,
717 649 882 700 judices,
901 656 945 687 ut
964 663 1081 688 naves
1096 649 1258 687 Athenis
1271 649 1580 701 ¹appellerentRh
1590 664 1632 688 ο-

189 712 306 755 dum;
339 713 529 762 patefacto
550 712 661 762 igitur
681 711 784 761 quod
813 711 904 749 nihil
925 711 1083 762 periculi
1111 718 1176 748 aut
1204 711 1384 748 horrendi
1416 711 1633 749 obvenisset

188 773 282 818 urbi,
303 772 591 823 perterrefactus
610 784 760 809 rursum
778 784 799 809 e
821 771 962 810 Rhodo
982 772 1133 810 solvens
1164 772 1325 822 Megara
1353 772 1460 816 adiit,
1482 772 1631 811 habita-

185 833 313 883 vitque
336 833 503 883 Megaris
522 832 621 871 ultra
641 833 943 883 quinquennium
963 839 1164 884 patronum
1184 832 1330 870 habens
1351 833 1632 883 Megarensem,

183 907 308 944 neque
327 894 491 932 confinia
518 895 681 945 regionis
708 895 902 941 reveritus,
930 907 1059 932 verum
1087 894 1189 945 apud
1209 894 1352 932 vicinos
1383 894 1516 944 patriae
1542 908 1630 945 quae

183 968 268 993 eum
289 955 435 993 aluerat
455 955 761 1006 educaveratque
780 956 1005 1007 peregrinus
1026 969 1197 994 manens.
1256 956 1387 1006 Atque
1407 957 1503 994 adeo
1522 970 1629 995 suam

182 1023 406 1067 perpetuam
427 1017 619 1054 statuebat
644 1017 787 1068 fugam,
807 1017 1021 1067 intelligens
1042 1030 1082 1055 se
1103 1024 1236 1056 contra
1263 1018 1424 1068 patriam
1452 1018 1628 1056 consulto

181 1078 321 1127 egisse,
341 1084 383 1114 ut
404 1078 642 1116 accersiverit
656 1078 744 1116 hinc
771 1080 976 1130 Amyntam
993 1078 1058 1128 qui
1079 1091 1242 1116 sororem
1263 1091 1369 1116 suam
1386 1079 1627 1129 grandiorem

181 1145 274 1176 natu
292 1138 471 1185 habebat,
491 1146 528 1177 et
547 1139 753 1177 amicorum
769 1140 1005 1191 Antigenem
1025 1153 1045 1178 e
1061 1140 1160 1177 tribu
1181 1141 1349 1191 Xypete,
1371 1146 1626 1190 precatusque

180 1200 332 1238 affinem
347 1213 457 1237 suum
474 1207 514 1238 ut
533 1202 581 1238 ab
602 1214 642 1238 se
662 1207 805 1239 emeret
823 1201 1014 1252 mancipia
1027 1201 1259 1251 domumque
1274 1201 1456 1238 venderet
1465 1201 1625 1247 talento,

178 1261 227 1299 de
245 1274 291 1299 eo
310 1261 497 1299 mandarit
526 1262 776 1301 creditoribus
798 1263 960 1312 persolvi
988 1262 1131 1307 debita,
1155 1270 1330 1313 sumptus
1352 1262 1390 1299 in
1420 1274 1624 1300 commune

178 1324 384 1361 amicorum
410 1324 623 1362 convivium
649 1324 924 1362 instituendum
957 1324 1118 1375 erogari,
1146 1324 1250 1374 quod
1277 1337 1391 1374 super
1418 1330 1522 1361 esset
1553 1323 1624 1361 sibi

176 1385 415 1422 reddendum
437 1384 602 1435 jusserit.
662 1385 891 1424 Persecutus
919 1386 1004 1423 haec
1031 1385 1158 1422 omnia
1179 1385 1367 1436 Amyntas
1386 1384 1466 1434 ipse
1492 1397 1623 1421 rursus

175 1448 346 1486 divendit
369 1447 557 1498 mancipia
576 1448 732 1499 triginta
746 1449 913 1498 quinque
934 1448 1046 1486 minis
1064 1448 1280 1485 Timochari
1301 1447 1539 1485 Acharnensi
1559 1447 1624 1498 qui

174 1509 357 1547 minorem
385 1509 500 1559 hujus
533 1516 627 1547 natu
658 1523 825 1548 sororem
851 1522 1009 1547 uxorem
1036 1510 1214 1546 tenebat:
1244 1521 1364 1558 quum
1388 1515 1515 1545 autem
1542 1521 1622 1546 non

174 1572 332 1610 haberet
346 1571 449 1621 quod
469 1571 577 1608 daret
592 1579 793 1620 argentum
812 1571 1072 1614 Timochares,
1092 1572 1194 1608 facto
1211 1570 1352 1607 foedere
1372 1570 1622 1621 depositoque

174 1647 261 1672 cum
281 1632 443 1684 Lyside,
462 1632 603 1669 minam
623 1644 692 1682 pro
710 1631 853 1668 foenore
875 1630 1048 1667 solvebat
1067 1631 1261 1681 Amyntae.
1320 1631 1379 1668 Ne
1395 1638 1521 1669 autem
1542 1634 1621 1669 exi-

173 1694 332 1733 stimetis
351 1694 467 1731 verba
485 1706 570 1730 esse
591 1692 673 1730 sola
694 1705 779 1742 quae
806 1690 1025 1742 proloquor,
1052 1691 1120 1729 sed
1140 1692 1337 1729 veritatem
1359 1705 1445 1729 esse
1474 1693 1618 1739 sciatis,

174 1757 351 1806 legentur
382 1762 420 1791 et
448 1754 582 1791 horum
609 1753 716 1791 vobis
746 1753 976 1791 testimonia.
1035 1753 1151 1795 Quod
1177 1753 1207 1790 si
1239 1753 1366 1790 adhuc
1395 1753 1498 1791 vitali
1527 1767 1619 1792 aura

172 1818 362 1855 frueretur
380 1828 426 1853 ac
444 1815 588 1853 viveret
606 1815 809 1865 Amyntas,
831 1814 937 1851 illum
963 1815 1087 1865 ipsum
1108 1815 1214 1852 vobis
1233 1814 1452 1852 exhiberem
1471 1829 1480 1853 ε
1512 1829 1616 1854 nunc

172 1890 263 1916 vero
289 1890 442 1914 accerso
461 1876 543 1926 ejus
569 1875 746 1913 facinoris
766 1875 956 1913 conscios.
1013 1875 1150 1913 Recita
1168 1876 1326 1926 proinde
1348 1876 1437 1913 mihi
1466 1876 1538 1914 hoc
1559 1884 1614 1915 te-

173 1937 406 1981 stimonium,
422 1935 613 1986 quomodo
629 1935 804 1973 nimirum
818 1936 950 1974 emerit
966 1937 1013 1974 ab
1026 1935 1213 1974 Leocrate
1235 1936 1406 1987 Megaris
1427 1938 1616 1989 mancipia

173 2001 359 2050 Amyntas
378 2005 417 2035 et
435 1996 550 2034 aedes.

690 2093 1084 2131 TESTIMONIUM.

169 2173 310 2211 Audite
330 2173 394 2224 qui
413 2174 526 2211 etiam
553 2174 741 2224 acceperit
754 2173 1007 2224 quadraginta
1027 2173 1146 2210 minas
1167 2174 1213 2211 ab
1231 2172 1399 2223 Amynta
1420 2172 1611 2211 Philome—

168 2236 229 2274 lus
246 2234 515 2286 Cholargensis
529 2242 568 2272 et
587 2234 788 2273 Menelaus
808 2235 839 2272 is
854 2235 917 2285 qui
935 2234 1127 2285 legatione
1147 2233 1195 2271 ad
1215 2246 1345 2283 regem
1365 2233 1520 2272 functus
1537 2242 1609 2272 est.

681 2337 1080 2375 TESTIMONIUM.

167 2418 251 2468 Age
277 2416 357 2467 jam
391 2416 554 2467 accipite
586 2415 843 2453 testimonium
879 2414 1113 2453 Timocharis
1145 2414 1300 2452 ementis
1332 2412 1522 2463 mancipia
1559 2414 1607 2450 ab

166 2481 334 2529 Amynta
353 2477 506 2526 triginta
525 2476 694 2527 quinque
714 2475 838 2522 minis,
857 2483 895 2514 et
915 2483 1036 2527 pacta.

569 2586 971 2624 TESTIMONIUM.
1002 2584 1193 2622 PACTA.

163 2669 297 2706 Testes
310 2668 464 2718 quidem
477 2666 686 2711 audivistis,
701 2665 874 2715 judices:
896 2671 954 2703 est
974 2670 1102 2702 autem
1117 2673 1269 2712 aequum
1286 2673 1352 2697 vos
1373 2672 1603 2698 succensere

163 2728 335 2767 Leocrati
353 2735 466 2778 atque
484 2741 569 2766 eum
584 2726 709 2765 odisse
725 2727 773 2764 ob
788 2739 834 2764 ea
845 2737 929 2775 quae
944 2724 1152 2762 etiamnum
1168 2723 1339 2760 dicturus
1355 2734 1453 2759 sum.
1484 2722 1599 2760 Haud

162 2790 262 2827 enim
283 2789 375 2826 satis
394 2788 426 2826 ei
440 2787 512 2826 fuit
526 2800 663 2838 corpus
680 2800 790 2825 suurn
807 2785 1086 2834 facultatesque
1104 2783 1330 2827 subducere,
1342 2793 1471 2820 verum
1486 2783 1598 2820 etiam

162 2847 271 2888 sacra
288 2850 423 2901 patria,
438 2862 523 2899 quae
538 2849 671 2887 vestris
687 2848 862 2900 legitimis
883 2855 921 2885 et
933 2847 1059 2898 patriis
1079 2844 1420 2884 consuetudinibus
1436 2844 1598 2895 majores

160 2912 272 2950 vestri
291 2911 563 2949 constituentes
584 2910 654 2961 ipsi
675 2909 926 2955 tradiderunt,
945 2907 1027 2947 haec
1057 2908 1139 2959 ipsa
1161 2907 1320 2958 Megara
1338 2906 1473 2944 accivit
1499 2918 1596 2955 eque

844 2972 864 3006 3
887 2983 910 3006 N
