1870 3277
380 199 453 236 DE
481 193 936 237 PHILOCTEMONIS
968 191 1337 230 HEREDITATE.
1506 191 1585 227 367*

147 313 233 340 esse
252 299 381 337 nullus
400 300 559 351 potest],
579 299 677 338 idem
697 305 823 336 tamen
843 309 911 348 pro
932 301 1053 333 semet
1071 294 1154 344 ipso
1176 293 1419 331 Euctemonis
1437 292 1587 331 heredi-

148 368 264 400 tatem
290 361 398 412 petiit
429 362 582 412 ejusque
611 360 727 398 filiam
756 372 778 396 a
803 357 995 408 judicibus
1026 354 1095 392 sibi
1122 354 1417 405 adjudicandam
1447 354 1586 406 quippe

146 424 331 460 bonorum
359 423 475 472 patris
494 421 695 463 heredem3
726 419 765 456 id
784 417 887 468 quod
906 423 1026 455 testes
1054 428 1078 453 a
1103 427 1162 452 me
1188 414 1363 465 producti
1383 415 1585 452 confirma-

148 490 250 521 runt.
316 483 447 532 Atqui,
479 495 547 533 per
575 481 668 519 deos
700 491 870 529 superos,
896 478 961 528 qui
985 488 1116 527 quaeso
1145 475 1224 520 fiat,
1254 481 1296 511 ut
1323 474 1447 511 minus
1480 480 1589 512 atrox

149 544 347 594 minusque
365 542 601 580 intolerabile
622 541 684 586 sit,
701 539 854 590 genuini
869 538 1025 590 quidem
1046 538 1078 575 si
1096 536 1171 574 sint
1189 535 1311 581 liberi,
1328 541 1408 572 tum
1425 540 1589 573 tutorem

150 617 280 642 eorum
298 604 550 642 hereditatem
570 602 723 652 ipsimet
740 601 810 638 sibi
829 607 960 651 petere
979 610 1132 648 unaque
1150 596 1265 634 filiam
1287 595 1532 633 Euctemonis
1553 595 1592 632 in

149 664 430 702 matrimonium
448 670 631 712 tanquam
649 661 830 700 heredem
856 660 1065 710 legitimam
1094 672 1207 710 super
1228 671 1304 708 qua
1333 657 1371 694 in
1392 657 1478 707 jure
1498 668 1590 693 con-

151 726 305 764 tendere
323 725 452 766 liceat;
484 723 540 760 sin
561 728 689 763 autem,
706 734 774 772 pro
790 721 926 772 spuriis
945 720 1174 764 habeantur,
1193 718 1372 769 legitimis
1388 716 1593 755 heredibus

148 788 291 826 aditum
322 786 371 823 ad
404 784 653 822 hereditatem
681 783 912 834 praeclusum
943 782 995 819 ire
1028 779 1306 832 interponenda
1338 777 1594 816 obtestatione

150 848 286 886 adesse
305 846 444 883 liberos
463 858 486 882 a
512 843 696 881 defuncto
721 842 876 881 relictos
896 843 984 893 jure
1012 841 1201 879 adeundae
1228 839 1453 878 hereditatis
1473 838 1595 875 multo

150 907 323 960 propiore
342 904 576 957 gaudentes?
606 904 780 942 Adversa
799 904 922 941 fronte
942 902 1048 940 istaee
1074 902 1170 939 inter
1197 913 1239 938 se
1258 905 1446 951 pugnant.
1502 898 1595 936 Per-

153 969 327 1020 spicuum
347 979 439 1016 ergo
465 972 523 1003 est
547 977 625 1002 non
651 978 674 1002 a
699 964 809 1002 nobis
837 962 1080 1001 solummodo
1106 961 1313 998 falsitatem
1334 959 1596 997 obtestationis

154 1030 202 1067 ab
220 1041 266 1067 eo
286 1026 519 1077 interpositae
538 1031 761 1076 coargutam
782 1036 881 1069 esse,
903 1023 971 1061 sed
991 1023 1105 1060 etiam
1125 1021 1236 1059 factis
1255 1020 1374 1071 ipsius
1390 1020 1598 1058 Androclis

153 1090 322 1141 coargui.
377 1089 427 1126 Et
444 1088 545 1125 hunc
562 1086 717 1137 quidem
737 1083 1077 1136 [Chaerestratum]
1095 1095 1209 1120 nemo
1229 1080 1507 1131 interponenda
1527 1080 1596 1117 ob-

155 1152 360 1191 testatione
384 1151 431 1188 de
456 1149 668 1188 hereditate
694 1161 771 1186 non
795 1147 1018 1185 vacuefacta
1042 1145 1211 1197 adjuvat,
1233 1145 1301 1183 sed
1319 1145 1401 1195 ipse
1423 1144 1597 1195 [Chaere-

156 1213 314 1262 stratus]
342 1213 488 1250 directa
513 1217 552 1249 et
579 1210 749 1261 simplice
768 1210 830 1247 via
850 1208 943 1260 juris
971 1207 1042 1246 sibi
1068 1207 1320 1258 competentis
1346 1206 1598 1244 hereditatem

155 1274 269 1326 petit:
299 1273 360 1311 hic
379 1279 506 1311 autem
528 1270 778 1323 [Androcles]
805 1282 938 1308 omnes
966 1269 1149 1320 petitione
1175 1267 1398 1306 hereditatis
1428 1267 1600 1305 excludit

157 1347 204 1373 eo
224 1334 328 1385 quod
346 1334 496 1372 disertis
516 1332 640 1370 verbis
667 1331 828 1370 affirmat
844 1331 915 1368 hos
935 1344 955 1368 e
976 1338 1103 1368 scorto
1122 1337 1232 1367 natos
1250 1329 1437 1379 genuinos
1458 1328 1604 1366 Eucte-

156 1395 275 1433 monis
302 1395 438 1433 liberos
464 1406 567 1436 esse;
604 1405 680 1443 quo
709 1393 811 1430 facto
834 1397 962 1442 sperat
987 1404 1053 1428 vos
1078 1392 1132 1428 ita
1157 1391 1352 1441 placatum
1383 1396 1496 1441 atque
1528 1390 1602 1427 cir-

157 1462 401 1495 cumventum
420 1455 477 1501 iri,
492 1462 534 1491 ut
553 1453 624 1492 sibi
643 1450 978 1491 demonstrationis
992 1451 1141 1489 veniam
1158 1451 1205 1488 de
1223 1463 1341 1488 causa
1356 1461 1606 1488 controversa

159 1517 304 1556 faciatis
326 1516 558 1567 copiosaque
584 1515 632 1554 de
658 1515 772 1554 rebus
795 1527 818 1553 a
841 1525 959 1552 causa
984 1512 1224 1551 alienissimis
1251 1511 1509 1564 disputatione
1533 1524 1608 1550 vos-

160 1579 268 1617 obrui
287 1578 494 1629 patiamini.
680 1588 685 1592 “

216 1641 279 1677 13.
308 1639 405 1683 Quae
425 1639 477 1676 rei
499 1646 588 1677 sunt
606 1644 732 1690 caput,
755 1646 792 1677 et
810 1638 857 1677 de
877 1638 1016 1689 quibus
1034 1637 1162 1676 doceri
1181 1650 1248 1676 vos
1269 1636 1484 1688 oportebat,
1499 1649 1544 1674 ea
1556 1649 1609 1674 ne

160 1700 323 1751 attingat
348 1700 504 1750 quidem
530 1706 597 1737 aut
621 1700 753 1738 leviter
777 1700 893 1738 modo
919 1699 1165 1751 perstringat,
1190 1705 1325 1737 contra
1350 1711 1440 1736 vero
1470 1697 1507 1734 in
1532 1709 1607 1735 nos

161 1774 298 1800 sonora
315 1773 406 1798 voce
432 1759 647 1811 turpissima
665 1759 839 1799 convicia
857 1760 1085 1810 intorqueat,
1104 1766 1144 1797 et
1166 1759 1236 1797 hos
1258 1758 1408 1810 quidem
1429 1757 1607 1809 [Chaere-

160 1830 318 1861 stratum
352 1822 514 1871 ejusque
547 1821 751 1872 cognatos]
784 1821 1002 1872 opulentos,
1037 1834 1077 1859 se
1110 1830 1240 1858 autem
1278 1832 1485 1871 pauperem
1519 1831 1608 1856 esse

162 1884 301 1923 iterum
320 1883 530 1932 iterumque
549 1883 730 1933 objectet.
786 1882 936 1924 Quibus
959 1881 1101 1919 artibus
1120 1882 1194 1919 hoc
1215 1894 1254 1919 se
1276 1888 1404 1931 sperat
1429 1892 1608 1918 consecu-

163 1952 302 1989 turum,
323 1950 364 1981 ut
384 1943 422 1980 hi
451 1943 556 1994 pueri
583 1943 665 1994 [qui
695 1942 810 1994 spurii
839 1943 944 1991 sunt]
963 1942 1070 1980 vobis
1100 1941 1256 1993 genuini
1287 1955 1373 1980 esse
1391 1940 1609 1979 videantur.

164 2006 242 2044 Fac
260 2012 388 2043 tamen
408 2005 492 2049 hos,
514 2004 653 2054 quibus
672 2004 872 2041 affluentes
892 2016 1017 2041 rerum
1031 2003 1163 2054 copias
1183 2002 1399 2040 Androcles
1417 2001 1609 2040 invidiose

164 2069 379 2119 exprobrat,
394 2067 606 2118 locupletes
635 2079 739 2104 esse:
770 2066 864 2116 quid
894 2064 998 2103 tum?
1053 2066 1280 2116 Locupletes
1313 2065 1344 2103 si
1376 2072 1478 2111 sunt,
1499 2065 1609 2103 vobis

167 2129 454 2180 sunt,judices;
485 2129 572 2180 plus
605 2128 704 2166 enim
738 2128 786 2165 de
815 2127 933 2178 copiis
962 2126 1041 2164 suis
1069 2126 1107 2164 in
1135 2127 1408 2178 rempublicam
1426 2132 1610 2173 vestram,

167 2203 281 2243 quam
301 2191 338 2228 in
360 2196 491 2236 semet,
510 2189 749 2241 impendunt.
805 2188 1083 2226 Phanostratus
1101 2188 1254 2238 quidem
1280 2188 1361 2238 jam
1381 2188 1522 2239 septies
1542 2189 1610 2226 tri-

165 2251 366 2290 erarchatu
386 2251 542 2288 functus
563 2257 633 2296 est,
654 2256 693 2287 et
711 2249 841 2287 munia
867 2262 1108 2300 quaecunque
1129 2262 1197 2300 pro
1216 2249 1411 2300 republica
1431 2249 1611 2287 obeunda

165 2320 254 2352 sunt
269 2319 491 2364 sumptuosa
509 2325 555 2350 ea
573 2311 701 2350 omnia
719 2311 824 2356 obiit,
838 2317 875 2349 et
894 2311 931 2348 in
947 2311 1138 2362 plerisque
1154 2310 1332 2350 victorias
1352 2310 1513 2361 adeptus
1530 2317 1610 2354 est;

165 2374 228 2412 hic
246 2379 371 2411 autem
389 2373 685 2418 Chaerestratus,
705 2372 878 2423 quamvis
899 2372 1025 2410 adhuc
1043 2372 1242 2423 puerulus,
1260 2379 1385 2410 tamen
1400 2372 1480 2422 jam
1503 2371 1610 2409 trier-

168 2435 346 2474 archatus
366 2435 504 2473 muniis
523 2435 708 2474 satisfecit
726 2433 1004 2473 contribuendo
1025 2434 1073 2472 de
1090 2447 1175 2479 suo,
1196 2434 1286 2471 item
1312 2433 1517 2483 choregum
1543 2445 1612 2483 pro

169 2496 365 2548 tragoedis,
385 2509 455 2534 nec
478 2509 554 2534 non
583 2495 913 2547 gymnasiarchum
940 2496 978 2534 in
1003 2493 1347 2545 lampadophoriis:
1378 2493 1504 2530 nullas
1534 2506 1612 2531 non

170 2558 469 2597 contributiones
482 2558 720 2608 pecuniarias
740 2557 780 2595 hi
799 2558 910 2596 ambo
930 2559 1056 2608 [pater
1075 2564 1112 2594 et
1132 2555 1248 2603 filius]
1261 2556 1358 2592 inter
1378 2561 1612 2592 tercentum-

171 2619 269 2657 viros
301 2618 356 2669 [h.
376 2632 410 2657 e.
431 2619 529 2657 inter
548 2618 687 2657 civium
708 2618 875 2656 omnium
895 2615 1224 2669 opulentissimos]
1246 2615 1504 2653 contulerunt.
1562 2615 1614 2653 Et

172 2679 358 2718 hactenus
375 2679 530 2730 quidem
558 2680 597 2717 hi
626 2680 704 2718 duo
732 2679 1039 2731 [PhanostratuS,
1058 2683 1097 2716 et
1123 2677 1206 2728 ejus
1234 2676 1332 2714 filius
1359 2682 1451 2714 natu
1482 2675 1613 2727 major,

174 2741 470 2789 Chaerestratus]
489 2740 571 2779 haec
590 2741 627 2779 in
647 2741 921 2792 rempublicam
941 2738 1208 2781 contulerunt;
1238 2749 1341 2774 nunc
1362 2743 1490 2775 autem
1520 2745 1614 2775 natu

173 2801 294 2839 minor
313 2813 463 2851 quoque
481 2802 686 2853 choregum
707 2802 787 2853 agit
805 2800 1001 2852 tragoediS,
1017 2807 1055 2837 et
1074 2799 1281 2850 inscriptus
1295 2806 1352 2837 est
1367 2799 1455 2837 albo
1467 2806 1614 2837 tercen-

175 2862 437 2906 tumvirorum,
458 2868 497 2899 et
514 2862 661 2904 confert
679 2869 800 2901 statas
821 2860 1136 2901 contributiones.
1194 2861 1437 2912 Quapropter
1468 2874 1545 2898 non
1580 2860 1617 2897 hi

177 2923 280 2973 digni
302 2928 392 2960 sunt
410 2922 548 2972 quibus
576 2923 791 2969 invideatis,
811 2923 880 2961 sed
907 2922 982 2968 isti,
1004 2922 1054 2960 ita
1080 2934 1141 2959 me
1160 2921 1312 2972 Jupiter
1341 2928 1457 2972 atque
1476 2920 1617 2971 Apollo

179 2990 319 3030 ament,
341 2984 416 3021 sint
440 2984 576 3034 magis,
601 2985 631 3021 si
658 2985 760 3023 bona
788 2984 1048 3035 adipiscantur
1073 2996 1235 3033 quorum
1264 2983 1353 3034 ipsis
1378 2983 1442 3033 jus
1472 2981 1617 3020 nullum
