1870 3277
738 499 1219 555 ISOCRATIS

584 626 681 675 DE
734 627 1378 678 PERMUTATIONE.

303 822 337 858 l.
369 820 415 857 Sl
432 819 516 858 haec
531 822 710 871 quaejam
731 820 881 872 legetur
893 822 1017 860 oratio
1033 820 1164 858 similis
1177 828 1281 860 esset
1293 821 1337 859 iis
1353 835 1440 873 quae
1454 822 1514 862 vel
1530 823 1579 862 ad
1595 823 1719 862 foren-

243 895 306 921 ses
326 882 609 921 controversias
633 883 691 921 vel
708 883 757 922 ad
778 883 1077 921 ostentationem
1093 884 1201 929 fiunt,
1225 883 1319 921 nihil
1339 898 1438 936 opus
1456 886 1590 923 suisset
1603 886 1652 924 de
1674 899 1719 924 ea

243 944 421 996 praefari:
455 956 559 981 nunc
591 951 747 996 propter
771 944 983 983 novitatem
1006 951 1044 982 et
1069 944 1275 983 discrimen
1303 959 1465 985 necesse
1492 954 1552 985 est
1578 960 1719 986 causas

243 1006 350 1057 prius
379 1018 587 1056 exponere,
608 1018 675 1044 cur
704 1019 789 1044 eam
820 1006 904 1044 aliis
935 1006 989 1044 ita
1019 1006 1247 1044 dissimilem
1281 1007 1446 1046 scribere
1476 1008 1720 1046 instituerim:

242 1067 302 1106 his
323 1067 426 1106 enim
447 1080 526 1105 non
547 1067 726 1106 indicatis
741 1067 872 1105 multis
895 1067 1063 1105 absurda
1083 1067 1248 1106 fortasse
1267 1068 1475 1107 videretur.

298 1131 336 1167 2.
366 1129 467 1181 Ego,
488 1142 608 1180 quum
629 1130 768 1168 scirem
788 1129 980 1181 quosdam
1001 1129 1198 1181 sophistas
1219 1143 1304 1168 mea
1327 1130 1456 1169 studia
1478 1131 1720 1179 calumniari,

242 1205 288 1231 ac
318 1191 448 1230 dicere
476 1205 537 1230 me
563 1191 739 1230 forenses
766 1191 962 1230 orationes
988 1191 1158 1230 scribere
1187 1191 1428 1230 solere—in
1457 1206 1534 1244 quo
1562 1192 1720 1245 perinde

241 1254 390 1293 faciunt
408 1267 453 1293 ac
471 1255 501 1293 si
516 1255 601 1306 quis
622 1254 815 1301 Phidiam,
836 1255 903 1306 qui
922 1254 1110 1293 Minervae
1133 1254 1382 1293 simulacrum
1404 1255 1510 1303 fecit,
1531 1269 1719 1308 puparum

242 1318 415 1356 fictorem
446 1317 641 1369 appellare
667 1317 837 1362 auderet,
862 1324 927 1354 aut
958 1317 1140 1355 Zeuxidis
1161 1324 1200 1355 et
1228 1317 1420 1355 Parrhasii
1444 1318 1608 1356 eandem
1635 1332 1722 1356 esse

241 1387 364 1419 artem
392 1379 550 1427 diceret,
574 1393 663 1431 quae
694 1380 849 1418 illorum
876 1386 935 1417 est
961 1379 1025 1430 qui
1058 1379 1221 1418 tabellas
1242 1379 1410 1431 pingunt
1422 1403 1488 1425 --‚
1521 1394 1720 1432 nunquam

242 1449 370 1481 tamen
390 1442 496 1481 illam
517 1443 591 1481 mei
614 1441 927 1481 extenuationem
955 1441 1062 1479 ultus
1093 1455 1191 1487 sum,
1215 1442 1321 1493 quod
1341 1442 1607 1481 existimabam
1639 1450 1719 1481 tum

241 1517 369 1555 nugas
390 1504 543 1542 illorum
565 1504 711 1542 nullam
733 1504 807 1542 vim
827 1503 987 1549 habere,
1007 1510 1090 1541 tum
1111 1511 1292 1542 constare
1313 1504 1412 1542 inter
1438 1517 1574 1542 omnes
1600 1518 1661 1543 me
1683 1513 1722 1543 et

242 1567 411 1605 scribere
438 1573 477 1604 et
504 1566 632 1605 dicere
663 1565 878 1604 instituisse
906 1578 984 1604 non
1006 1566 1054 1604 de
1082 1565 1238 1617 privatis
1265 1566 1548 1617 contractibus,
1575 1567 1644 1606 sed
1672 1568 1720 1607 de

242 1627 382 1667 talibus
411 1634 451 1665 et
469 1627 586 1666 tantis
607 1627 733 1673 rebus,
762 1634 805 1665 ut
823 1627 872 1665 de
897 1627 1031 1665 iisdem
1053 1640 1165 1665 nemo
1187 1627 1285 1666 alius
1311 1628 1523 1679 quicquam
1543 1637 1719 1676 conetur,

240 1696 381 1741 praeter
409 1702 477 1727 eos
507 1690 572 1741 qui
600 1689 660 1727 vel
683 1702 744 1727 me
772 1688 931 1728 doctore
955 1690 1015 1728 usi
1042 1696 1133 1727 sunt
1152 1689 1213 1727 vel
1242 1689 1314 1728 hos
1342 1690 1480 1728 imitari
1503 1691 1720 1730 voluerunt.

240 1751 382 1802 Longo
403 1751 517 1802 igitur
545 1758 717 1803 ternpore
743 1751 869 1789 aetatis
892 1764 988 1788 meae
1013 1751 1196 1802 putabam
1225 1758 1306 1789 tum
1329 1753 1379 1790 ob
1405 1752 1626 1791 institutum
1645 1754 1721 1793 hoc

241 1821 323 1852 tum
345 1816 394 1852 ob
414 1821 645 1865 perpetuum
667 1813 809 1864 quietis
831 1813 1004 1851 studium
1031 1826 1166 1852 omnes
1196 1813 1378 1852 indoctos
1400 1822 1440 1852 et
1459 1814 1633 1865 plebeios
1653 1816 1720 1854 ho-

240 1877 364 1916 mines
385 1889 518 1927 aequos
539 1883 579 1914 et
597 1875 806 1914 benevolos
827 1889 887 1913 me
908 1875 1076 1914 habere:
1108 1888 1227 1921 nunc,
1242 1889 1358 1926 quum
1381 1876 1470 1914 vitae
1491 1877 1578 1916 finis
1599 1891 1718 1930 prope

240 1939 333 1978 mihi
363 1939 495 1984 instat,
517 1938 745 1976 facultatum
772 1937 1057 1989 permutatione
1086 1938 1135 1975 ob
1163 1938 1372 1976 triremium
1402 1939 1717 1979 instruendarum

238 2014 382 2039 munus
398 2001 504 2038 facta
519 2013 642 2051 eaque
656 1999 703 2038 de
719 1999 917 2051 rejudicio
932 2000 1114 2046 conflato,
1133 2000 1248 2038 etiam
1266 2000 1418 2039 illorum
1433 2002 1623 2052 quosdam
1640 2017 1715 2042 non

240 2063 295 2102 sic
315 2076 408 2114 erga
432 2075 492 2100 me
524 2062 683 2100 affectos
703 2075 791 2100 esse
818 2062 1072 2100 animadverti
1100 2069 1143 2101 ut
1172 2075 1432 2114 speraveram,
1458 2064 1528 2102 sed
1550 2064 1646 2104 alios
1668 2066 1716 2104 de

240 2125 328 2164 vitae
347 2137 444 2162 meae
466 2125 614 2162 ratione
640 2124 847 2162 falsissima
865 2124 1117 2176 persuasione
1145 2125 1312 2163 imbutos
1334 2138 1380 2164 eo
1406 2125 1590 2166 inclinare
1611 2135 1654 2166 ut
1672 2129 1715 2168 iis

239 2187 463 2227 auscultent
480 2186 546 2237 qui
567 2186 722 2224 absurdi
740 2186 886 2236 aliquid
906 2186 955 2224 de
972 2199 1033 2224 me
1049 2186 1197 2231 dicunt,
1212 2186 1324 2231 alios,
1346 2200 1466 2237 quum
1485 2188 1578 2226 satis
1592 2190 1716 2229 sciant

235 2249 375 2301 quibus
395 2248 433 2287 in
458 2249 574 2286 rebus
594 2259 736 2293 verser,
755 2247 926 2285 invidere
953 2247 1045 2284 mihi
1072 2260 1150 2285 non
1173 2246 1298 2285 minus
1323 2259 1438 2297 quarn
1466 2249 1656 2300 sophistas
1678 2259 1719 2290 et·

237 2311 421 2350 delectari
438 2309 483 2347 iis
503 2308 569 2360 qui
589 2308 726 2347 falsam
742 2308 791 2346 de
812 2322 872 2346 me
890 2309 1037 2347 habent
1052 2309 1287 2360 opinionem.
1344 2310 1476 2361 Atque
1496 2311 1596 2350 hanc
1611 2326 1717 2352 men-

238 2379 315 2412 tem
346 2385 455 2410 suam
476 2384 561 2410 esse
586 2370 858 2409 declararunt:
890 2383 979 2409 nam
1000 2383 1119 2422 quum
1143 2370 1385 2410 adversarius
1415 2372 1464 2410 de
1492 2372 1579 2424 ipsa
1597 2387 1717 2413 causa

236 2438 329 2477 nihil
343 2436 446 2488 aequi
462 2436 606 2474 diceret
618 2447 692 2473 nec
705 2447 829 2473 meam
846 2433 1113 2473 defensionem
1130 2434 1330 2482 refutaret,
1347 2435 1418 2474 sed
1431 2442 1471 2474 et
1483 2436 1713 2488 eloquentiae

236 2513 333 2539 meae
349 2499 426 2538 vim
446 2497 757 2543 calumniaretur,
777 2503 817 2535 et
837 2496 874 2534 in
895 2496 1183 2535 multitudinem
1201 2497 1477 2548 discipulorum
1498 2505 1538 2536 et
1552 2499 1717 2549 opulen-

237 2562 329 2600 tiam
356 2559 566 2599 insolenter
584 2558 841 2606 inveheretur,
861 2572 1003 2598 munus
1024 2558 1121 2597 illud
1143 2559 1236 2597 mihi
1263 2560 1486 2598 obeundum
1507 2574 1592 2599 esse
1612 2562 1715 2612 judi-

235 2630 388 2662 carunt.
445 2622 504 2660 Ac
532 2627 711 2673 sumptus
738 2620 896 2672 quidem
915 2621 968 2659 ita
993 2620 1170 2670 tulimus,
1193 2627 1235 2659 ut
1261 2634 1328 2659 eos
1356 2621 1471 2660 decet
1498 2623 1564 2674 qui
1586 2637 1712 2674 neque

233 2686 349 2724 rebus
369 2683 595 2735 hujusmodi
613 2682 728 2721 nimis
747 2682 1012 2735 percelluntur
1036 2695 1164 2734 neque
1184 2683 1374 2734 pecunias
1396 2684 1644 2735 negligenter
1663 2699 1710 2725 ac

235 2756 378 2787 temere
397 2745 639 2797 abjiciendas
659 2752 836 2784 censent.

290 2810 327 2846 3.
360 2807 492 2852 Quum
512 2819 615 2853 vero,
636 2813 680 2845 ut
701 2807 794 2854 dixi,
820 2806 953 2858 plures
973 2818 1057 2845 esse
1086 2805 1297 2845 sensissem
1328 2806 1393 2858 qui
1420 2820 1541 2858 prave
1569 2807 1618 2846 de
1648 2822 1708 2848 me

229 2870 465 2923 judicarent,
487 2868 707 2919 cogitabam
728 2882 806 2922 qua
821 2869 967 2908 ratione
988 2875 1027 2907 et
1040 2867 1114 2906 illis
1132 2874 1171 2906 et
1184 2868 1350 2919 posteris
1366 2869 1609 2908 ostenderem
1627 2877 1708 2908 tum

234 2933 299 2984 qui
319 2932 393 2971 mei
413 2944 538 2970 mores
562 2938 695 2971 essent
714 2940 796 2970 tum
823 2931 977 2983 qualem
998 2931 1116 2970 vitam
1141 2930 1325 2983 degerem
1349 2937 1430 2970 tum
1465 2932 1503 2970 in
1534 2945 1611 2983 quo
1636 2932 1704 2972 do-
