1870 3277
751 185 1116 224 HORTATORIA.
1571 187 1641 222 491

213 284 393 324 fuerimus
419 299 489 324 nec
518 287 567 324 ad
592 293 800 325 extremum
831 299 952 337 usque
982 287 1141 324 halitum
1164 286 1381 336 depugnare
1401 286 1642 331 voluerimus,

209 345 335 382 miseri
356 347 450 385 fiunt
469 354 607 398 patres,
621 348 685 398 qui
705 354 744 386 et
762 354 971 397 conspectu
988 355 1118 384 nostro
1139 354 1177 384 et
1200 347 1289 383 urbe
1303 353 1417 396 atque
1437 359 1528 397 agro
1548 354 1642 383 tem-

209 406 359 456 plisque
377 408 586 458 privantur,
597 415 636 445 et
648 422 717 459 pro
734 409 907 446 libertate
928 407 1182 458 pulcherrima
1202 407 1458 457 turpissimum
1480 408 1643 444 subeunt

209 479 254 504 ea
274 475 387 506 aetate
409 469 560 519 jugum,
583 482 669 518 quae
691 469 748 506 vel
769 475 952 518 quantum
973 469 1140 519 patiatur
1159 480 1245 518 quae
1272 468 1377 504 senio
1399 468 1530 518 nequit
1548 480 1640 518 cog-

205 540 377 574 noscere,
392 530 464 575 vel,
496 530 526 567 si
552 531 766 580 cognoscit,
787 530 967 567 auxilium
987 531 1082 567 ferre
1103 542 1179 567 non
1203 536 1342 580 potest,
1363 529 1463 578 quod
1484 529 1637 578 quidem

206 601 283 626 rem
310 590 639 628 intolerabiliorem
664 591 774 633 facit3
806 590 1128 642 quandoquidem,
1149 590 1180 627 si
1205 589 1411 640 cognitioni
1438 590 1532 626 vires
1560 602 1640 626 cor-

204 650 304 700 poris
331 652 378 689 ad
411 652 663 690 resistendum
683 660 809 689 essent
827 655 1054 700 conjunctae,
1071 652 1188 689 levior
1209 651 1398 688 videretur
1423 650 1636 688 calamitas:

205 711 349 750 miserae
369 727 520 764 quoque
538 715 631 751 fiunt
651 726 802 760 uxores,
824 720 862 751 et
882 714 1050 751 infelices
1067 713 1198 751 fratres
1214 725 1448 763 sororesque,
1466 713 1529 762 qui
1550 725 1636 750 cum

200 771 332 810 iisdem
359 776 469 812 rebus
494 782 572 812 tum
603 787 671 825 spe
697 788 773 825 qua
799 775 949 812 fuerant
973 774 1124 812 enutriti
1153 774 1372 824 spolientur.
1430 774 1477 811 Et
1498 773 1634 823 quibus

198 846 301 871 nunc
318 834 473 884 gloriam
491 843 528 873 et
543 836 725 873 honorem
742 834 955 886 pulcritudo
974 843 1012 872 et
1032 835 1153 872 forma
1172 835 1335 885 pariunt,
1350 834 1479 871 iisdem
1500 835 1536 871 in
1558 847 1635 871 ser-

198 894 354 932 vitutem
381 895 548 934 redactis
575 896 849 948 turpitudinem
870 904 908 934 et
931 896 1244 946 degradationem
1274 909 1319 933 ea
1350 895 1445 932 ferre
1474 907 1632 932 necesse

196 963 273 995 est:
302 970 387 994 narn
409 971 477 1008 pro
504 958 764 1008 pulcherrimis
790 965 828 995 et
850 957 1166 1008 splendidissimis
1195 957 1382 1008 conjugiis
1411 956 1633 1006 turpissimis

196 1029 240 1054 ac
261 1017 447 1056 vilissimis
467 1019 720 1070 implicantur.
778 1019 1010 1056 Deforrnitas
1027 1032 1178 1069 quoque
1200 1018 1336 1055 talibus
1356 1018 1531 1068 operibus
1550 1031 1633 1055 cor-

193 1090 286 1127 pora
305 1079 469 1129 subjicit,
493 1080 528 1116 in
549 1080 686 1130 quibus
708 1088 745 1117 et
764 1081 866 1130 prior
886 1080 1060 1117 educatio
1079 1079 1282 1117 commoda
1309 1079 1488 1116 damnum
1515 1078 1631 1123 affert,

194 1144 244 1184 et,
264 1147 466 1190 postquam
497 1140 687 1178 laboribus
716 1154 826 1190 pares
855 1153 939 1179 esse
967 1153 1043 1177 non
1073 1147 1245 1191 possunt,
1267 1140 1366 1190 turpi
1394 1153 1438 1177 ac
1467 1139 1632 1177 violenta

192 1208 313 1238 morte
341 1202 453 1239 vitam
484 1209 616 1252 sponte
636 1210 888 1240 commutant.
934 1202 1125 1245 Quocirca
1145 1200 1316 1252 quisquis
1337 1201 1474 1238 talibus
1495 1214 1630 1252 propo-

190 1260 272 1299 sitis
298 1263 459 1311 praemiis
484 1263 600 1300 virum
623 1276 665 1300 se
686 1263 722 1300 in
743 1263 813 1300 hoc
841 1264 1047 1301 certamine
1077 1276 1151 1300 non
1184 1262 1392 1313 praestabit,
1413 1262 1443 1299 is
1473 1272 1630 1313 utraque

191 1335 256 1373 spe
274 1330 388 1374 atque
402 1324 522 1374 copia,
539 1332 617 1361 tum
639 1337 723 1374 quae
745 1337 846 1362 nunc
867 1332 940 1370 est,
953 1331 1033 1362 tum
1052 1325 1082 1362 si
1101 1337 1177 1374 qua
1197 1330 1280 1374 post
1300 1323 1381 1366 erit,
1402 1324 1628 1374 privabitur:

190 1383 376 1433 siquidem
394 1385 430 1422 in
448 1384 520 1423 hoc
540 1386 670 1436 praelio
691 1386 763 1422 sita
783 1393 873 1422 sunt
892 1385 1030 1422 omnia.

241 1446 276 1481 3.
309 1445 394 1483 Hoc
413 1446 525 1483 etiam
542 1446 853 1496 perpendendum
871 1453 943 1490 est,
962 1459 1076 1495 quam
1094 1446 1140 1482 ob
1158 1458 1310 1483 causam
1328 1446 1450 1482 velitis
1468 1446 1630 1483 maxime

187 1520 371 1558 pugnare,
387 1515 424 1545 et
442 1508 532 1558 quid
549 1521 624 1546 non
646 1508 694 1546 sit
713 1509 750 1545 in
772 1520 816 1545 eo
836 1508 924 1545 boni
944 1508 973 1544 si
995 1508 1123 1545 hostes
1145 1507 1276 1558 praelio
1296 1507 1469 1545 vincatis.
1499 1508 1628 1545 Virtus

185 1569 327 1606 bonnm
348 1568 532 1606 habetur?
562 1569 635 1606 hoc
655 1581 802 1605 omnem
826 1569 1000 1605 virtutem
1020 1576 1133 1618 atque
1149 1569 1315 1605 omnium
1331 1575 1502 1605 votorum
1525 1581 1627 1605 sum-

184 1630 291 1667 mam⁴
308 1630 586 1680 complectitur.
642 1630 722 1667 Pax
751 1631 891 1666 bonurn
917 1629 1101 1666 habetur?
1131 1628 1214 1666 haec
1235 1641 1364 1666 eorum
1386 1628 1538 1666 arbitrio
1564 1628 1627 1678 qui

185 1691 315 1729 hostes
335 1691 492 1728 vicerint
509 1692 763 1741 componitur.
796 1691 901 1741 Opes
922 1692 1064 1728 bonum
1086 1690 1296 1727 habentur?
1327 1689 1400 1726 hoc
1422 1689 1624 1726 victoribus

184 1752 361 1795 debetur-3
385 1753 501 1803 quiet
516 1765 584 1789 sua
600 1759 681 1790 tuto
697 1752 894 1803 possident
907 1758 944 1788 et
959 1751 1082 1789 aliena
1105 1764 1237 1788 secure
1257 1757 1434 1800 carpunt.
1462 1749 1548 1786 Jam
1561 1751 1625 1799 ju-

183 1814 296 1851 stitiae
313 1827 387 1851 non
406 1827 536 1865 parum
553 1815 590 1851 in
610 1814 679 1852 hac
696 1828 733 1852 re
749 1814 933 1851 cernitur:
953 1821 1011 1850 est
1028 1813 1127 1849 enim
1142 1813 1287 1862 justum
1305 1811 1435 1862 patriae
1452 1825 1538 1861 quae
1557 1824 1625 1849 nos

183 1874 288 1920 aluit,
304 1876 495 1925 sacrisque
517 1875 624 1912 avitis
645 1882 684 1912 et
703 1875 886 1925 majorum
907 1873 1105 1924 sepulcris,
1126 1873 1221 1910 ferre
1242 1872 1453 1923 suppetias;
1488 1879 1546 1909 est
1559 1872 1622 1922 ju-

180 1942 278 1972 stum
294 1942 539 1986 parentum,a
553 1937 689 1986 quibus
706 1936 797 1973 estis
810 1935 973 1979 educati,
987 1941 1221 1971 senectutem
1239 1946 1385 1970 rursum
1400 1934 1542 1977 fovere;
1564 1941 1622 1971 est

171 1997 320 2048 justum
341 1997 493 2041 liberos,
512 2011 608 2047 quos
632 1997 875 2048 procreastis,
898 1996 1050 2038 tollere3
1082 2003 1139 2033 est
1153 1995 1301 2045 justum
1322 1994 1404 2031 haec
1431 1994 1618 2032 neminem

178 2058 386 2109 negligere.
444 2059 559 2101 Quod
581 2059 612 2096 si
631 2058 716 2108 quis
739 2058 937 2108 sapientiae
962 2057 1027 2094 dat
1047 2069 1214 2107 operam,
1234 2055 1264 2093 is
1283 2055 1479 2093 victoriam
1499 2055 1535 2092 in
1557 2068 1617 2093 sa-

178 2120 319 2170 pientia
351 2127 481 2170 ponat‚
509 2120 694 2170 siquidem
724 2119 920 2170 sapientiae
948 2118 1114 2160 libertas,
1134 2130 1209 2154 non
1230 2117 1401 2161 servitus,
1427 2117 1616 2167 congruit.

179 2180 401 2218 Pulcritudo
431 2181 551 2218 honor
577 2180 761 2218 habetur?
802 2180 916 2217 iidem
938 2179 1098 2216 victores
1129 2186 1166 2215 et
1193 2177 1313 2228 pulcri
1341 2177 1560 2227 pulcriores,
1581 2184 1617 2215 et

175 2240 364 2279 deformes
386 2241 605 2287 ferociores,
625 2241 821 2279 videntur:
854 2241 1162 2290 quandoquidem
1185 2240 1275 2277 nihil
1299 2253 1375 2277 non
1396 2239 1500 2290 quod
1522 2240 1614 2277 libe-

176 2315 256 2338 rum
275 2303 323 2340 sit
342 2311 400 2340 est
419 2303 608 2354 pulcrum.
643 2303 728 2340 Jam
746 2303 776 2339 si
797 2302 898 2352 quod
916 2309 972 2340 est
991 2299 1197 2339 nobilitatis
1217 2300 1412 2346 indicium,
1431 2301 1468 2337 id
1484 2301 1521 2337 in
1541 2300 1613 2337 hoc

176 2376 288 2414 opere
309 2365 474 2402 cernitur
490 2364 745 2415 potissimum.
792 2363 842 2401 Et
860 2364 958 2401 enim
979 2365 1057 2414 qui,
1078 2376 1194 2413 quum
1212 2369 1298 2400 ante
1320 2374 1528 2412 generosus
1543 2361 1611 2398 ha-

173 2426 340 2470 beretur,
358 2439 459 2464 nunc
475 2425 694 2476 depugnare
707 2425 824 2470 nolet,
838 2426 869 2462 is
883 2433 920 2462 et
936 2438 956 2462 a
973 2424 1177 2475 majoribus
1193 2423 1361 2460 relictam
1375 2422 1609 2459 nobilitatem

172 2486 332 2532 amittet,
346 2494 383 2523 et
403 2487 530 2524 liberis
550 2486 826 2537 ignobilitatem
844 2486 1029 2536 relinquet
1045 2498 1053 2522 :
1075 2493 1112 2522 at
1128 2485 1189 2533 qui
1208 2484 1342 2520 fortem
1358 2496 1400 2520 se
1416 2483 1610 2533 praebebit,

170 2554 209 2584 et
234 2548 420 2598 majorum
447 2548 640 2586 revocabit
661 2548 698 2585 in
729 2548 946 2585 memoriam
967 2547 1138 2590 virtutes,
1157 2552 1195 2582 et
1222 2545 1347 2582 liberis
1375 2544 1607 2581 nobilitatem

170 2609 324 2658 prodet;
349 2622 478 2647 eorum
493 2609 608 2654 enim,
623 2609 687 2660 qui
704 2609 925 2660 periculosis
943 2607 1174 2658 temporibus
1189 2613 1340 2643 strenue
1357 2618 1396 2642 se
1411 2604 1609 2655 gesserint,

171 2670 309 2719 posteri
327 2671 473 2709 nobiles
490 2670 692 2708 habentur.

220 2734 257 2768 4.
293 2732 341 2769 Et
377 2746 596 2784 quanquam
635 2733 824 2784 permulta
859 2730 1047 2768 retulerim
1080 2729 1246 2765 victoriae
1283 2727 1499 2770 commoda,
1531 2739 1605 2764 non

168 2805 290 2842 pauca
312 2800 438 2830 tamen
457 2794 579 2839 omisi,
594 2807 681 2844 quae
702 2793 771 2830 sibi
788 2792 949 2842 quisque
970 2802 1181 2839 suggerens
1202 2788 1333 2825 fortem
1355 2800 1394 2824 se
1414 2788 1604 2837 praebeat:

167 2866 269 2890 nunc
299 2861 437 2898 autem,
459 2860 642 2904 quantum
667 2854 704 2891 in
734 2854 816 2904 ipsa
847 2863 976 2902 pugna
1004 2850 1052 2887 sit
1078 2850 1126 2887 ad
1153 2848 1313 2886 salutem
1334 2848 1393 2885 vel
1417 2848 1606 2885 interitum

166 2915 361 2958 momenti,
380 2927 446 2952 vos
467 2914 628 2952 docebo.
687 2914 836 2951 Etenim
857 2924 995 2962 corpus
1014 2910 1175 2961 primum
1198 2921 1370 2958 prorsum
1391 2907 1442 2945 ire
1464 2915 1502 2945 et
1522 2919 1604 2957 pro-
