1870 3277
667 187 1062 226 ARCHIDAMUS.
1548 187 1600 223 75

132 288 335 327 Persanum
352 301 480 340 neque
494 288 629 329 civitas
646 290 938 329 Atheniensium
955 291 1066 330 nobis
1082 304 1254 343 unquam
1268 291 1422 343 objecit.
1480 288 1600 334 Quod

132 355 261 387 autem
280 350 496 389 evidentius
518 352 567 389 de
589 352 676 403 jure
695 352 886 402 judicium
906 366 952 390 eo
973 359 1092 403 queat
1121 366 1207 391 esse
1239 353 1345 403 quod
1375 359 1415 391 et
1435 352 1484 390 ab
1504 351 1598 403 ipsis

130 412 307 450 hostibus
329 419 368 450 et
383 413 552 452 adversis
571 414 710 452 nostris
731 414 844 452 rebus
861 422 921 452 est
938 414 1114 453 editum?

188 478 248 514 11.
281 477 474 514 Praeterea
501 477 713 522 oraculum,
736 477 842 528 quod
869 491 1004 516 omnes
1031 485 1070 516 et
1101 477 1410 528 antiquissimum
1429 481 1468 513 et
1496 487 1601 513 com-

130 538 397 576 munissimum
418 546 457 576 et
480 539 557 576 fide
578 540 741 577 maxime
762 540 923 590 dignum
954 553 1037 577 esse
1058 539 1296 585 fatebuntur,
1325 551 1404 575 non
1424 549 1472 574 eo
1499 536 1599 573 dun-

128 606 237 638 taxat
265 607 435 650 tempore
460 608 630 638 nostram
656 613 743 638 esse
773 601 994 638 Messenam
1024 602 1174 647 statuit,
1194 613 1314 651 quum
1339 597 1599 649 Cresphontae

129 661 256 699 liberis
278 661 461 699 dantibus
490 662 664 712 accipere
685 674 756 699 nos
776 662 920 713 donum
941 670 980 700 et
999 662 1194 714 oppressis
1215 661 1353 712 injuria
1372 672 1483 710 opem
1503 658 1601 696 ferre

123 724 256 774 jussit,
284 724 351 761 sed
371 730 466 762 tunc
494 725 608 762 etiam
642 738 758 775 quum
789 725 932 764 bellum
959 733 1241 777 prorogaretur,
1263 731 1301 763 et
1329 724 1483 775 utrique
1505 721 1599 760 Del-

128 785 227 835 phos
253 785 492 823 misissemus
520 789 625 832 (nam
646 787 699 824 illi
728 787 882 837 quidem
906 788 955 825 de
985 788 1109 825 salute
1137 800 1207 825 sua
1236 786 1508 828 consulebant,
1528 796 1600 821 nos

128 860 219 886 vero
247 848 297 885 de
318 848 605 898 expeditissima
633 849 737 886 urbis
765 850 967 900 capiendae
995 849 1174 897 ratione),
1201 848 1276 886 illis
1306 855 1349 886 ut
1378 847 1509 898 iniqua
1533 857 1601 896 pe-

128 910 296 947 tentibus
311 909 405 947 nihil
425 910 634 961 respondit,
648 911 759 949 nobis
775 924 863 949 vero
880 911 1109 963 significavit
1127 918 1165 949 et
1180 924 1269 961 quae
1283 923 1393 948 sacra
1405 907 1600 952 facienda,

128 978 167 1010 et
186 971 328 1010 auxilia
346 972 450 1010 unde
471 973 706 1010 accersenda
725 981 872 1011 essent.

186 1037 246 1072 12.
277 1034 394 1076 Quod
433 1035 547 1084 igitur
585 1035 848 1073 testimonium
887 1035 1010 1086 majus
1048 1041 1088 1073 et
1125 1033 1341 1073 evidentius
1376 1033 1435 1070 his
1473 1030 1602 1070 afferri

129 1095 286 1149 potest?
329 1096 460 1139 Quum
483 1096 719 1134 deciaratum
743 1098 792 1135 sit
812 1110 883 1135 nos
905 1098 1069 1148 primum
1091 1098 1138 1135 ab
1155 1096 1198 1134 iis
1215 1108 1375 1146 quorum
1396 1101 1478 1133 erat
1497 1094 1600 1132 hanc

127 1158 364 1210 provinciam
391 1158 591 1208 accepisse
610 1181 657 1188 --
674 1159 768 1209 quid
789 1159 890 1196 enim
910 1166 1016 1197 vetat
1041 1158 1174 1197 eadem
1200 1158 1329 1196 denuo
1356 1157 1491 1208 paucis
1512 1168 1599 1207 per·

128 1219 340 1271 stringere?
356 1242 427 1268 —-‚
455 1220 594 1258 deinde
615 1220 718 1258 bello
740 1221 908 1271 cepisse,
931 1233 1009 1271 quo
1032 1220 1149 1258 modo
1170 1220 1368 1271 pleraeque
1388 1219 1502 1256 urbes
1522 1217 1598 1255 illis

124 1283 362 1333 temporibus
378 1282 600 1320 constitutae
617 1288 724 1325 sunt3
756 1288 893 1332 postea
913 1295 980 1319 eos
997 1282 1061 1331 qui
1082 1281 1265 1318 Herculis
1286 1280 1424 1317 liberos
1451 1278 1596 1316 nefario

125 1345 272 1383 scelere
297 1346 485 1383 violarant
513 1344 687 1395 ejecisse,
708 1357 806 1394 quos
832 1343 987 1394 quidem
1021 1356 1174 1394 aequum
1196 1343 1322 1381 fuerat
1343 1355 1390 1380 ex
1415 1342 1594 1379 universo

124 1413 310 1445 terrarum
332 1409 423 1446 orbe
444 1405 689 1445 exterminari
707 1420 716 1450 ;
749 1407 914 1457 denique
934 1414 972 1444 et
993 1405 1236 1457 longitudine
1257 1404 1440 1455 temporis
1462 1411 1501 1441 et
1525 1403 1595 1440 ho-

124 1469 240 1507 stium
274 1470 419 1522 judicio
457 1477 497 1507 et
535 1468 596 1506 dei
636 1468 804 1507 oraculis
836 1468 924 1519 jure
962 1468 1148 1505 obtinere.
1225 1467 1402 1511 Quorum
1441 1463 1597 1515 singula

123 1532 336 1570 calumnias
366 1545 495 1570 eorum
526 1531 619 1570 satis
652 1532 836 1576 refutant,
868 1531 933 1581 qui
961 1529 1109 1568 crimini
1138 1529 1232 1567 dare
1263 1528 1409 1567 audent
1434 1541 1505 1565 nos
1532 1534 1598 1564 aut

121 1607 225 1632 nunc
245 1607 380 1645 pacem
402 1607 448 1632 ex
469 1594 629 1632 avaritia
651 1593 868 1645 repudiare,
897 1599 964 1630 aut
989 1592 1079 1630 olim
1110 1592 1320 1630 alienarum
1343 1603 1467 1628 rerum
1488 1589 1596 1641 cupi-

121 1657 243 1695 ditate
264 1658 522 1695 inflammatos
542 1657 688 1694 bellum
716 1670 804 1694 cum
828 1655 1034 1693 Messeniis
1064 1655 1242 1705 gessisse,
1302 1655 1359 1692 Ac
1381 1653 1427 1691 de
1450 1653 1597 1690 Messe-

122 1732 182 1756 nae
211 1719 368 1769 quidem
397 1719 642 1771 possessione
662 1719 772 1770 plura
795 1718 853 1756 his
875 1718 950 1756 dici
980 1717 1146 1756 fortasse
1166 1724 1327 1768 queant,
1356 1717 1424 1754 sed
1446 1723 1485 1754 et
1508 1716 1593 1754 haec

123 1781 300 1819 sufficere
320 1781 492 1819 arbitror.

180 1844 241 1880 13.
272 1842 349 1885 Qui
370 1851 500 1881 autem
521 1842 708 1880 faciendae
736 1842 842 1893 pacis
864 1841 974 1879 nobis
1003 1849 1180 1879 auctores
1203 1847 1308 1885 sunt,
1338 1847 1484 1891 negant
1505 1840 1594 1878 viris

121 1904 361 1956 sapientibus
393 1905 494 1943 idem
523 1905 771 1943 sentiendum
794 1905 831 1942 in
860 1905 974 1942 rebus
995 1904 1177 1942 secundis
1206 1911 1245 1941 et
1264 1903 1452 1949 adversis,
1473 1903 1540 1941 sed
1571 1917 1593 1941 e

119 1978 160 2003 re
179 1974 272 2004 nata
291 1967 494 2004 consilium
517 1979 667 2017 semper
693 1966 922 2017 capiendum
943 1972 981 2003 et
1006 1967 1201 2004 fortunam
1228 1966 1467 2016 sequendam
1490 1978 1591 2011 esse,

121 2040 246 2078 neque
272 2028 359 2079 plus
393 2028 606 2065 animorum
641 2040 729 2064 esse
758 2034 938 2078 oportere
969 2040 1083 2076 quarn
1117 2027 1264 2072 virium,
1295 2040 1420 2077 neque
1448 2026 1591 2064 talibus

120 2090 355 2139 temporibus
376 2090 469 2140 quid
484 2090 633 2140 justum
651 2089 699 2127 sit
713 2089 781 2126 sed
803 2089 896 2140 quid
918 2089 1099 2140 expediat
1119 2089 1385 2139 quaerendum.

175 2153 238 2189 14.
270 2152 353 2202 Ego
375 2165 465 2189 vero
485 2152 590 2202 quod
620 2151 668 2189 ad
689 2158 831 2189 caetera
851 2151 1008 2201 quidem
1037 2152 1174 2189 attinet
1204 2164 1281 2189 non
1310 2164 1500 2202 repugno,
1520 2151 1590 2189 sed

116 2213 276 2263 justitiae
301 2214 589 2264 praeferendum
612 2212 690 2250 ulla
717 2226 764 2250 ex
784 2220 892 2263 parte
921 2226 1006 2250 esse
1028 2213 1171 2263 aliquid
1195 2226 1309 2251 nemo
1338 2213 1417 2250 ulla
1441 2213 1591 2250 ratione

120 2275 381 2326 persuadebit.
439 2275 540 2313 Nam
575 2282 613 2313 et
639 2275 745 2326 leges
777 2274 864 2312 ideo
894 2274 994 2313 latas
1027 2288 1113 2312 esse
1143 2274 1266 2320 video,
1297 2282 1336 2312 et
1361 2283 1589 2326 praestantes

119 2336 220 2374 viros
241 2337 314 2375 hoc
344 2337 414 2375 sibi
444 2337 550 2375 laudi
570 2337 725 2382 ducere,
747 2345 786 2374 et
807 2337 921 2374 urbes
942 2350 1029 2387 quae
1057 2337 1155 2375 bene
1174 2336 1438 2388 praeclareque
1465 2337 1589 2374 admi-

120 2398 329 2436 nistrantur
349 2399 384 2436 in
407 2398 478 2436 hoc
500 2399 662 2436 maxime
683 2398 860 2441 studere;
893 2405 1081 2449 praeterea
1100 2400 1342 2450 superiorum
1373 2407 1588 2449 temporum

121 2461 247 2498 omnia
268 2461 372 2498 bella
386 2474 453 2499 eos
469 2460 595 2499 exitus
616 2460 795 2498 habuisse
817 2474 894 2498 non
916 2461 980 2511 qui
1002 2474 1024 2498 a
1045 2460 1186 2499 viribus
1208 2461 1397 2498 duntaxat
1417 2460 1485 2497 sed
1507 2467 1546 2498 et
1566 2473 1589 2498 a

114 2522 266 2572 justitia
294 2523 533 2575 penderent:
565 2522 734 2572 denique
761 2523 877 2559 vitam
905 2522 1111 2560 humanam
1145 2522 1295 2559 interire
1325 2521 1497 2571 flagitiis,
1516 2522 1590 2559 vir-

122 2589 204 2621 tute
234 2585 467 2622 conservari.
538 2584 668 2627 Quare
697 2596 775 2621 non
809 2584 971 2634 abjectis
1005 2583 1141 2621 animis
1172 2596 1238 2620 eos
1266 2595 1351 2620 esse
1379 2582 1494 2620 decet
1525 2583 1589 2634 qui

115 2645 211 2696 juris
239 2646 296 2683 sui
318 2645 553 2684 defendendi
583 2659 703 2684 causa
732 2646 904 2697 pericula
930 2654 1022 2684 sunt
1041 2646 1204 2687 adituri;
1238 2644 1324 2682 illos
1356 2645 1488 2683 timere
1519 2647 1588 2684 sibi

120 2708 235 2746 decet
252 2708 314 2759 qui
341 2709 431 2747 elati
460 2709 637 2759 superbia
658 2722 717 2747 res
748 2709 942 2747 secundas
964 2708 1159 2746 moderate
1180 2707 1277 2745 ferre
1307 2720 1383 2745 non
1409 2716 1588 2759 possunt.

125 2769 276 2808 Deinde
313 2784 383 2809 nec
417 2771 510 2809 illud
550 2771 826 2822 negligendum
865 2778 935 2816 est,
975 2771 1080 2821 quod
1121 2770 1170 2808 de
1198 2771 1287 2819 jure
1324 2784 1457 2809 omnes
1496 2785 1586 2810 con-

123 2832 321 2877 sentimus,
351 2832 400 2869 de
430 2832 592 2870 utilitate
620 2833 827 2883 litigamus.
888 2833 1098 2882 Propositis
1132 2839 1261 2869 autem
1293 2832 1444 2870 duabus
1477 2834 1589 2871 rebus

121 2892 248 2936 bonis,
267 2905 428 2942 quarum
451 2893 573 2932 altera
604 2894 762 2932 evidens
783 2901 843 2931 est
875 2893 996 2930 altera
1022 2894 1204 2941 obscura,
1235 2906 1363 2931 nonne
1386 2894 1588 2932 ridiculum

121 2954 236 2992 suerit
270 2967 337 2992 vos
371 2962 513 2995 certam
554 2956 770 3007 repudiare,
809 2962 1095 2994 controversam
1127 2955 1224 2993 velle
1259 2956 1454 3006 amplecti,
1491 2969 1588 3006 prte-
