1870 3277
266 180 341 215 :336
561 177 676 214 {SA-31
712 177 782 214 DF.
818 176 1026 214 PYltliul
1062 176 1421 214 HEREDITATE.

264 287 352 328 post
369 291 390 316 a
405 291 571 329 quonam
596 279 832 317 Nicodemus
848 279 973 317 dotem
996 292 1062 329 pro
1075 290 1201 318 sorore
1217 280 1346 318 datam
1361 293 1587 331 sponsamve
1604 294 1711 318 recu-

265 340 404 390 perarit
435 347 521 390 post
539 353 742 379 excessum
770 341 864 390 ejus,
892 342 951 378 cui
981 354 1019 378 se
1048 342 1100 378 ait
1129 340 1231 379 illam
1262 341 1541 391 spopondisse:
1574 350 1654 386 aut,
1681 343 1710 378 si

265 401 391 438 dotem
420 414 507 439 cum
536 409 752 452 reposceret
780 415 1004 452 recuperare
1033 402 1157 439 minus
1182 402 1360 453 potuerit,
1382 414 1587 452 quamnam
1617 404 1712 440 intra

265 463 396 513 viginti
427 475 547 501 annos
577 464 764 501 actionem
796 463 829 500 in
860 477 945 500 eum
979 463 1187 502 intenderit
1209 464 1271 514 qui
1298 463 1433 515 Pyrrhi
1461 464 1710 503 hereditatem

263 531 340 561 tam
368 524 577 575 longinquo
599 532 766 575 ternpore
796 525 980 574 possedit,
1001 526 1079 563 sive
1106 526 1157 563 ita
1187 533 1226 563 ut
1247 538 1313 576 pro
1333 525 1422 563 dote
1447 532 1623 576 posceret
1642 527 1709 564 ali-

263 592 392 624 menta
412 587 492 636 ejus
520 586 683 623 foeminae
703 599 817 636 quam
847 586 913 623 rite
933 586 985 623 ait
1005 587 1237 638 desponsam
1263 587 1397 632 fuisse,
1417 587 1495 624 sive
1521 594 1564 624 ut
1582 587 1709 625 dotem

257 646 374 698 ipsam
397 654 633 698 reposceret:
664 654 851 698 praeterea
874 647 1012 685 doceto
1042 649 1292 693 Nicodemus‚
1325 661 1417 685 num
1449 648 1510 686 alii
1539 649 1705 700 cuipiam

261 722 428 747 sororem
463 723 570 748 suam
601 709 852 760 desponderit
883 710 960 747 sive
991 716 1080 748 ante
1109 718 1340 762 praetensam
1371 710 1474 748 illam
1508 710 1590 761 ejus
1621 724 1709 749 cum

262 769 409 822 Pyrrho
435 770 733 822 desponsionem
761 771 838 809 sive
866 771 980 809 etiam
1010 780 1110 822 post,
1138 773 1225 810 item
1256 786 1346 810 num
1378 773 1424 810 ab
1453 772 1517 810 illa
1541 772 1709 819 muliere,

260 839 398 882 praeter
425 831 534 870 istam
564 832 612 870 de
639 846 715 883 qua
744 846 844 870 nunc
869 832 993 883 agitur
1024 833 1153 877 filiam,
1175 833 1301 871 adhuc
1330 833 1391 870 alii
1419 846 1573 884 quoque
1602 834 1707 872 liberi

259 893 356 939 aliis,
375 894 406 931 si
424 895 489 944 qui
510 894 604 932 tales
626 902 727 939 suut,
749 894 916 944 legitime
937 894 1017 931 nati
1033 895 1186 932 fuerint.
1245 895 1342 933 Haec
1361 895 1465 932 vobis
1480 909 1525 933 ex
1542 896 1606 933 illo
1624 909 1705 946 per-

258 955 453 992 contanda
466 968 550 993 esse
569 955 800 1000 existimate,
821 967 944 1005 neque
964 953 1231 992 obliviscimini
1252 955 1299 993 de
1318 956 1470 994 victima
1490 956 1648 1007 nuptiali
1669 958 1704 994 in

259 1016 456 1065 phratoras
477 1016 580 1053 illata
603 1016 850 1066 interrogare.
907 1016 1186 1065 Argumentum
1207 1017 1308 1054 enim
1330 1017 1403 1055 hoc
1422 1023 1481 1055 est
1499 1030 1574 1055 non
1595 1018 1705 1056 levis-

259 1075 397 1113 simum
418 1076 602 1115 adversus
624 1077 737 1127 hujus
759 1076 1000 1127 [Nicodemi]
1022 1077 1292 1115 testimonium.
1349 1077 1511 1116 Planum
1531 1079 1632 1116 enim
1648 1087 1708 1117 est

256 1144 374 1187 atque
392 1139 649 1189 perspicuum,
672 1139 702 1176 si
723 1138 892 1190 Pyrrhus
912 1137 1042 1176 induci
1059 1139 1226 1189 potuerit
1240 1147 1282 1177 ut
1301 1139 1497 1177 mulierem
1518 1139 1617 1178 hanc
1636 1153 1705 1191 pro

260 1211 375 1236 uxore
393 1199 562 1249 legitima
583 1199 652 1237 sibi
669 1200 810 1238 sineret
828 1199 1071 1250 desponderi,
1091 1213 1291 1251 passurum
1312 1213 1464 1252 quoque
1484 1214 1570 1239 eum
1588 1201 1705 1240 fuisse

258 1273 298 1298 se
319 1260 457 1299 adduci
479 1269 520 1299 ut
541 1275 608 1312 pro
629 1275 674 1300 ea
694 1262 884 1301 victimam
911 1261 1121 1311 nuptialem
1149 1261 1186 1298 in
1206 1261 1404 1313 phratoras
1428 1262 1593 1308 inferret,
1614 1263 1704 1301 item

259 1328 303 1360 ut
322 1323 547 1374 filiam,quae
568 1336 613 1361 ex
628 1323 691 1362 illa
707 1323 862 1362 muliere
881 1323 953 1374 ipsi
972 1330 1062 1360 nata
1076 1323 1261 1374 proditur,
1277 1323 1314 1360 in
1335 1324 1491 1362 eosdem
1505 1324 1706 1376 phratoras

255 1383 454 1423 induceret
474 1399 540 1436 pro
564 1386 638 1423 filia
658 1386 728 1423 sibi
750 1386 915 1436 legitime
931 1392 1041 1428 nata:
1063 1385 1243 1435 denique,
1257 1398 1343 1423 cum
1360 1387 1612 1424 substantiam
1633 1387 1704 1424 tria

257 1445 404 1484 talenta
437 1447 626 1485 valentem
655 1447 824 1491 haberet,
854 1445 885 1483 si
919 1445 1087 1496 Pyrrhus
1120 1458 1248 1484 revera
1276 1446 1468 1484 mulierem
1500 1447 1603 1485 illam
1637 1461 1703 1498 pro

258 1506 428 1557 legitima
446 1522 562 1546 uxore
583 1509 684 1546 domi
704 1522 784 1546 suae
805 1507 1018 1553 habuisset,
1038 1508 1121 1558 ejus
1141 1508 1309 1554 nomine,
1329 1514 1373 1545 ut
1391 1509 1705 1554 matrisfamilias,

258 1577 450 1607 matronas
478 1569 699 1621 phratorum
724 1569 762 1606 in
788 1568 1099 1619 Thesmophoriis
1134 1569 1256 1619 epulis
1288 1569 1501 1619 genialibus
1531 1571 1704 1621 excipere

256 1629 406 1680 aliaque
437 1630 620 1668 nonnulla
651 1631 688 1667 in
721 1631 833 1668 demo
866 1632 953 1681 [seu
985 1629 1208 1680 municipio]
1235 1643 1305 1668 suo
1327 1643 1509 1681 peragere
1536 1638 1574 1669 et
1597 1631 1703 1682 fungi

255 1691 389 1730 munia
407 1691 619 1738 debuisset,
638 1705 724 1742 quae
748 1698 903 1730 vetusto
923 1691 995 1728 ritu
1016 1703 1083 1741 pro
1100 1691 1384 1730 matrefamilias
1404 1705 1426 1729 a
1447 1693 1593 1738 marito,
1609 1707 1703 1744 prae-

258 1752 386 1790 sertim
408 1767 428 1791 e
449 1767 489 1791 re
508 1760 586 1791 tam
605 1754 732 1804 ampla
752 1760 790 1791 et
809 1753 926 1797 lauta,
947 1753 1077 1803 peragi
1092 1760 1131 1790 et
1151 1753 1324 1803 praestari
1339 1753 1546 1792 debebant.
1583 1757 1704 1805 Atqui

256 1815 390 1852 horum
428 1815 596 1853 omnium
633 1815 725 1853 nihil
764 1816 908 1853 factum
947 1821 1017 1860 est,
1050 1813 1097 1851 de
1134 1828 1211 1865 quo
1242 1815 1338 1853 inter
1371 1828 1505 1853 omnes
1537 1825 1700 1854 constat.

257 1876 464 1916 Phratores
477 1879 556 1927 jam
573 1877 832 1915 testimonium
853 1877 1042 1914 dixerunt.
1101 1876 1369 1928 Accipitejam
1389 1877 1608 1915 testimonia
1634 1879 1700 1916 de—

258 1946 444 1978 metarum
464 1952 618 1990 quoque
634 1939 698 1990 qui
721 1938 867 1990 Pyrrho
885 1939 1078 1988 quondam
1099 1938 1266 1977 suerunt.

776 2023 1182 2063 TESTIMONIUM.
