1870 3277
584 187 655 225 DE
689 187 1141 226 PERMUTATloNE.
1518 185 1598 222 205

134 289 164 327 si
186 287 273 326 mihi
301 287 346 326 lis
372 287 635 330 intenderetur
662 289 715 328 rei
742 289 958 340 cujuspiam
983 289 1082 328 male
1111 295 1246 340 gestae,
1274 289 1313 325 in
1339 294 1595 339 conspectum

133 363 206 401 ego
234 356 403 388 vestrum
432 364 517 389 eam
541 350 677 390 afferre
703 363 779 389 non
804 363 975 401 possem,
1004 350 1073 388 sed
1098 351 1206 389 vobis
1233 362 1394 388 necesse
1419 355 1523 387 esset
1544 360 1596 386 ex

134 412 307 450 oratione
336 413 388 450 rei
416 419 593 451 naturam
621 412 854 463 conjecturis
882 419 1083 463 utcunque
1108 412 1333 463 indagatam
1364 410 1597 462 dijudicare:

133 486 251 525 quum
281 481 410 512 autem
439 475 630 512 orationes
663 487 760 511 meae
793 473 1012 525 culpentur,
1044 481 1139 525 puto
1171 487 1231 512 me
1259 473 1461 511 veritatem
1490 471 1598 510 vobis

134 534 340 574 dilucidius
366 536 645 586 expositurum.
702 535 813 586 Ipsas
837 536 939 574 enim
959 536 1065 575 vobis
1091 535 1295 574 ostendam
1325 541 1408 571 tum
1429 532 1552 571 dictas
1569 533 1601 582 ἴα

135 610 196 635 me
217 604 296 635 tum
320 597 497 648 scriptas,
527 603 568 634 ut
587 610 663 635 non
689 610 736 634 ex
754 597 934 648 opinione
955 598 1025 636 sed
1045 611 1092 635 ex
1111 604 1218 636 certa
1238 595 1461 647 cognitione
1479 594 1527 632 de
1547 594 1601 632 eis

129 658 330 709 judicetis.
373 659 433 696 Ac
449 671 583 695 omnes
599 658 754 708 quidem
771 659 940 710 integras
959 659 1121 697 recitare
1138 671 1215 697 non
1231 669 1413 710 possum;
1446 662 1601 706 tempus

136 721 235 758 enim
257 720 368 758 nobis
384 720 517 758 datum
539 720 720 771 exiguum
741 727 822 758 est:
854 721 921 758 sed
942 727 1125 772 tanquam
1147 720 1318 771 frugum,
1339 719 1395 757 sic
1410 718 1601 769 cujusque

136 782 331 833 specimen
362 780 559 832 quoddam
592 782 761 832 proferre
795 783 977 820 conabor.
1045 782 1171 821 Parva
1203 782 1303 819 enim
1332 786 1441 831 parte
1471 779 1604 817 audita

135 843 249 882 facile
281 850 363 881 tum
392 856 520 881 mores
549 856 654 882 meos
687 844 923 895 perspicietis
955 851 1039 882 tum
1071 843 1147 881 vim
1182 842 1401 881 orationum
1430 842 1603 879 omnium

136 905 396 956 cognoscetis.
455 905 568 955 Rogo
590 911 734 950 autem,
755 905 784 943 si
801 906 866 955 qui
886 918 933 943 ea
953 904 1135 956 quaejam
1158 902 1358 942 recitanda
1387 908 1479 940 sunt
1498 915 1603 953 saepe

137 967 331 1018 legerunt,
356 980 403 1004 ne
424 980 446 1004 a
466 980 526 1004 me
555 967 592 1005 in
613 967 818 1018 praesentia
840 979 979 1005 novum
1001 965 1149 1016 aliquid
1170 965 1377 1016 requirant,
1399 976 1525 1014 neque
1544 976 1605 1001 me

137 1028 398 1080 importunum
418 1036 622 1080 propterea
638 1027 871 1073 existiment,
889 1027 995 1078 quod
1014 1040 1079 1066 eas
1100 1027 1292 1079 proferam
1311 1025 1452 1077 quibus
1467 1032 1606 1063 vestrae

142 1103 252 1129 aures
266 1091 347 1141 jam
369 1090 457 1128 olim
477 1097 776 1142 personuerunt.
828 1090 929 1127 Nam
950 1089 981 1128 si
1001 1101 1066 1127 eas
1087 1087 1359 1127 ostentationis
1377 1099 1496 1125 causa
1515 1087 1609 1125 reci-

142 1160 275 1197 tarem,
290 1151 378 1202 jure
399 1151 472 1189 hoc
492 1151 647 1190 nomine
668 1151 992 1202 reprehenderer:
1023 1163 1128 1188 nunc
1148 1150 1185 1189 in
1201 1149 1392 1201 judicium
1413 1154 1452 1186 et
1472 1148 1606 1186 discri-

142 1226 230 1251 men
250 1220 412 1252 vocatus
439 1213 490 1251 ad
517 1214 621 1252 hunc
648 1212 805 1251 modum
833 1214 886 1251 eis
912 1213 965 1251 uti
994 1225 1127 1264 cogor.
1186 1210 1290 1255 Quid
1317 1210 1418 1248 enim
1439 1210 1564 1261 magis
1584 1222 1608 1249 a

142 1288 203 1314 me
227 1274 429 1313 ridiculum
461 1275 540 1313 fieri
566 1276 691 1326 possit
710 1287 828 1325 quam
856 1275 901 1320 si,
934 1287 1052 1326 quum
1079 1279 1283 1312 accusator
1307 1272 1531 1311 criminatus
1560 1271 1610 1310 sit

143 1349 202 1374 me
228 1335 423 1374 orationes
454 1336 622 1375 scribere
641 1349 729 1387 quae
761 1344 801 1374 et
829 1336 1051 1387 reipublicae
1078 1340 1248 1373 noceant
1273 1340 1314 1372 et
1340 1333 1609 1372 adolescentes

142 1406 402 1448 corrumpant,
423 1398 497 1435 alio
515 1398 631 1436 modo
647 1411 707 1436 me
727 1397 990 1443 defenderem,
1006 1410 1123 1448 quum
1139 1396 1182 1434 iis
1201 1396 1295 1447 ipsis
1315 1394 1476 1447 prolatis
1495 1394 1611 1433 liceat

144 1473 299 1498 omnem
326 1459 559 1498 calumniam
587 1459 779 1498 refutare?
820 1459 918 1497 Peto
941 1459 1058 1511 igitur
1085 1465 1130 1496 ut
1158 1465 1315 1509 propter
1342 1457 1428 1494 haec
1457 1456 1607 1495 veniam

144 1521 234 1558 mihi
254 1521 352 1559 detis
373 1527 411 1558 et
431 1520 628 1572 adjutores
649 1521 744 1559 sitis.
794 1520 1001 1559 Orationes
1019 1526 1149 1558 autem
1169 1519 1371 1557 absolvere
1392 1517 1610 1569 aggrediar,

142 1582 342 1634 paululum
363 1582 490 1620 adhuc
507 1582 705 1633 praefatus,
725 1589 767 1620 ut
786 1595 832 1620 ea
847 1595 936 1633 quae
956 1582 1146 1627 dicentur,
1166 1580 1316 1619 facilius
1337 1580 1611 1631 assequamini.

197 1636 263 1682 21.
294 1644 396 1682 Nam
415 1657 504 1695 quae
524 1643 648 1694 prima
667 1644 772 1682 vobis
802 1643 1030 1682 ostendetur
1050 1643 1095 1681 iis
1115 1649 1176 1681 est
1195 1642 1338 1693 scripta
1357 1642 1610 1693 temporibus,

142 1720 262 1758 quum
281 1705 567 1744 Lacedaemonii
586 1705 739 1744 Graecis
770 1705 1016 1756 imperarent,
1049 1711 1194 1743 nostrae
1225 1716 1315 1742 vero
1347 1716 1442 1754 opes
1473 1710 1612 1743 tenues

145 1775 290 1808 essent.
347 1768 537 1805 Hortatur
557 1774 683 1806 autem
708 1766 870 1805 Graecos
892 1766 941 1805 ad
963 1765 1248 1817 expeditionem
1268 1771 1402 1803 contra
1425 1766 1613 1805 barbaros

142 1829 444 1881 suscipiendam,
463 1835 604 1868 etcum
626 1828 930 1867 Lacedaemoniis
951 1828 1001 1866 de
1016 1827 1231 1879 principatu
1251 1826 1466 1864 contendit.
1524 1827 1614 1866 Hoc

143 1898 371 1943 argumento
409 1890 459 1928 ad
498 1890 743 1929 tractandum
779 1898 973 1941 suscepto,
1012 1889 1198 1940 quicquid
1234 1887 1392 1926 Graecia
1422 1889 1613 1927 bonorum

143 1953 299 1998 habeat,
321 1953 359 1991 id
387 1959 532 1990 nostrae
558 1952 641 1990 urbi
667 1960 871 2003 acceptum
902 1964 986 1989 esse
1017 1949 1261 1989 referendum
1287 1950 1466 1988 ostendo.
1523 1952 1613 1993 Quo

145 2022 274 2052 autem
295 2013 511 2052 evidentius
531 2013 784 2065 principatum
808 2020 950 2051 nostrae
972 2013 1073 2051 urbis
1100 2026 1185 2050 esse
1206 2012 1524 2059 demonstrarem,
1542 2013 1617 2051 dis-

146 2076 345 2128 putatione
366 2075 414 2114 de
434 2075 508 2113 illis
535 2076 731 2114 beneficiis
762 2075 920 2114 seorsim
941 2075 1130 2120 instituta,
1154 2075 1203 2113 ad
1225 2074 1328 2112 hunc
1347 2075 1428 2112 fere
1458 2075 1614 2114 modum

145 2152 231 2177 sum
260 2151 433 2184 exorsus,
453 2137 672 2189 reipublicae
694 2145 834 2175 nostrae
853 2144 1006 2188 propter
1027 2136 1166 2174 bellica
1185 2137 1356 2188 pericula
1380 2137 1468 2187 plus
1497 2137 1612 2175 etiam

145 2199 299 2238 honoris
320 2212 436 2249 quam
458 2200 507 2237 ob
533 2207 676 2237 caetera
694 2199 830 2236 merita
858 2198 1003 2236 deberi.
1062 2198 1253 2248 Equidem
1273 2198 1404 2249 putavi
1426 2198 1613 2249 meipsum

145 2262 219 2300 ista
238 2261 487 2299 recitaturum
505 2273 514 2298 :
546 2261 615 2298 sed
646 2273 705 2298 me
727 2266 907 2298 senectus
928 2259 1090 2310 impedit
1107 2259 1355 2310 animumque
1375 2260 1614 2312 despondere

146 2322 262 2373 cogit.
294 2322 354 2360 Ne
372 2322 486 2372 igitur
505 2335 662 2373 prorsus
678 2322 867 2367 deficiam,
882 2334 1002 2372 quum
1023 2320 1115 2358 mihi
1137 2321 1258 2359 multa
1271 2321 1438 2359 dicenda
1453 2328 1613 2368 restent,

146 2386 248 2422 facto
270 2397 292 2422 a
312 2390 405 2422 nota
424 2383 530 2422 initio
550 2397 595 2423 ea
615 2384 700 2436 lege
720 2398 809 2435 quac
830 2383 878 2422 de
897 2384 983 2435 ipso
1003 2382 1223 2434 principatu
1242 2384 1383 2435 scripta
1403 2390 1505 2422 sunt.

658 2510 690 2548 E
719 2510 1096 2549 PANEGYRICO.

192 2599 330 2628 Arbitror
345 2602 446 2627 antem
461 2597 595 2638 majores
608 2603 726 2628 nostros
742 2608 803 2628 non
820 2598 918 2628 minus
935 2598 975 2628 ob
993 2597 1128 2638 pericula
1141 2607 1233 2638 quam
1248 2602 1374 2639 propter
1389 2597 1450 2628 alia
1464 2597 1614 2630 beneficia

147 2662 213 2683 csse
230 2651 434 2682 honorandos.

493 2693 511 2710 ὓ
599 2694 616 2711 U
704 2695 723 2712 Q
811 2693 829 2712 C
917 2694 934 2711 ὃ
1024 2694 1043 2712 0
1131 2693 1149 2711 Ι
1238 2693 1255 2710 ἢ

148 2752 181 2777 et
195 2746 247 2787 qui
266 2750 328 2775 tuni
343 2756 396 2786 pro
414 2745 512 2775 salute
529 2745 664 2775 omnium
680 2745 709 2775 in
728 2745 825 2786 prima
842 2745 908 2775 acic
926 2745 1077 2779 stetimus,
1097 2754 1177 2774 nunc
1194 2743 1272 2773 alios
1289 2745 1375 2783 sequi
1393 2746 1560 2786 cogamur?

202 2822 267 2857 522.
298 2820 356 2857 Ac
370 2820 626 2871 principatum
644 2821 797 2872 quidem
820 2820 955 2858 merito
974 2827 1116 2857 nostrae
1137 2832 1221 2857 esse
1243 2819 1408 2859 civitatis
1435 2820 1549 2860 facile
1567 2835 1613 2860 ex

150 2882 195 2920 iis
213 2893 299 2932 quae
325 2880 491 2920 diximus
507 2890 780 2934 cognoscetur.
840 2881 1020 2932 Cogitate
1048 2881 1163 2931 igitur
1189 2894 1277 2919 cum
1307 2882 1442 2921 animis
1464 2885 1614 2926 vestris.

151 2955 443 2994 corrumperent:
464 2944 726 2984 adolescentes
749 2945 889 2990 videar,
910 2957 954 2982 an
980 2957 1068 2982 vcro
1087 2944 1134 2982 ad
1159 2945 1334 2984 virtutem
1358 2954 1393 2984 ct
1415 2947 1619 2984 subeunda
