1870 3277
213 153 290 189 ⁴236
807 151 1092 192 ISOCRATIS

213 266 341 291 earnm
363 266 451 303 quae
480 252 528 291 de
549 254 641 292 urbe
664 255 924 306 praedicantur
944 263 1090 306 partem
1119 254 1286 305 aliquam
1313 256 1532 302 conferunt,
1560 255 1681 294 hono-

213 327 295 352 rare
316 315 438 365 magis
456 328 571 366 quam
592 316 757 355 athletas
777 317 843 367 qui
863 317 900 354 in
914 317 1121 355 coronariis
1141 317 1330 367 agonibus
1345 317 1529 356 vincunt:
1560 317 1684 356 multo

213 376 315 412 enim
348 376 401 414 illi
432 376 664 428 pulcriorem
697 386 736 416 et
766 379 1118 417 convenientiorem
1152 377 1314 429 gloriam
1347 378 1431 416 urbi
1465 379 1682 429 acquirunt.

215 435 317 474 Nam
347 438 453 488 quod
483 441 618 477 attinet
646 439 695 477 ad
724 452 929 490 corporum
958 440 1138 478 exercitia
1167 440 1310 478 multos
1340 440 1586 478 aemulatores
1614 440 1684 478 ha-

212 498 362 544 bemus,
378 500 415 536 in
435 500 554 539 literis
569 513 655 539 vero
675 501 818 551 primas
839 502 969 539 cuncti
987 502 1097 539 nobis
1111 501 1305 539 deferunt.
1363 500 1532 552 Oportet
1551 501 1687 551 igitur,

215 558 245 596 si
265 560 330 610 qui
355 561 526 611 paullum
554 576 614 600 res
634 562 826 600 aestimare
846 563 993 608 valent,
1020 576 1104 609 eos,
1126 564 1191 614 qui
1217 562 1414 601 excellunt
1433 563 1477 600 iis
1497 563 1613 600 rebus
1634 563 1684 600 ob

215 634 314 671 quas
344 622 478 661 civitas
510 625 606 661 bene
626 624 748 670 audit,
775 624 977 663 manifeste
1006 625 1208 671 honorare,
1235 625 1379 663 nedum
1402 624 1478 662 illis
1499 624 1684 670 invidere,

215 695 342 732 neque
362 696 475 722 secus
498 697 542 722 ac
562 685 691 723 eoeteri
714 685 842 723 Graeci
863 687 988 724 solent
1000 686 1048 725 de
1068 686 1159 737 ipsis
1174 687 1397 725 decernere.
1455 686 1572 729 Quod
1587 699 1686 724 nun-

215 756 330 793 quam
353 745 462 783 vobis
495 746 602 784 cordi
622 746 718 784 suit?
749 747 817 785 sed
851 748 904 786 ita
924 748 972 786 ab
1002 748 1168 786 utilitate
1188 755 1315 786 vestra
1334 748 1535 786 aberrastis
1557 754 1600 785 ut
1620 760 1686 786 ea·

216 804 336 843 riores
357 807 534 845 habeatis
555 821 620 846 eos
635 821 703 860 per
723 822 822 859 quos
843 809 943 848 male
965 810 1120 856 auditis,
1135 823 1248 861 quam
1266 823 1332 861 per
1346 823 1443 860 quos
1458 808 1686 855 laudamini,

219 880 263 905 ac
293 869 413 919 magis
437 870 644 921 populares
671 884 738 909 eos
766 871 950 921 judicetis
972 871 1037 922 qui
1061 872 1098 910 in
1128 885 1248 910 causa
1273 878 1365 910 sunt
1391 879 1433 909 ut
1460 871 1570 910 multi
1598 872 1688 909 huic

217 928 301 965 urbi
323 930 401 968 sint
430 930 581 978 infensi,
610 945 727 983 quam
751 945 818 970 eos
851 933 916 984 qui
950 946 1083 971 omnes
1115 935 1347 985 quibuscum
1376 942 1576 973 versantur
1604 935 1689 973 urbi

218 993 441 1031 conciliant.
499 995 699 1045 Siquidem
720 996 837 1046 igitur
855 996 1002 1047 sapitis,
1016 997 1063 1034 ab
1078 996 1150 1034 hac
1164 998 1452 1048 perturbatione
1473 998 1690 1044 cessabitis,

218 1065 344 1104 neque
364 1062 408 1093 ut
427 1068 529 1093 nunc
549 1056 612 1094 alii
632 1057 788 1107 quidem
803 1057 947 1096 inimici
964 1058 1027 1096 alii
1041 1058 1282 1109 negligentes
1296 1061 1401 1098 eritis
1421 1059 1690 1111 philosophiae,

219 1116 289 1154 sed
310 1116 575 1157 existimantes
596 1119 711 1157 animi
732 1119 880 1158 cultum
902 1120 1199 1171 pulcherrimam
1219 1134 1302 1159 esse
1323 1129 1362 1159 et
1379 1121 1692 1160 honestissimam

218 1179 533 1230 occupationem,
562 1181 807 1220 hortabimini
834 1181 1119 1228 adolescentes,
1143 1183 1207 1234 qui
1233 1183 1440 1221 sufficienti
1460 1184 1692 1235 patrimonio

219 1247 310 1278 sunt
328 1242 479 1292 praediti
506 1256 550 1281 ae
571 1243 642 1281 sibi
662 1256 800 1281 vacare
827 1251 990 1294 queunt,
1011 1244 1061 1282 ad
1088 1243 1162 1282 hoc
1191 1244 1412 1282 exercitium
1433 1251 1473 1283 et
1492 1246 1690 1289 studium

218 1315 378 1353 eosque,
402 1305 467 1354 qui
487 1304 656 1343 laborem
679 1304 807 1343 subire
826 1305 962 1343 volunt
982 1318 1103 1356 seque
1123 1305 1235 1344 utiles
1250 1307 1335 1344 urbi
1355 1319 1592 1358 comparare,
1607 1307 1693 1358 plu-

220 1364 300 1402 rimi
322 1365 472 1404 facietis
491 1380 499 1410 ;
532 1367 597 1418 qui
617 1380 708 1404 vero
738 1367 889 1418 abjecte
911 1367 1044 1406 vivunt
1066 1380 1111 1406 ac
1132 1368 1225 1405 nihil
1246 1368 1351 1406 aliud
1371 1369 1543 1420 cogitant
1561 1370 1629 1408 nisi
1652 1376 1695 1407 ut

220 1427 334 1465 bonis
355 1428 426 1466 sibi
450 1428 590 1467 relictis
612 1429 807 1467 luxuriose
827 1429 1020 1475 fruantur,
1036 1443 1104 1468 eos
1123 1431 1388 1470 aversabimini
1404 1432 1694 1482 proditoresque

221 1488 327 1527 urbis
355 1496 394 1527 et
415 1489 599 1541 majorum
622 1490 1021 1541 gloriaejudicabitis:
1053 1492 1114 1529 vix
1141 1492 1257 1538 enim,
1278 1493 1309 1530 si
1340 1493 1395 1531 sic
1417 1494 1585 1545 sentient
1603 1505 1696 1544 erga

220 1558 403 1602 utrosque
424 1565 557 1590 eorum
577 1565 645 1590 vos
672 1551 847 1599 affectos,
867 1553 997 1591 volent
1019 1553 1192 1605 juniores
1214 1554 1400 1606 despecta
1419 1554 1567 1593 desidia
1587 1568 1696 1593 men-

221 1619 298 1650 tem
328 1613 398 1651 sibi
426 1620 464 1651 et
492 1613 750 1664 philosophiae
780 1614 995 1652 advertere.
1054 1615 1098 1652 In
1131 1615 1354 1654 memoriam
1385 1623 1563 1655 revocate
1596 1630 1696 1668 pree-

222 1675 402 1712 stantiam
425 1675 811 1727 magnitudinemque
832 1689 959 1714 rerum
982 1677 1030 1715 ab
1052 1676 1124 1716 hac
1148 1677 1301 1717 civitate
1322 1678 1611 1730 majoribusque
1633 1692 1699 1730 ge-

223 1741 385 1783 starum,
413 1743 452 1774 et
471 1736 672 1776 vobiscum
700 1738 771 1788 ipsi
792 1746 1093 1778 commemorate
1119 1753 1164 1778 ac
1185 1740 1444 1787 considerate,
1470 1741 1594 1792 qualis
1615 1748 1698 1781 erat

221 1803 260 1834 et
278 1810 355 1847 quo
375 1797 463 1835 loco
486 1804 599 1836 natus
627 1811 779 1850 quaque
808 1800 956 1839 ratione
987 1802 1186 1840 institutus
1211 1802 1243 1840 is
1266 1803 1334 1853 qui
1365 1802 1548 1854 tyrannos
1567 1804 1697 1855 ejecit,

221 1859 408 1910 populum
430 1860 601 1907 reduxit,
622 1869 660 1899 et
688 1861 906 1900 libertatem
933 1863 1158 1907 constituit;
1190 1864 1316 1915 qualis
1338 1864 1401 1903 ille
1428 1865 1494 1916 qui
1512 1865 1697 1904 barbaros

223 1920 272 1958 ad
295 1921 570 1961 Marathonem
598 1936 731 1974 pugna
749 1923 840 1962 vicit
863 1923 1101 1976 gloriamque
1120 1939 1168 1963 ex
1195 1925 1269 1964 hac
1288 1934 1438 1977 partam
1463 1927 1548 1964 urbi
1568 1927 1698 1978 acqui-

223 1983 336 2029 sivit;
364 1985 448 2034 quis
478 1992 518 2023 et
544 1985 575 2023 is
596 1993 702 2024 esset
729 1985 794 2036 qui
824 1992 915 2037 post
934 1986 1041 2024 illum
1069 1986 1232 2025 Graecos
1254 1987 1430 2026 liberavit
1455 1991 1699 2040 majoresque

225 2054 375 2084 nostros
407 2047 457 2085 ad
491 2047 746 2098 principatum
769 2054 807 2086 et
833 2048 1135 2087 dominationem
1166 2062 1282 2100 quam
1316 2044 1524 2088 tenuerunt
1555 2051 1700 2098 evexit,

226 2107 367 2158 quique
388 2116 572 2159 praeterea
586 2109 913 2160 opportunitatem
934 2109 1071 2147 Piraeei
1093 2111 1241 2148 notavit
1260 2117 1299 2147 et
1319 2111 1460 2149 moenia
1477 2111 1606 2150 invitis
1629 2112 1701 2150 La-

227 2169 476 2207 cedaemoniis
499 2170 582 2207 urbi
601 2170 863 2221 circumjecit;
892 2170 979 2221 quis
1001 2183 1094 2208 vero
1114 2170 1145 2208 is
1164 2171 1230 2221 qui
1249 2178 1337 2222 post
1356 2172 1459 2211 hunc
1480 2180 1642 2224 argento
1662 2181 1702 2212 et

227 2243 320 2269 auro
340 2244 469 2270 arcem
490 2231 698 2282 complevit
717 2232 928 2283 domosque
948 2232 1114 2283 privatas
1136 2245 1280 2284 magna
1299 2233 1410 2284 copia
1432 2240 1471 2271 et
1490 2234 1632 2273 divitiis
1647 2236 1713 2273 in-.

227 2293 393 2331 struxit:
425 2293 625 2331 invenietis
647 2299 789 2340 autem,
803 2294 834 2331 si
853 2293 924 2332 hos
945 2294 1118 2345 singulos
1136 2295 1399 2346 perpendetis,
1421 2309 1498 2333 non
1512 2309 1558 2334 ex
1573 2296 1702 2336 classe

227 2369 360 2394 eorum
379 2356 497 2394 fuisse
519 2356 585 2407 qui
606 2356 744 2407 ignave
766 2356 898 2394 vivunt
913 2363 979 2395 aut
993 2357 1291 2409 sycophantiose
1311 2371 1438 2410 neque
1458 2359 1601 2398 similes
1621 2373 1703 2400 ma-

221 2418 297 2470 jori
317 2417 456 2456 civium
477 2430 638 2456 numero
657 2430 726 2456 eos
746 2418 812 2468 qui
831 2418 917 2456 haec
936 2426 1150 2470 patrarunt,
1167 2420 1236 2458 sed
1252 2427 1484 2472 praestantes
1503 2429 1542 2459 et
1561 2423 1702 2474 primos

228 2493 305 2518 non
325 2479 449 2518 solum
467 2479 667 2518 nobilitate
687 2486 727 2517 et
743 2479 860 2526 fama,
873 2492 1006 2518 verum
1028 2481 1143 2519 etiam
1161 2481 1368 2533 prudentia
1383 2489 1423 2520 et
1440 2483 1607 2534 eloquio,
1619 2497 1702 2522 om-

230 2543 334 2580 nium
353 2543 542 2580 bonorum
557 2548 739 2580 auctores
759 2541 965 2579 exstitisse.
1024 2542 1123 2586 Quae
1136 2543 1272 2581 animis
1287 2550 1527 2594 reputantes,
1544 2558 1701 2596 aequum

230 2611 303 2649 est,
325 2616 392 2641 vos
411 2603 518 2653 quod
539 2602 763 2654 quidemad
784 2602 936 2654 plebem
957 2604 1109 2650 attinet,
1130 2604 1205 2643 hoc
1226 2617 1361 2643 curare
1383 2612 1426 2643 ut
1445 2605 1483 2643 in
1504 2607 1636 2646 causis
1651 2607 1702 2646 de

228 2665 387 2716 privatis
409 2665 573 2716 negotiis
598 2665 663 2716 jus
690 2667 804 2702 'suum
826 2664 1027 2703 obtineant
1047 2672 1164 2716 atque
1195 2666 1231 2703 in
1255 2666 1415 2704 aliorum
1435 2669 1700 2707 communium

231 2727 421 2764 bonorum
447 2732 596 2777 partem
616 2725 795 2770 veniant;
827 2739 894 2765 eos
916 2733 1046 2765 autem
1074 2727 1139 2778 qui
1161 2734 1299 2766 natura
1323 2734 1362 2766 et
1381 2728 1586 2780 disciplina
1603 2743 1702 2782 praeu

233 2795 339 2826 stant
349 2787 491 2838 quique
508 2787 607 2826 tales
623 2788 702 2826 fieri
719 2789 907 2836 nituntur,
920 2789 1140 2840 complecti,
1155 2789 1344 2828 honorare
1357 2796 1395 2828 et
1407 2790 1549 2839 colere,
1560 2793 1704 2845 quippe

233 2849 296 2900 qui
317 2848 448 2887 sciatis
469 2848 517 2887 ad
538 2849 673 2900 pulcra
685 2856 723 2888 et
743 2850 927 2902 praeclara
942 2850 1114 2890 facinora
1133 2849 1251 2890 duces
1270 2864 1310 2890 se
1327 2852 1514 2903 praebere,
1531 2854 1664 2893 urbem
1681 2870 1702 2894 e
