1870 3277
278 174 350 209 37¹2
940 174 1052 210 ISAEl

275 280 362 318 loco
388 279 692 318 benevolentiam
714 287 883 319 mutuam
915 282 1083 334 injicere,
1104 296 1190 321 cum
1211 284 1340 323 videas
1360 298 1439 332 eos,
1453 289 1516 338 qui
1543 288 1606 325 tibi
1627 289 1715 326 olim

274 343 412 381 inimici
427 342 604 390 fuissent,
625 344 835 382 carrissima
853 345 921 383 sibi
939 347 1098 397 pignora
1112 347 1180 384 tibi
1199 347 1367 385 credere.
1423 348 1613 400 Quicquid
1633 351 1714 401 ejus

273 411 347 448 est,
369 405 447 442 sive
463 406 576 456 culpa
590 419 708 456 penes
731 406 911 456 Eupolin,
927 407 1004 445 sive
1019 420 1137 458 penes
1158 408 1433 458 Apollodorum
1454 410 1537 453 fuit,
1557 411 1632 448 sive
1653 411 1715 448 ille

275 465 390 504 filium
408 467 498 505 dare
514 468 633 505 noluit
654 468 701 506 ad
723 469 892 506 uxoriam
913 470 1186 515 conditionem,
1207 471 1285 507 sive
1300 470 1360 508 hic
1379 470 1545 508 oblatam
1563 484 1713 510 recusa-

274 529 338 575 vit,
356 531 494 568 mansit
513 532 645 579 utique
662 531 758 569 inter
779 544 844 569 eos
864 531 1048 579 simultas,
1068 540 1108 571 ut
1127 546 1187 570 res
1204 533 1285 584 ipsa
1304 533 1448 571 docuit.

328 593 364 628 3.
395 592 536 630 Verum
558 593 604 630 de
626 592 774 630 illorum
796 593 951 643 quidem
983 594 1175 632 simultate
1205 595 1296 632 satis
1325 595 1414 631 mihi
1434 595 1565 633 videor
1592 595 1712 634 disse-

275 653 407 690 ruisse.
465 655 603 692 Certus
636 654 735 692 enim
768 667 865 699 sum,
887 662 1051 692 vestrum
1080 669 1231 706 quoque
1265 663 1456 707 quotquot
1485 663 1598 695 aetate
1630 665 1717 695 sunt

272 716 525 765 provectiores
546 717 765 755 meminisse
787 717 913 755 adhuc
934 719 1126 756 actionum
1152 719 1358 757 forensium
1384 721 1521 770 quibus
1552 720 1602 757 illi
1631 734 1715 759 sese

271 784 406 814 mutuo
424 778 684 828 exagitarunt:
715 792 800 816 nani
831 786 869 817 et
897 781 1122 831 magnitudo
1149 781 1467 832 postulationum,
1488 788 1526 819 et
1546 782 1714 820 victoriae

271 837 372 875 fama
391 852 467 889 qua
487 840 755 878 Archedamus
777 841 943 892 Eupolin
959 842 1132 893 perculit,
1151 855 1263 892 quem
1285 843 1413 880 multis
1434 849 1547 893 atque
1568 849 1643 880 tam
1661 843 1715 880 lu—

270 899 433 937 culentis
456 901 574 939 modis
604 910 645 940 ut
674 910 804 941 contra
835 904 980 942 hiscere
1012 905 1188 954 nequiret
1213 904 1494 950 condemnavit,
1516 906 1711 943 hominum

270 962 402 1000 oculos
421 965 621 1001 convertit.
679 965 916 1015 Adoptatum
932 973 1057 1004 autem
1075 979 1134 1003 me
1150 978 1218 1017 pro
1230 967 1305 1004 filio
1322 979 1405 1004 esse
1422 968 1469 1004 ab
1482 967 1713 1019 Apollodoro

270 1023 396 1061 adhuc
412 1025 518 1062 salvo
539 1033 577 1063 et
596 1026 746 1064 valente
765 1027 1026 1078 scriptumque
1045 1029 1231 1065 bonorum
1251 1028 1332 1079 ejus
1359 1027 1552 1072 heredem,
1573 1028 1715 1066 codici÷

270 1084 417 1136 busque
435 1093 472 1123 et
491 1095 741 1137 gennetarum
767 1095 806 1126 et
830 1088 1048 1139 phratorum
1071 1090 1309 1141 inscriptum,
1330 1089 1512 1140 accingor
1542 1102 1643 1127 nunc
1673 1096 1717 1127 ut

269 1146 439 1186 doceam.
471 1149 586 1192 Quod
602 1150 753 1188 facienti
770 1150 859 1188 mihi
879 1159 921 1189 ut
936 1163 1045 1189 aures
1060 1152 1259 1202 praebeatis
1275 1152 1460 1203 benignas
1476 1158 1716 1203 mentemque

268 1215 466 1255 attentam,
483 1211 597 1250 etiarn
616 1220 730 1262 atque
748 1212 860 1250 etiam
882 1225 986 1264 rogo.
1031 1213 1270 1265 Apollodoro
1288 1213 1388 1250 filius
1408 1219 1500 1258 erat,
1519 1225 1631 1263 quem
1646 1225 1716 1264 pa-

269 1276 338 1316 ter,
359 1277 401 1309 ut
420 1285 487 1322 par
505 1280 598 1319 erat,
620 1281 660 1312 et
678 1274 877 1312 erudiebat
897 1282 934 1312 et
961 1275 1129 1320 fovebat,
1151 1287 1308 1327 sperans
1340 1274 1421 1312 fore
1446 1274 1654 1325 aliquando
1673 1281 1717 1312 ut

268 1331 349 1382 ipse
367 1333 443 1371 vita
457 1335 647 1373 excedens
668 1349 752 1374 eum
773 1336 953 1374 heredem
974 1338 1158 1375 bonorum
1180 1349 1332 1374 suorum
1354 1344 1441 1388 post
1461 1349 1503 1374 se
1524 1336 1716 1387 relinque-

270 1402 347 1435 ret:
377 1407 506 1433 verum
526 1395 590 1434 ille
612 1396 710 1435 filius
733 1398 821 1434 anni
843 1397 1002 1449 proximi
1023 1397 1227 1449 superioris
1249 1411 1379 1435 mense
1401 1397 1714 1436 Maemacterione

268 1456 399 1494 morbo
415 1456 594 1495 decessit.
627 1458 682 1496 lbi
701 1465 809 1510 pater
829 1459 1027 1510 praesentis
1049 1457 1241 1496 infortunii
1261 1459 1487 1510 aegritudine
1509 1459 1714 1510 depressus

267 1525 307 1557 et
325 1520 371 1558 de
391 1520 531 1561 affecta
550 1530 665 1561 aetate
685 1536 754 1561 sua
773 1523 980 1574 desperans
1008 1525 1071 1574 [ut
1099 1522 1279 1561 alieniore
1310 1536 1332 1560 a
1360 1536 1427 1574 spe
1457 1535 1566 1560 novae
1596 1522 1712 1573 prolis

263 1582 550 1633 suscipiendae],
569 1597 644 1622 non
661 1584 802 1622 oblitus
824 1598 846 1622 a
865 1585 1004 1635 quibus
1026 1589 1129 1622 esset
1149 1596 1171 1621 a
1191 1584 1376 1635 principio
1395 1584 1591 1622 beneficiis
1605 1596 1716 1621 orna-

266 1649 340 1689 tus,
362 1643 412 1681 ad
431 1651 587 1683 matrem
608 1656 745 1691 meam,
769 1657 935 1684 sororem
962 1658 1085 1692 suam,
1105 1658 1220 1696 quam
1241 1644 1392 1696 plurimi
1420 1645 1598 1690 faciebat,
1618 1644 1713 1683 adiit

265 1705 314 1742 ab
332 1717 456 1757 eaque
484 1706 593 1757 petiit
619 1713 662 1745 ut
689 1719 749 1745 me
770 1706 840 1745 sibi
859 1707 979 1745 filium
997 1707 1128 1751 daret;
1155 1713 1194 1744 et
1212 1707 1357 1758 rogatis
1374 1706 1518 1758 potitus
1537 1706 1588 1744 ita
1604 1705 1713 1744 festi-

265 1767 370 1805 navit
388 1768 584 1819 negotium
609 1768 682 1807 hoe
703 1781 900 1820 peragere,
919 1776 962 1807 ut
982 1768 1110 1806 statim
1137 1780 1198 1806 me
1218 1781 1350 1806 secum
1368 1768 1407 1805 in
1427 1768 1583 1806 domum
1603 1779 1711 1806 suam

263 1828 472 1868 deduceret
490 1837 687 1882 totamque
707 1843 815 1869 suam
830 1843 909 1869 rem
930 1830 1155 1869 familiarem
1169 1829 1260 1868 mihi
1280 1829 1620 1868 administrandam
1637 1835 1712 1868 tra·

264 1889 384 1937 deret,
398 1892 509 1942 quasi
528 1892 611 1944 ipse
630 1893 710 1943 jam
734 1891 940 1931 defunctus
959 1891 1182 1943 hujusmodi
1201 1892 1302 1930 curis
1323 1898 1361 1930 et
1380 1892 1514 1943 impar,
1531 1904 1603 1942 ego
1622 1904 1712 1929 vero

262 1951 425 1991 idoneus
453 1965 580 1991 essem
609 1953 699 1991 nihil
731 1967 808 1992 non
836 1967 963 2005 agere.
1021 1954 1210 1992 Veniente
1236 1960 1317 1991 tum
1344 1953 1630 2005 Thargeliorum
1653 1953 1713 1992 die

264 2013 364 2051 festo
379 2014 598 2055 adducebat
616 2027 678 2054 me
700 2016 749 2054 ad
769 2019 956 2067 gennetas
981 2021 1021 2053 et
1046 2016 1260 2067 phratoras,
1281 2022 1320 2053 et
1339 2028 1468 2053 coram
1483 2028 1549 2053 ara
1568 2014 1712 2053 consti-

263 2077 405 2114 tuebat.
462 2077 533 2115 Est
560 2085 687 2116 autem
715 2077 789 2116 illis
817 2077 856 2115 in
885 2090 988 2115 more
1016 2077 1199 2129 positum,
1218 2083 1261 2114 ut
1293 2077 1512 2128 quicunque
1534 2076 1653 2114 filium
1673 2075 1712 2114 in

264 2143 492 2175 conventum
514 2151 644 2176 eorum
665 2138 822 2176 inducat
841 2138 918 2176 sive
938 2151 986 2176 ex
1006 2139 1090 2189 ipso
1109 2145 1240 2176 natum
1262 2139 1339 2176 sive
1360 2139 1585 2189 adoptatum
1608 2141 1711 2185 (nam

263 2198 478 2248 promiscue
492 2199 528 2236 id
543 2199 755 2249 habent),is
769 2213 836 2252 per
851 2212 960 2240 sacra
971 2200 1076 2251 juret
1089 2199 1193 2238 illum
1212 2212 1234 2237 a
1246 2213 1284 2238 se
1300 2200 1418 2237 filium
1435 2199 1563 2238 induci
1579 2206 1712 2238 natum

262 2261 386 2309 ecive
405 2261 536 2300 Attica
555 2270 592 2300 et
606 2263 777 2314 legitimo
796 2263 931 2307 modo;
952 2269 1030 2301 tam
1050 2263 1087 2299 in
1109 2262 1292 2314 adoptato
1310 2262 1398 2308 hoc,
1411 2269 1454 2300 ut
1473 2262 1565 2306 dixi,
1586 2263 1714 2300 obser-

262 2328 371 2360 vatur
385 2323 551 2376 quamin
571 2325 758 2376 genuino:
787 2338 874 2375 quae
889 2324 1039 2363 tametsi
1059 2331 1168 2376 pater
1186 2324 1373 2362 inducens
1393 2323 1525 2375 egerit,
1541 2322 1594 2361 illi
1615 2322 1711 2360 nihi·
1728 2317 1730 2321 ’

262 2383 426 2424 lominus
447 2392 574 2424 tamen
596 2399 728 2425 omnes
748 2393 786 2424 et
804 2386 946 2437 singuli
964 2386 1002 2423 in
1022 2385 1204 2438 suffragia
1222 2393 1334 2429 eunt;
1364 2392 1402 2423 et
1422 2385 1499 2429 ubi,
1516 2383 1581 2436 qui
1600 2384 1711 2421 indu-

260 2454 347 2485 ctus
366 2454 438 2495 est,
458 2448 633 2487 omnibus
648 2447 750 2488 visus
765 2447 879 2486 fuerit
898 2447 1158 2485 admittendus
1178 2459 1277 2494 esse,
1294 2454 1375 2485 tum
1395 2446 1564 2492 demum,
1585 2457 1710 2496 neque

262 2508 385 2556 citius,
407 2510 444 2548 in
464 2520 703 2550 communem
738 2510 912 2549 codicem
944 2510 1174 2548 inscribitur.
1231 2511 1325 2548 Tam
1355 2509 1558 2561 diligenter
1577 2514 1615 2546 et
1631 2513 1709 2545 tam

263 2582 393 2610 severe
411 2572 465 2610 illi
479 2573 570 2624 jura
590 2586 660 2612 sua
678 2579 845 2613 tuentur.
875 2571 1079 2610 Phratores
1100 2572 1216 2623 igitur
1235 2571 1462 2626 Apollodori
1481 2577 1597 2621 atque
1617 2583 1711 2621 gen-

258 2640 370 2680 netae,
390 2634 496 2673 haud
516 2636 755 2674 immemores
777 2633 889 2687 hujus
907 2633 1004 2688 legis
1024 2647 1139 2685 penes
1169 2647 1210 2673 se
1237 2633 1399 2679 usitatae,
1420 2639 1457 2671 et
1473 2631 1711 2684 Apollodoro

261 2695 364 2737 haud
381 2694 601 2736 diffidentes
620 2698 822 2750 ipsumque
841 2705 902 2735 me
921 2695 1025 2735 haud
1042 2695 1216 2747 ignotum
1238 2695 1308 2734 sibi
1325 2694 1527 2741 habentes,
1539 2693 1607 2732 sed
1620 2693 1713 2731 certi

262 2767 309 2794 ex
332 2757 558 2808 Apollodori
577 2772 707 2800 sorore
728 2772 787 2797 me
808 2765 953 2806 natum,
971 2757 1077 2797 haud
1098 2757 1215 2795 dubio
1235 2755 1497 2808 suffragiorum
1517 2767 1710 2793 consensu

262 2817 475 2859 decernunt
495 2834 627 2859 omnes
647 2834 784 2860 nomen
805 2820 1186 2860 meumincommuni
1199 2820 1331 2859 codice
1344 2817 1600 2863 scribendum,
1621 2830 1708 2855 cum

258 2871 323 2917 ille
341 2880 452 2919 solito
473 2894 574 2921 more
594 2896 662 2934 per
678 2895 787 2922 sacra
801 2881 1022 2935 dejerasset.
1064 2880 1151 2920 Hoc
1170 2889 1242 2934 ego
1263 2887 1379 2934 pacto
1398 2880 1446 2919 ab
1466 2878 1713 2932 Apollodoro

257 2933 384 2979 adhuc
405 2944 606 2992 superstite
626 2951 664 2982 et
682 2944 782 2982 bene
801 2943 953 2983 valente
985 2941 1039 2981 fui
1069 2942 1169 2982 filius
1197 2942 1417 2994 adoptatus,
1438 2949 1476 2980 et
1495 2941 1534 2980 in
1566 2939 1703 2979 codice
