1870 3277
743 167 815 205 DE
847 167 1003 205 PACE.
1533 171 1604 208 117

143 269 275 314 tinent,
297 267 391 306 etin
410 267 513 318 quod
544 269 738 308 intuentes
770 281 904 308 omnes
938 276 1082 308 nostrae
1113 271 1218 308 urbis
1244 271 1414 311 actiones
1444 273 1606 324 probare

143 331 341 369 debemus.
400 330 518 377 Nam,
539 331 570 369 si
591 331 800 369 maledicta
819 332 960 382 quibus
982 346 1085 371 nunc
1101 332 1279 383 'petimur
1297 336 1558 387 exstinguere,
1576 337 1607 374 si

143 393 342 431 temeraria
371 392 476 431 bella
508 393 647 443 sopire,
670 393 701 430 si
726 393 985 445 principatum
1013 401 1200 445 perpetuo
1227 401 1358 433 tenere
1389 396 1605 442 studemus,

141 452 247 491 nulla
275 453 385 492 nobis
406 454 607 504 tyrannica
629 453 789 505 imperia
809 461 849 492 et
869 461 1083 505 potestates
1105 463 1195 493 sunt
1214 455 1459 501 affectandae,
1481 458 1607 495 consi-

140 515 284 553 deratis
314 515 598 554 calamitatibus
621 528 709 567 quae
742 515 834 555 inde
861 517 1080 568 capiuntur,
1105 525 1144 555 et
1169 531 1331 570 regnum
1358 519 1605 558 Lacedaemo-

139 578 289 616 niorum
324 579 551 617 imitandum
589 586 706 629 atque
745 579 1037 619 aemulandum:
1085 594 1249 632 quorum
1289 583 1446 633 regibus
1484 584 1606 622 minor

141 638 391 691 delinquendi
420 647 592 691 potestas
619 647 682 678 est
713 653 828 692 quam
856 640 1078 680 hominibus
1105 643 1289 693 privatis;
1333 650 1442 681 tanto
1475 650 1604 682 autem

141 702 330 741 feliciores
362 710 453 740 sunt
484 703 530 741 iis
564 702 630 754 qui
662 702 697 740 vi
726 709 863 741 tenent
894 703 1063 753 imperia,
1096 710 1140 741 ut
1170 710 1417 755 tyrannorum
1447 705 1604 755 quidem

139 763 448 802 interfectoribus
464 764 634 802 maxima
652 764 811 815 praemia
832 763 984 814 publice
1004 764 1214 803 constituta
1230 765 1321 810 sint,
1335 779 1403 816 pro
1423 765 1497 804 illis
1514 779 1606 805 vero

138 824 202 875 qui
218 831 377 863 mortem
396 825 435 862 in
455 825 597 876 praeliis
619 831 798 876 oppetere
816 825 996 863 dubitant
1024 825 1360 876 ignominiosiores
1389 827 1607 865 habeantur

139 898 254 937 quam
293 886 360 936 qui
395 885 648 925 deseruerunt
680 886 834 925 ordines
868 893 934 924 aut
968 886 1124 937 clypeos
1158 887 1396 938 abjecerunt.
1465 887 1608 939 Operae

137 948 301 999 pretium
322 947 438 999 igitur
464 955 524 987 est
552 948 667 986 talem
696 955 877 999 expetere
903 948 1173 999 principatum.
1231 948 1289 987 Ea
1321 955 1453 987 autem
1480 962 1607 987 rerum

136 1016 353 1048 nostrarum
384 1017 522 1049 natura
540 1017 601 1048 est
626 1016 669 1048 ut
689 1022 711 1048 a
730 1009 882 1048 Graecis
901 1009 1086 1048 honorem
1114 1022 1201 1048 eum
1220 1023 1520 1062 consequamur,
1541 1011 1607 1062 qui

137 1071 337 1122 Spartanis
357 1071 514 1122 regibus
534 1084 558 1110 a
590 1071 740 1110 civibus
769 1071 950 1118 habetur,
971 1072 1001 1109 si
1021 1078 1185 1109 vestram
1206 1072 1418 1123 potentiam
1449 1085 1526 1110 non
1558 1072 1607 1110 ad

135 1132 426 1184 opprimendam
467 1133 536 1171 sed
575 1133 625 1171 ad
667 1133 974 1171 conservandam
1013 1132 1208 1172 Graeciam
1249 1134 1442 1184 pertinere
1479 1133 1606 1172 existi-

138 1194 289 1232 marint.

189 1257 254 1292 48.
284 1254 366 1292 Etsi
400 1262 528 1292 autem
563 1255 612 1292 de
642 1255 718 1292 hoc
753 1261 981 1305 argumento
1012 1262 1051 1293 et
1089 1255 1211 1293 multa
1250 1263 1290 1294 et
1321 1255 1488 1294 honesta
1528 1257 1606 1296 dici

137 1322 311 1367 possent,
330 1322 465 1353 tamen
491 1322 533 1353 ut
562 1315 716 1354 dicendi
735 1315 853 1354 finem
881 1316 1020 1354 faciam
1041 1323 1205 1367 utraque
1228 1329 1288 1355 me
1314 1317 1539 1363 admonent,
1568 1327 1607 1357 et

134 1376 319 1415 orationis
348 1376 552 1428 longitudo
580 1383 620 1415 et
648 1389 837 1414 annorum
869 1390 1039 1415 meorum
1071 1377 1307 1415 multitudo:
1336 1378 1605 1418 adolescentes

135 1444 263 1476 autem
281 1444 319 1475 et
338 1450 405 1488 per
420 1443 573 1475 aetatem
590 1450 650 1475 me
670 1438 903 1476 robustiores
923 1451 1062 1476 moneo
1082 1446 1120 1476 et
1140 1439 1271 1477 hortor
1292 1445 1336 1477 ut
1353 1453 1400 1478 ea
1414 1447 1453 1477 et
1472 1440 1604 1478 dicant

133 1506 174 1537 et
189 1499 370 1544 scribant,
391 1499 531 1549 quibus
548 1499 725 1537 maximae
745 1501 860 1538 urbes
880 1506 920 1538 et
939 1500 1023 1538 aliis
1044 1513 1184 1539 nocere
1208 1499 1331 1538 solitae
1351 1501 1401 1539 ad
1424 1501 1603 1539 virtutem

134 1561 375 1613 etjustitiam
395 1561 624 1605 incitentur;
656 1575 744 1600 nam
770 1562 810 1600 in
830 1562 946 1603 rebus
968 1562 1137 1601 Graeciae
1156 1561 1339 1601 secundis
1361 1562 1600 1601 eruditorum

134 1625 249 1662 etiam
264 1622 464 1662 hominum
485 1636 546 1662 res
567 1624 690 1663 multo
705 1625 785 1663 fieri
807 1624 983 1663 meliores
1002 1631 1303 1663 consueverunt.
