1870 3277
723 509 1264 566 ISOCRATIS

610 648 652 694 A
692 647 812 696 Rc
852 649 1120 698 HIDA
1160 651 1213 698 M
1253 651 1381 698 US.

786 842 1186 880 ARGUMENTUM

712 920 960 953 INCERTO
999 922 1263 955 AUCTORE.

302 988 378 1020 Post
394 999 528 1031 pugnam
547 989 739 1021 Leuctricam
756 989 898 1020 Thebani
916 990 1173 1022 Lacedaemonem
1191 992 1389 1022 incursabant
1412 998 1444 1022 ct
1470 992 1574 1022 multis
1591 992 1730 1023 cladibus

259 1039 445 1076 afficiebant,
461 1042 542 1071 adeo
559 1046 591 1071 ut
607 1041 853 1072 Lacedaemoniis
877 1043 1010 1073 subinde
1036 1043 1226 1084 fugientibus
1252 1054 1360 1074 uxores
1385 1045 1510 1074 tandem
1536 1050 1731 1075 occurrentes

256 1090 405 1125 dicerent,
422 1090 576 1131 Nunquid
598 1092 703 1122 denuo
722 1102 777 1122 vos
795 1092 826 1122 in
840 1097 942 1122 uteros
959 1092 1093 1133 recipere
1110 1093 1294 1133 possumus?
1344 1092 1455 1134 Itaque
1473 1094 1504 1124 in
1522 1094 1639 1124 hostem
1657 1105 1730 1126 con-

256 1143 336 1172 versi
351 1143 390 1171 ad
407 1142 600 1172 Mantineam
618 1143 773 1179 vicerunt,
789 1143 827 1172 ab
851 1143 991 1183 equitatu
1020 1142 1259 1173 Atheniensium
1289 1149 1413 1173 strenue
1436 1144 1546 1185 adjuti.
1592 1144 1669 1175 Post
1685 1156 1731 1175 res

256 1193 295 1223 ad
315 1192 508 1222 Mantineam
526 1199 627 1233 gestas
645 1204 699 1233 per
717 1193 833 1234 legatos
850 1204 868 1222 a
883 1193 1038 1224 Thebanis
1055 1204 1163 1234 pacem
1180 1194 1314 1233 petiere:
1341 1195 1392 1235 qui
1409 1206 1440 1225 se
1456 1195 1540 1225 illam
1558 1195 1681 1225 daturos
1695 1206 1732 1225 ea

255 1244 433 1275 conditione
451 1246 665 1285 promiserunt,
678 1245 701 1275 si
719 1245 899 1275 Messenam
915 1245 1116 1276 instaurarent
1133 1251 1163 1276 et
1179 1246 1304 1277 liberam
1319 1257 1386 1277 csse
1404 1253 1590 1287 paterentur.
1637 1247 1729 1283 Quod

257 1306 351 1336 quum
368 1296 418 1326 alii
432 1304 493 1325 non
510 1297 717 1326 recusandum
734 1301 909 1332 censerent,
933 1296 1142 1327 Archidamus
1161 1297 1266 1337 junior
1294 1298 1482 1328 adversatur.
1531 1297 1602 1327 Hoc
1626 1305 1728 1328 autern

257 1347 382 1376 minoris
408 1345 591 1377 Archidami
618 1357 715 1388 genus
739 1352 805 1378 est:
831 1347 1048 1384 Zeuxidamus,
1075 1347 1295 1384 Archidamus,
1323 1348 1413 1389 Agis,
1430 1349 1605 1389 Agesilaus,
1628 1359 1645 1379 c
1669 1360 1732 1390 quo

258 1403 348 1428 natus
369 1402 416 1428 est
434 1397 484 1427 hic
501 1397 719 1429 Archidamus.
765 1399 844 1429 Sunt
862 1399 915 1440 qui
939 1398 1057 1434 dicant,
1075 1397 1298 1429 Archidamum
1316 1399 1447 1429 Athenis
1464 1400 1543 1430 hanc
1559 1399 1729 1430 orationem

257 1448 298 1479 ab
315 1448 452 1479 Isocrate
479 1449 694 1480 accersivisse:
723 1449 774 1480 alii
791 1450 929 1480 sentiunt
953 1449 1099 1490 scriptam
1124 1460 1190 1480 esse
1207 1450 1246 1480 ab
1267 1449 1402 1480 Isocrate
1426 1450 1591 1480 exercendi
1616 1451 1731 1491 ingenii

259 1500 370 1542 gratia,
388 1503 421 1529 ut
437 1501 613 1530 ostenderet
629 1501 776 1541 quidnam
799 1501 838 1530 ab
856 1500 1046 1531 Archidamo
1061 1501 1091 1530 in
1109 1506 1217 1531 senatu
1235 1500 1544 1531 Lacedaemoniorum
1561 1501 1729 1532 dicendum

257 1551 423 1582 videretur.
470 1551 511 1581 Et
527 1557 740 1593 argumentum
757 1553 884 1593 quidem
898 1552 1044 1582 orationis
1060 1552 1118 1582 hoc
1134 1557 1181 1582 est
1195 1564 1200 1581 :
1228 1552 1360 1593 pertinet
1377 1558 1478 1584 autem
1493 1555 1532 1584 ad
1547 1564 1643 1594 genus
1653 1553 1730 1584 deli-

259 1603 446 1642 berativum;
470 1608 503 1635 et
519 1603 586 1635 loco
599 1603 740 1634 utilitatis
758 1604 913 1644 praecipue
929 1603 1046 1634 nititur.

687 1745 854 1783 ALIUD
884 1743 1284 1783 ARGUMENTUM

573 1815 600 1846 E
634 1815 903 1847 DIONYSIO
938 1815 1404 1846 HALICARNAssEo.

301 1884 380 1921 Quis
406 1884 455 1914 vel
482 1884 635 1924 rempubl.
664 1883 710 1914 vel
742 1883 884 1914 homines
909 1882 1047 1925 privatos
1070 1884 1192 1914 facilius
1214 1883 1245 1913 in
1269 1894 1354 1914 suam
1378 1883 1516 1914 adducat
1542 1885 1728 1916 sententiam

256 1935 316 1966 hoc
332 1934 474 1965 oratore?
498 1944 568 1965 cum
591 1933 692 1964 multis
710 1934 777 1964 aliis
802 1934 833 1963 in
856 1934 943 1969 locis,
957 1938 1021 1964 tum
1045 1933 1074 1963 in
1093 1933 1247 1965 Laconica
1272 1934 1420 1969 oratione,
1434 1945 1503 1975 quae
1520 1934 1731 1968 Archidamus

256 1986 416 2027 inscripta,
432 1985 508 2016 illud
539 1990 754 2026 argumentum
782 1985 932 2021 continet,
955 1995 1054 2026 neque
1077 1983 1257 2015 Messenam
1276 1985 1393 2015 Boeotis
1417 1986 1613 2022 tradendam,
1628 1998 1730 2028 neque

256 2038 391 2069 hostium
408 2038 559 2078 imperata
579 2047 647 2067 esse
672 2037 828 2067 facienda.
875 2036 959 2068 Nam
986 2037 1117 2067 adverso
1134 2037 1238 2067 Marte
1262 2041 1437 2077 pugnarant
1454 2037 1684 2069 Lacedaemonii
1699 2043 1731 2070 et

255 2090 296 2120 ad
311 2089 442 2120 Leuctra
459 2094 490 2119 et
507 2088 623 2118 deinde
639 2087 671 2117 in
688 2087 790 2118 multis
806 2087 875 2118 aliis
890 2086 1018 2128 praeliis‚
1032 2098 1069 2118 ac
1086 2087 1306 2118 Thebanorum
1333 2087 1460 2128 quidem
1484 2099 1562 2129 opes
1582 2089 1733 2121 florebant

256 2147 288 2172 et
308 2141 347 2170 ad
372 2140 493 2180 imperii
519 2139 765 2180 magnitudinem
783 2144 1006 2179 processerant,
1023 2138 1245 2179 Spartanorum
1267 2144 1370 2169 autem
1388 2150 1436 2171 res
1461 2140 1582 2171 afflictae
1599 2147 1686 2172 erant
1700 2147 1731 2172 et

256 2191 346 2232 longe
372 2201 389 2220 a
415 2189 565 2230 dignitate
593 2189 702 2219 veteris
730 2189 921 2229 principatus
943 2189 1177 2230 degenerarant.
1233 2189 1374 2219 Tandem
1397 2190 1489 2230 igitur
1513 2191 1672 2231 Spartani,
1697 2197 1730 2222 ut

256 2252 366 2284 pacem
384 2241 594 2281 impetrarent,
621 2240 838 2270 deliberabant
855 2245 983 2281 *essetne
1007 2250 1079 2281 agro
1101 2239 1262 2270 Messenio
1280 2240 1475 2278 cedendum;
1499 2252 1570 2271 nam
1596 2242 1662 2273 haec
1685 2238 1729 2274 eis

255 2293 424 2325 necessitas
441 2303 458 2322 a
481 2292 600 2322 Boeotis
615 2291 845 2332 imponebatur.
889 2292 995 2329 Quum
1022 2291 1115 2332 igitur
1131 2291 1253 2322 videret
1269 2291 1421 2322 Isocrates
1445 2302 1498 2322 eos
1522 2293 1651 2334 indigna
1667 2295 1728 2324 suis

255 2344 421 2387 majoribus
441 2353 508 2374 esse
527 2343 674 2378 facturos,
696 2343 897 2379 Archidamo,
915 2342 969 2383 qui
991 2343 1117 2383 quidem
1141 2343 1323 2373 adolescens
1349 2344 1483 2374 necdum
1506 2354 1599 2386 regno
1616 2345 1729 2385 potitus

254 2401 330 2432 erat,
347 2396 402 2426 sed
419 2405 562 2435 magnam
585 2399 688 2424 tamen
714 2404 800 2434 spem
828 2394 967 2424 habebat
989 2393 1056 2435 ejus
1078 2393 1203 2424 honoris
1229 2394 1437 2435 adipiscendi,
1452 2394 1533 2425 hanc
1557 2397 1728 2428 orationem

254 2447 439 2489 composuit.
484 2445 521 2476 ln
539 2455 598 2486 qua
611 2449 831 2475 commemorat
848 2444 1057 2485 primumjure
1075 2450 1178 2475 tenere
1191 2445 1370 2474 Messenam
1384 2443 1649 2482 lacedaemonios,
1661 2451 1726 2478 tum

256 2510 274 2530 a
289 2499 491 2538 Cresphontae
513 2495 617 2527 liberis
633 2506 728 2536 regno
754 2495 850 2536 pulsis
867 2495 1020 2531 traditam,
1038 2501 1101 2526 tum
1119 2495 1277 2537 Delphico
1293 2495 1417 2525 oraculo
1441 2496 1651 2527 confirmatam
1667 2508 1728 2539 quo

250 2551 328 2593 jussi
345 2550 459 2580 fuerint
474 2553 506 2579 et
530 2549 635 2579 urbem
652 2547 795 2588 accipere
820 2552 851 2578 et
874 2546 993 2578 affectis
1020 2546 1132 2588 injuria
1154 2546 1312 2588 opitulari,
1339 2552 1402 2577 tum
1426 2547 1508 2577 bello
1532 2549 1729 2580 constabilita

256 2600 450 2643 possessione
471 2603 502 2629 et
522 2598 670 2639 temporis
693 2597 894 2627 diuturnitate
919 2597 1125 2627 corroborata.
1172 2597 1277 2628 Docet
1293 2597 1396 2634 etiam,
1413 2608 1475 2627 non
1494 2598 1659 2629 Messeniis
1675 2600 1729 2639 qui

255 2651 407 2693 nullijam
422 2655 537 2686 essent,
550 2650 604 2681 sed
621 2649 715 2680 servis
731 2653 763 2679 et
778 2648 941 2689 mancipiis
960 2659 1037 2689 quos
1053 2648 1184 2679 Helotas
1205 2654 1320 2679 vocant
1340 2648 1371 2678 id
1389 2649 1540 2690 oppidum
1558 2656 1678 2690 portum
1695 2656 1728 2682 et

255 2702 437 2743 confugium
460 2702 636 2732 tradituros.
679 2700 850 2730 Enumerat
873 2704 904 2730 et
931 2699 1072 2740 pericula
1096 2710 1165 2740 quae
1191 2699 1319 2740 majores
1350 2710 1456 2730 eorum
1484 2700 1607 2741 imperii
1633 2712 1728 2733 causa

257 2753 403 2788 adierint,
419 2757 451 2783 et
476 2763 538 2793 qua
562 2752 622 2782 sint
646 2752 731 2793 apud
756 2750 883 2782 Graecos
904 2750 1131 2781 existimatione
1157 2750 1406 2781 commonefacit.
1448 2750 1659 2794 Hortaturque
1688 2764 1727 2784 ne

254 2805 342 2839 fracti
359 2805 450 2835 rebus
466 2804 604 2834 adversis
620 2803 740 2833 animos
756 2801 915 2843 abjiciant,
934 2801 990 2832 sed
1007 2801 1112 2842 potius
1130 2811 1186 2842 spe
1209 2802 1338 2832 sortunae
1355 2801 1490 2831 melioris
1506 2802 1676 2834 confirmati
1695 2810 1727 2835 ut

257 2857 394 2899 cogitent
421 2854 531 2885 multos
554 2854 711 2885 Thebanis
729 2852 917 2895 potentiores
940 2852 979 2883 ab
996 2852 1248 2883 imbecillioribus
1268 2863 1334 2883 esse
1350 2852 1460 2888 victos,
1481 2853 1592 2884 multos
1608 2855 1726 2886 cinctos

257 2906 472 2939 obsidionibus
493 2909 525 2935 et
548 2905 740 2945 gravioribus
756 2904 844 2935 malis
867 2915 959 2946 quam
984 2903 1151 2945 Spartanos
1167 2904 1380 2935 conflictantes
1397 2914 1449 2935 eos
1466 2915 1483 2935 a
1498 2905 1611 2945 quibus
1626 2917 1725 2948 oppu-

260 2958 422 3001 gnarentur
447 2956 607 2987 delevisse.
654 2955 795 2987 Adducit
816 2956 991 2997 exemplum
1018 2955 1153 2986 civitatis
1177 2954 1428 2993 Atheniensium,
1445 2966 1526 2997 quae,
1549 2967 1640 2996 quum
1664 2968 1726 2989 ma-
