1870 3277
253 188 303 221 :34
848 191 1138 229 ISOCRATIS

313 291 368 326 12.
402 289 560 328 Nullam
588 297 716 330 autem
745 293 880 332 harum
907 295 974 332 tibi
1002 308 1084 333 esse
1113 293 1387 345 negligendam
1419 295 1472 332 ita
1493 308 1721 347 cognosces,

252 352 282 387 si
308 365 367 389 res
394 360 524 401 gestas
553 353 702 391 illarum
731 355 779 393 ad
808 364 895 394 tuos
919 357 1087 408 majores
1118 355 1309 394 retuleris:
1351 357 1388 393 in
1416 357 1592 406 qualibet
1618 359 1720 396 enim

250 415 457 453 amicitiam
490 429 582 467 erga
609 430 676 454 vos
712 418 947 468 singularem
982 426 1021 457 et
1049 432 1191 468 magna
1222 418 1410 455 beneficia
1436 426 1587 456 exstare
1614 433 1720 458 com-

249 477 385 526 peries.
445 478 545 515 Nam
576 485 614 515 et
634 480 760 529 Argos
794 480 918 530 patria
949 487 1016 518 tua
1043 490 1116 525 est,
1148 493 1218 517 nec
1250 479 1384 516 minori
1411 492 1505 517 cura
1533 481 1719 518 tuendum

248 552 363 588 quam
391 547 573 590 parentes
600 540 673 583 tui;
713 548 751 578 et
771 541 948 580 Thebani
975 544 1186 594 principem
1215 542 1366 593 generis
1388 542 1502 579 vestri
1528 542 1721 593 supplica-

247 601 416 639 tionibus
440 609 478 638 et
499 602 693 639 sacrificiis
717 610 857 653 praeter
884 611 1046 641 caeteros
1074 604 1170 641 deos
1195 611 1442 645 venerantum
1473 609 1512 640 et
1535 602 1719 640 Lacedae-

249 663 364 700 monii
387 663 550 714 posteris
571 663 653 714 ejus
674 677 834 714 regnum
857 672 895 702 et
914 665 1117 716 imperium
1138 666 1175 702 in
1196 678 1309 702 omne
1331 673 1484 714 tempus
1506 663 1718 702 dederunt:

247 731 418 761 nostram
437 733 565 762 autem
581 725 777 763 civitatem
799 726 850 763 illi
869 727 1010 776 quibus
1026 726 1074 764 de
1092 727 1275 764 memoria
1290 726 1492 765 vetustatis
1509 725 1719 771 credimus,

250 785 410 823 Herculi
440 786 916 838 immortalitatis—quod
945 788 1141 838 quomodo
1172 788 1312 826 factum
1345 788 1408 833 sit,
1434 788 1502 825 tibi
1530 787 1625 825 alias
1654 801 1720 826 co—

248 847 358 897 gnitu
381 847 510 893 facile,
532 847 624 885 mihi
643 862 747 886 nunc
774 856 1079 887 commemoratu
1105 850 1414 901 intempestivum
1437 856 1570 894 est——,
1593 849 1720 888 liberis

246 916 377 947 autem
406 909 488 960 ejus
519 910 668 956 salutis,
697 918 897 949 auctorem
926 911 1039 949 simul
1074 911 1193 948 fuisse
1222 910 1437 962 perhibent.
1497 911 1589 948 Sola
1618 912 1718 949 enim

245 984 313 1008 eos
333 972 524 1022 susceptis
554 971 729 1009 maximis
759 973 938 1024 perieulis
965 974 1152 1011 adversus
1181 972 1386 1024 Eurysthei
1415 972 1629 1023 potentiam
1653 973 1719 1010 de-

246 1033 384 1078 fendit,
417 1041 456 1071 et
484 1033 584 1071 illius
614 1034 758 1073 ferocia
787 1048 961 1086 repressa
982 1042 1086 1073 metu
1109 1048 1258 1086 semper
1286 1035 1505 1072 imminente
1532 1034 1718 1072 liberavit.

247 1095 398 1139 Quibus
420 1095 468 1132 de
489 1096 604 1133 rebus
624 1109 702 1133 non
724 1109 790 1134 eos
811 1103 962 1134 tantum
984 1097 1048 1146 qui
1079 1104 1158 1133 tum
1190 1097 1327 1134 servati
1349 1103 1441 1134 sunt
1460 1110 1614 1146 aequum
1636 1104 1718 1134 erat

244 1157 356 1194 nobis
380 1157 542 1208 gratiam
571 1157 729 1203 habere,
749 1158 819 1196 sed
849 1159 963 1196 etiam
994 1159 1065 1195 hos
1094 1159 1159 1208 qui
1188 1158 1303 1195 hodie
1326 1165 1555 1208 supersunt:
1587 1165 1718 1195 nostra

244 1219 345 1256 enim
367 1232 486 1270 opera
504 1219 640 1257 vivunt
665 1226 704 1257 ct
725 1219 805 1257 suis
824 1220 936 1258 bonis
957 1220 1156 1262 fruuntur;
1189 1220 1261 1257 nisi
1282 1219 1382 1257 enim
1406 1219 1457 1257 illi
1487 1219 1718 1257 mansissent

242 1281 471 1328 incolumes,
491 1282 530 1319 hi
552 1295 707 1333 prorsus
729 1296 776 1320 ne
797 1283 905 1320 nasci
926 1283 1083 1334 quidem
1105 1283 1337 1334 potuissent.

311 1344 372 1380 13.
410 1343 542 1387 Quum
576 1344 692 1395 igitur
720 1344 782 1381 hae
814 1345 929 1382 urbes
959 1345 1013 1382 ita
1047 1358 1087 1382 se
1121 1344 1325 1394 gesserint,
1360 1357 1428 1394 par
1464 1357 1557 1381 sane
1589 1344 1717 1382 fuerat

241 1405 390 1443 nullum
412 1405 481 1443 tihi
501 1419 671 1457 unquam
693 1420 784 1445 cum
804 1407 884 1444 ulla
912 1419 1042 1445 earum
1073 1407 1190 1444 fuisse
1217 1406 1437 1444 dissidium.
1498 1406 1639 1442 Verum
1664 1406 1717 1443 ita

241 1474 379 1504 natura
405 1474 670 1518 comparatum
700 1477 773 1514 est,
796 1476 838 1506 ut
862 1481 999 1506 omnes
1035 1468 1177 1519 saepius
1209 1481 1417 1518 peccemus
1447 1480 1561 1517 quam
1593 1466 1716 1504 officio

241 1530 463 1579 fungamur.
521 1530 620 1573 Quae
646 1530 760 1580 igitur
788 1530 953 1568 antehac
972 1531 1077 1568 facta
1098 1536 1191 1567 sunt
1212 1529 1409 1580 fragilitati
1430 1528 1610 1565 humanae
1626 1528 1714 1579 jure

240 1592 483 1630 tribuuntur:
516 1592 554 1629 in
576 1600 775 1643 posterum
796 1605 887 1630 vero
913 1592 1223 1643 pospiciendum
1255 1598 1314 1629 est
1343 1604 1392 1628 ne
1419 1591 1510 1641 quid
1544 1591 1619 1628 tale
1647 1591 1714 1629 tibi

241 1657 458 1702 usuveniat,
477 1664 517 1694 et
545 1655 579 1693 in
611 1656 649 1694 id
681 1656 983 1717 iocum-bendum
1016 1663 1059 1694 ut
1084 1655 1318 1694 beneficium
1354 1655 1509 1705 aliquod
1542 1662 1582 1692 et
1611 1663 1647 1693 te
1674 1663 1713 1693 et

239 1717 391 1755 illarum
405 1718 547 1755 meritis
562 1717 722 1769 dignum
736 1717 772 1754 in
787 1731 852 1755 eas
865 1708 1060 1756 conferas.
1102 1718 1226 1767 Cujus
1245 1717 1388 1768 reijam
1403 1717 1515 1754 datur
1532 1718 1711 1755 occasio:

240 1793 330 1818 nam
357 1780 449 1818 dum
477 1780 641 1830 gratiam
670 1793 739 1830 pro
771 1779 940 1830 acceptis
969 1779 1168 1817 beneficiis
1195 1778 1351 1822 referes,
1373 1779 1422 1815 ob
1444 1784 1593 1815 tantum
1623 1791 1712 1828 spa-

239 1843 335 1880 tium
357 1842 539 1894 temporis
561 1842 803 1892 interjectum
825 1849 862 1879 te
882 1841 1054 1879 conferre
1076 1842 1113 1878 in
1136 1854 1175 1878 se
1197 1853 1270 1877 non
1294 1839 1457 1877 reddere
1478 1840 1710 1878 beneficium

239 1906 445 1956 putabunt.
502 1903 740 1941 Praeclarum
761 1910 890 1941 autem
911 1910 971 1940 est
993 1909 1030 1940 te
1051 1903 1100 1941 de
1122 1902 1299 1939 maximis
1329 1901 1486 1938 urbibus
1512 1902 1610 1938 bene
1632 1915 1710 1939 me-

238 1974 382 2005 rentem
414 1966 482 2004 tibi
508 1966 578 2017 ipsi
606 1965 726 2003 nihilo
758 1966 885 2003 minus
916 1979 1033 2015 quam
1065 1966 1155 2016 ipsis
1188 1964 1385 2016 prodesse.
1443 1963 1651 2010 Praeterea,
1680 1965 1709 2002 si

238 2029 379 2079 quibus
409 2028 560 2066 illarum
583 2035 626 2066 ut
646 2027 817 2065 nonnihil
845 2027 1032 2065 molestus
1052 2040 1159 2064 esses
1182 2026 1336 2072 accidit,
1357 2038 1403 2063 ea
1423 2025 1553 2063 omnia
1573 2026 1710 2068 oblito-

237 2091 364 2128 rabis:
396 2090 514 2142 hujus
535 2091 635 2128 enim
662 2089 846 2140 temporis
873 2089 1065 2127 beneficia
1093 2088 1310 2140 superiores
1337 2086 1504 2126 offensas
1532 2088 1710 2138 utrinque

236 2153 428 2191 oblivione
449 2160 599 2204 tegunt·
654 2153 743 2190 Jam
765 2152 863 2189 illud
885 2152 998 2189 etiam
1020 2158 1156 2189 notum
1178 2157 1253 2195 est,
1273 2163 1407 2189 omnes
1429 2163 1558 2188 eorum
1589 2151 1709 2189 bene-

236 2214 410 2252 ficiorum
431 2228 519 2265 quae
538 2214 575 2252 in
595 2213 876 2252 calamitatibus
897 2213 1120 2264 acceperint
1140 2213 1304 2251 maxime
1325 2212 1451 2250 solere
1473 2213 1725 2252 meminisse..

238 2277 390 2319 Quibus
419 2284 547 2314 autem
577 2276 687 2314 malis
709 2282 865 2325 propter
886 2275 990 2313 bella
1010 2274 1284 2312 conflictentur
1306 2274 1427 2320 vides,
1449 2281 1488 2312 et
1507 2281 1550 2312 ut
1568 2275 1612 2312 iis
1632 2276 1709 2314 sint

239 2338 385 2377 similes
409 2337 474 2389 qui
500 2337 675 2389 privatim
704 2337 803 2374 inter
831 2350 871 2374 se
897 2343 1087 2388 pugnant.
1147 2338 1255 2378 Quos
1288 2336 1477 2387 gliscente
1506 2336 1709 2376 iracundia

236 2399 488 2438 reconciliare
510 2405 630 2449 queat
650 2411 776 2443 nemo,
796 2398 865 2435 sed
885 2398 948 2436 ubi
971 2398 1080 2436 alteri
1100 2398 1244 2436 alteros
1266 2398 1364 2436 male
1386 2398 1621 2444 mulctarint‚
1644 2413 1709 2437 ne-

237 2462 340 2499 mine
370 2461 573 2499 dirimente
601 2459 700 2497 ultro
731 2459 951 2498 discedunt.
1012 2459 1056 2496 Id
1083 2459 1187 2510 quod
1217 2460 1333 2498 etiam
1362 2460 1431 2498 has
1452 2461 1568 2499 urbes
1590 2461 1706 2499 credo

236 2524 422 2567 facturas,
443 2521 516 2559 nisi
536 2528 576 2559 tu
597 2521 701 2571 prius
721 2534 852 2558 curam
873 2533 1005 2557 earum
1027 2521 1257 2571 susceperis,

296 2586 357 2622 14.
388 2584 440 2621 At
459 2583 560 2622 enim
580 2582 742 2621 forsitan
762 2582 946 2633 refragari
966 2582 1100 2633 aliquis
1120 2583 1181 2620 his
1202 2596 1289 2633 quae
1310 2583 1416 2621 dicta
1437 2590 1528 2620 sunt
1549 2584 1705 2630 audeat,

236 2660 361 2698 eaque
389 2659 448 2684 me
476 2646 544 2684 tibi
572 2645 734 2683 suadere
762 2645 868 2682 dicat
897 2658 985 2694 quae
1020 2645 1101 2682 fieri
1128 2658 1207 2682 non
1236 2645 1409 2695 possint:
1441 2658 1569 2695 neque
1601 2646 1703 2683 enim

237 2709 401 2760 Argivos
432 2721 604 2759 unquam
625 2706 926 2745 Lacedaemoniis
954 2706 1100 2744 amicos
1127 2707 1207 2744 fore
1236 2719 1364 2756 neque
1386 2706 1704 2745 Lacedaemonios

237 2770 450 2814 Thebanis,
471 2769 639 2820 denique
661 2782 859 2819 nunquam
877 2768 958 2806 fore
976 2775 1018 2805 ut
1037 2768 1075 2813 ii,
1098 2770 1163 2818 qui
1185 2769 1289 2806 omni
1309 2776 1483 2819 tempore
1504 2769 1590 2819 plus
1610 2782 1704 2807 ven-

234 2833 365 2871 dicare
385 2832 455 2869 sibi
474 2830 761 2876 consueverint,
782 2831 820 2867 in
839 2830 921 2881 pari
941 2843 1131 2880 aequoque
1146 2830 1232 2881 jure
1250 2830 1517 2880 acquiescant.

270 2942 273 2943 ⁷
293 2895 363 2932 15.μ
386 2893 471 2944 Ego
491 2906 594 2940 vero,
615 2893 645 2930 si
668 2902 800 2931 nostra
820 2892 954 2930 civitas
975 2892 1012 2930 in
1034 2891 1191 2930 Graecia
1211 2891 1473 2929 dominaretur
1495 2898 1562 2930 aut
1584 2892 1702 2931 Lace·

236 2954 431 3003 daemonii,
456 2966 504 2993 ne
528 2954 757 2993 tentandum
788 2952 942 3004 quidem
973 2952 1049 2991 tale
1082 2952 1303 3003 quicquam
1321 2952 1358 2989 in
1386 2965 1453 3003 spe
1481 2952 1701 3004 perficiendi
