1870 3277
244 177 314 213 170
830 179 1118 218 ISOCRATJS

239 278 417 324 babeam,
439 281 600 331 dispicio
627 296 704 333 qua
735 284 879 321 ratione
906 284 952 321 de
977 284 1032 320 eis
1056 283 1257 320 disseram.
1316 280 1415 319 Haec
1445 282 1543 320 enim
1575 280 1707 330 majori

240 339 328 376 mibi
356 354 458 379 curoe
485 351 590 390 sunt,
610 358 723 394 quam
751 352 917 383 caetera:
950 358 1068 395 quum
1094 345 1173 394 jam
1199 343 1235 380 in
1265 342 1401 381 ultima
1425 343 1611 394 propositi
1637 341 1709 379 mei

239 409 344 451 parte
366 416 507 449 verser,
529 419 607 455 quo
630 420 688 443 me
710 408 956 456 probaturum
979 406 1123 444 asserui
1150 405 1315 455 majores
1346 411 1496 442 nostros
1527 405 1562 441 in
1594 403 1708 441 bellis

240 470 279 500 et
305 464 444 514 praeliis
473 468 596 517 magis
625 468 897 506 antecelluisse
919 469 1119 518 Spartanis
1141 481 1255 518 quam
1278 467 1427 505 caeteris
1449 467 1561 504 rebus
1584 466 1710 504 omni-

239 524 324 562 bus.
384 527 463 564 Erit
484 536 612 565 autem
636 530 719 567 boec
741 530 862 567 oratio
887 531 934 567 ab
960 530 1141 579 opinione
1170 530 1377 566 multorum
1408 528 1619 566 abhorrens
1648 528 1712 565 illa

240 587 412 636 quidem,
435 589 502 626 sed
523 603 599 626 non
625 591 749 628 minus
771 604 858 628 vera
885 601 1012 628 tamen
1041 605 1156 641 quam
1186 591 1396 640 superiora.
1455 590 1577 627 Modo
1603 589 1711 639 equi-

241 648 328 685 dem
351 649 572 688 dubitabam
595 659 721 688 utrum
745 652 1013 690 dimicationes
1033 661 1070 689 et
1090 666 1232 703 pugnae
1254 653 1529 703 Spartanorum
1552 664 1599 688 an
1621 663 1712 688 vero

241 718 456 748 nostrorum
471 712 610 749 civium
627 713 732 763 prius
750 714 994 751 recensendae
1013 722 1166 752 essent:
1199 727 1302 751 nunc
1326 715 1373 751 ab
1395 714 1469 750 illis
1491 712 1605 750 ordiri
1627 712 1711 762 pla-

241 779 316 816 cet,
341 780 382 809 ut
409 772 457 809 ad
487 773 599 811 finem
631 774 904 825 disputationis
932 775 1046 826 liujus
1073 775 1242 813 facinora
1269 788 1458 812 reservem
1484 774 1646 812 clariora
1672 780 1711 810 et

244 844 426 881 aequiora.

296 894 362 931 73.
395 895 657 947 Posteaquam
674 898 790 948 igitur
807 899 1018 937 Dorienses
1037 900 1072 939 in
1091 900 1405 951 Peloponnesum
1427 913 1514 938 curn
1537 899 1710 937 exercitu

244 954 406 1004 profecti
434 958 554 1007 pulsis
583 973 651 1010 per
675 960 851 1010 injuriam
870 962 1064 999 veteribus
1086 963 1223 999 ineolis
1246 975 1454 1012 eorumque
1475 962 1576 1011 agris
1596 974 1714 1006 occu-

244 1017 343 1065 patis
360 1018 542 1056 trifariam
562 1022 674 1058 urbes
690 1022 915 1067 diviserunt,
932 1023 996 1072 qui
1013 1026 1139 1073 Argos
1154 1032 1193 1060 et
1210 1023 1431 1060 Messenam
1451 1022 1574 1060 sortiti
1590 1028 1714 1067 erant,

244 1089 290 1114 eo
317 1078 395 1117 fere
424 1081 539 1118 modo
564 1083 741 1120 civitates
769 1096 858 1120 suas
885 1084 1202 1122 administrarunt
1221 1098 1298 1135 quo
1319 1084 1452 1134 reliqui
1475 1083 1617 1128 Graeci,
1638 1089 1714 1120 ter-

243 1140 334 1177 tiam
365 1149 492 1179 autem
522 1157 652 1181 eorum
684 1152 844 1195 partem,
864 1159 962 1196 quos
990 1160 1094 1184 nunc
1126 1146 1441 1183 Lacedaemonios
1468 1145 1643 1190 dicimus,
1665 1144 1716 1182 ita

246 1203 450 1242 seditiosos
479 1206 599 1244 fuisse
621 1208 668 1244 ab
691 1207 734 1244 iis
757 1208 823 1258 qui
849 1221 908 1246 res
937 1209 1085 1246 illorum
1114 1208 1342 1259 perquirunt
1368 1215 1427 1245 est
1453 1207 1647 1258 proditum
1677 1213 1719 1243 ut

244 1264 372 1303 nullos
400 1266 562 1305 aliorum
589 1268 832 1315 Graecorum,
860 1271 1064 1321 optimates
1094 1277 1237 1314 autem,
1269 1283 1384 1320 quum
1416 1269 1507 1307 elati
1536 1268 1717 1320 superbia

245 1326 396 1376 plebem
427 1331 724 1380 oppressissent,
746 1332 862 1382 longe
887 1332 999 1369 aliam
1028 1331 1214 1369 rationem
1236 1338 1272 1368 et
1295 1332 1342 1368 ab
1364 1331 1523 1368 aliorum
1546 1330 1715 1368 omnium

245 1387 311 1437 qui
338 1389 479 1427 similes
505 1393 638 1429 turbas
663 1394 811 1442 experti
834 1400 965 1430 essent
985 1392 1263 1430 consuetudine
1283 1392 1550 1429 abhorrentem
1572 1403 1716 1441 pacan-

245 1448 381 1487 dorum
403 1452 638 1490 tumultuum
660 1454 1023 1504 constituendaeque
1049 1453 1212 1505 reipubl.
1234 1454 1410 1491 inivisse:
1442 1467 1531 1491 nam
1553 1460 1716 1491 caeteros

246 1512 401 1561 quidem
432 1514 635 1552 adversam
664 1516 872 1553 factionem
905 1516 941 1552 in
971 1515 1106 1554 eadem
1138 1515 1290 1553 civitate
1321 1515 1446 1553 vivere
1477 1522 1516 1552 et
1546 1516 1715 1552 omnium

246 1575 539 1613 commodorum
570 1577 755 1615 societate
779 1578 1071 1627 magistratibus
1098 1577 1290 1614 duntaxat
1309 1584 1346 1613 et
1366 1576 1575 1614 honoribus
1604 1588 1718 1614 exce-

245 1636 321 1685 ptis
338 1635 411 1674 frui
432 1638 528 1687 pati;
555 1661 602 1668 -
621 1652 718 1689 quos
739 1638 936 1677 dementes
952 1639 1083 1676 haberi
1105 1651 1125 1675 a
1146 1638 1401 1689 prudentibus
1424 1638 1717 1689 Spartanorum,

246 1695 278 1733 si
294 1696 515 1735 existiment
532 1698 658 1737 sibiet
676 1699 837 1751 reipubl.
855 1700 947 1737 nibil
969 1701 1017 1738 ab
1037 1701 1081 1738 iis
1103 1712 1186 1737 esse
1206 1700 1363 1750 periculi
1384 1713 1480 1749 quos
1501 1700 1716 1750 insignibus

247 1757 391 1807 injuriis
427 1759 715 1804 affecerint—;
747 1761 851 1811 ipsos
878 1774 970 1798 vero
1000 1761 1090 1798 nihil
1121 1761 1196 1798 tale
1222 1761 1377 1805 fecisse,
1406 1761 1475 1798 sed
1502 1761 1599 1798 inter
1631 1775 1716 1800 sese

246 1819 508 1869 aequalitatem
539 1828 579 1859 et
606 1821 879 1860 democratiam
914 1823 1103 1873 ejusmodi
1137 1822 1394 1867 constituisse,
1423 1822 1548 1872 qualis
1581 1823 1720 1861 deceat

246 1892 313 1917 eos
332 1881 396 1930 qui
417 1890 602 1932 perpetuo
622 1884 840 1921 concordes
862 1897 946 1921 esse
967 1884 1150 1930 debeant,
1168 1884 1321 1935 plebem
1349 1890 1477 1921 autem
1502 1885 1646 1922 circum
1676 1898 1717 1924 se

248 1942 285 1978 in
314 1942 450 1980 vicinia
474 1943 702 1989 collocasse,
722 1945 909 1982 servitute
936 1945 1134 1996 oppressis
1160 1945 1310 1982 illorum
1338 1945 1474 1982 animis
1493 1958 1571 1983 non
1593 1945 1718 1983 minus

248 2016 363 2053 quam
380 2004 638 2049 samulorurm
672 2020 759 2057 quae
780 2020 899 2057 quum
920 2007 1187 2058 perfecissent,
1208 2007 1302 2057 agri,
1325 2020 1439 2057 quem
1463 2007 1561 2045 inter
1580 2021 1717 2046 omnes

248 2065 451 2114 aequaliter
479 2079 567 2105 esse
593 2068 840 2106 distributum
867 2075 1102 2119 oportuerat,
1126 2069 1230 2118 ipsos
1257 2069 1323 2119 qui
1350 2069 1461 2120 pauci
1489 2078 1620 2107 essent
1640 2083 1718 2107 non

245 2125 433 2176 optimam
456 2128 658 2174 duntaxat,
679 2130 746 2167 sed
769 2137 807 2167 et
828 2136 973 2167 tantam
994 2129 1222 2167 vendicasse
1243 2138 1391 2180 partem
1411 2138 1596 2181 quantam
1622 2131 1717 2168 nulli

250 2186 479 2226 Graecorum
506 2189 688 2235 habeant,
709 2197 749 2228 et
776 2190 1012 2228 multitudini
1039 2196 1187 2228 tantum
1214 2191 1430 2229 deterrimae
1451 2200 1558 2229 terrae
1578 2193 1717 2244 imper-

248 2250 358 2288 tiisse
378 2256 421 2287 ut
441 2264 583 2302 magno
604 2252 735 2290 labore
755 2254 815 2291 vix
837 2253 1015 2291 excolere
1038 2253 1186 2304 possint
1205 2261 1392 2304 quantum
1417 2255 1466 2292 ad
1487 2255 1602 2292 vitam
1631 2256 1717 2293 sus-

250 2312 475 2350 tentandam
497 2313 546 2351 sit
562 2314 842 2358 necessarium
875 2322 1010 2365 postea
1025 2315 1145 2353 divisa
1162 2315 1262 2366 inopi
1281 2316 1538 2362 multitudine,
1552 2316 1717 2356 humiles

244 2380 290 2411 et
305 2374 444 2411 multos
460 2374 496 2411 in
512 2374 607 2412 locis
623 2388 738 2425 quam
756 2376 835 2412 fieri
852 2376 1019 2426 potuerit
1034 2376 1317 2427 angustissimis
1333 2378 1531 2415 considere
1547 2386 1718 2425 coactos,

249 2435 316 2486 qui
344 2448 462 2485 quum
483 2435 527 2473 iis
548 2437 768 2474 nominibus
789 2437 1031 2488 appellentur
1050 2439 1159 2489 quasi
1181 2440 1356 2477 civitates
1378 2440 1564 2485 incolant,
1585 2454 1719 2482 revera

251 2496 379 2534 minus
409 2497 649 2535 auctoritatis
678 2505 718 2535 et
747 2510 862 2548 opum
895 2498 1064 2536 habeant
1101 2513 1217 2549 quarn
1258 2501 1446 2538 nostratia
1484 2501 1717 2552 municipia;

250 2570 369 2608 quum
400 2564 529 2595 autem
554 2558 609 2595 eis
639 2558 870 2609 eripuissent
893 2560 1022 2597 omnia
1047 2573 1135 2610 quae
1161 2561 1289 2599 liberis
1318 2561 1536 2599 bominibus
1563 2564 1719 2613 permit-

250 2618 371 2655 tenda
397 2626 499 2664 sunt,
520 2620 725 2657 maximam
751 2620 1006 2670 periculorum
1033 2629 1178 2671 partem
1205 2622 1243 2659 in
1273 2635 1340 2660 eos
1367 2623 1595 2667 inclinasse3
1628 2638 1717 2663 narn

251 2687 332 2716 tum
354 2680 392 2717 in
414 2681 737 2731 expeditionibus,
755 2695 843 2732 quae
862 2682 979 2719 ductu
1002 2683 1101 2733 regis
1121 2684 1278 2728 fiebant,
1296 2683 1432 2722 viritim
1454 2685 1489 2721 in
1511 2686 1591 2723 acie
1605 2686 1720 2736 juxta

252 2741 466 2790 Spartanos
493 2743 662 2789 stetisse,
681 2751 720 2781 et
739 2744 930 2794 quosdam
951 2744 1064 2782 etiarn
1086 2744 1124 2781 in
1144 2745 1265 2795 prima
1286 2746 1367 2783 acie
1387 2746 1597 2784 collocatos
1617 2761 1717 2794 esse,

251 2810 333 2840 tum
361 2803 405 2846 si,
428 2815 545 2853 quum
571 2804 698 2855 aliquo
725 2805 997 2856 supplementa
1018 2805 1209 2844 mittenda
1229 2813 1372 2852 essent,
1393 2807 1453 2844 vel
1484 2808 1636 2846 labores
1658 2811 1715 2847 vel

250 2864 419 2915 pericula
444 2865 504 2902 vel
535 2879 679 2903 moram
708 2867 796 2905 belli
826 2868 1130 2914 reformidarent,
1152 2868 1223 2906 hos
1250 2869 1396 2907 misisse
1426 2878 1468 2908 ut
1496 2884 1565 2908 sua
1590 2872 1717 2922 capita

250 2939 320 2977 pro
349 2927 505 2964 aliorum
534 2928 656 2965 salute
685 2930 863 2979 periculis
892 2930 1143 2982 objectarent.
1203 2932 1252 2969 Et
1275 2932 1366 2982 quid
1390 2933 1519 2971 multis
1539 2947 1637 2984 opus
1657 2943 1716 2972 est
