1870 3277
775 176 864 213 DE‘
881 175 1045 213 BIGIS.
1567 176 1646 211 ‘245

178 276 292 313 care?
322 289 446 327 neque
464 283 499 315 te
517 278 636 328 pudet
653 290 698 315 ea
717 277 860 315 foedera
875 277 1032 322 violare,
1048 288 1212 326 quorum
1230 277 1416 314 beneficio
1438 283 1477 313 tu
1500 277 1537 313 in
1554 278 1647 314 urbe

178 337 340 375 manes?
372 351 448 375 non
470 340 632 390 cogitas,
651 339 681 376 si
698 339 895 376 decretum
914 337 1030 374 fuerit
1050 344 1092 374 ut
1107 344 1258 375 veteres
1281 337 1437 375 offensae
1453 337 1648 375 vindicen-

179 405 253 444 tur,
274 400 341 437 tibi
364 407 401 438 et
422 408 511 438 ante
532 415 592 438 me
612 408 646 438 et
670 401 814 451 majora
836 399 1006 449 pericula
1033 399 1115 436 fore
1143 399 1374 436 subeunda?
1433 399 1517 437 Nec
1547 398 1648 436 enim

176 459 322 498 scilicet
349 469 597 512 paternorum
630 461 856 499 delictorum
887 474 961 511 ego
987 474 1119 511 poenas
1146 461 1264 504 dabo,
1289 460 1353 497 tibi
1376 473 1464 497 vero
1491 468 1646 498 tuorum

176 520 387 559 facinorum
410 524 532 572 gratia
551 523 629 560 fiet.
689 522 740 559 At
759 534 848 559 vero
870 534 949 559 non
970 522 1126 559 easdem
1149 522 1216 560 tibi
1238 522 1357 559 fuisse
1379 534 1516 559 causas
1537 523 1649 560 facile

178 591 361 633 apparet:
398 597 474 621 non
505 585 607 621 enim
640 583 766 633 patria
799 583 934 633 pulsus
974 583 1043 621 sed
1076 584 1350 635 rempublicam
1384 598 1463 622 una
1496 598 1649 635 gerens,

177 657 299 695 neque
330 652 488 683 coactus
519 645 587 683 sed
617 645 732 690 ultro,
753 658 881 696 neque
912 645 1014 683 ultor
1041 646 1109 683 sed
1137 654 1272 684 auctor
1291 645 1528 696 injuriarum,
1549 646 1652 684 cives

176 705 348 749 violasti;
381 719 497 755 quare
529 719 576 743 ne
611 705 788 744 defensio
810 706 966 757 quidem
996 707 1153 744 istorum
1182 707 1385 746 criminum
1410 707 1478 744 tibi
1508 719 1648 746 conce-

177 765 306 803 denda
324 767 406 804 erit.

233 828 293 863 17.
325 826 401 865 Sed
428 827 476 866 de
505 829 547 865 iis
577 841 665 878 quae
698 841 720 866 a
749 828 855 865 Tisia
883 836 994 878 gesta
1023 835 1115 866 sunt
1143 828 1319 867 fortassis
1360 829 1571 878 aliquando
1610 830 1647 866 in

174 887 284 925 istius
313 888 489 939 periculis
519 889 674 927 dabitur
703 889 855 928 uberior
881 890 1035 927 dicendi
1063 890 1193 929 locus:
1226 903 1248 928 a
1267 890 1377 928 vobis
1405 897 1532 927 autern
1559 898 1649 941 peto

174 962 222 987 ne
252 963 311 987 me
341 950 502 989 inimicis
532 951 636 989 omni
666 951 847 1003 praesidio
877 951 1103 989 destitutum
1134 951 1278 1002 praedae
1314 964 1400 989 esse
1438 951 1648 1002 patiamini,

175 1024 301 1061 neque
322 1012 437 1051 exitio
459 1013 549 1050 mihi
576 1013 671 1051 sitis.
729 1013 830 1051 Nam
863 1019 951 1051 aute
978 1013 1065 1064 plus
1098 1013 1191 1051 satis
1221 1013 1411 1051 malorum
1440 1025 1649 1064 perpessus

174 1086 274 1120 sum,
293 1075 359 1125 qui
380 1074 532 1125 quidem
557 1088 677 1125 quum
699 1075 862 1126 primum
885 1075 922 1112 in
943 1075 1070 1113 lucem
1091 1075 1232 1127 prodii,
1253 1075 1423 1127 pupillus
1446 1088 1531 1113 sum
1560 1076 1647 1115 reli-

174 1140 274 1181 ctus,
294 1143 402 1186 patre
425 1143 511 1175 acto
538 1136 575 1174 in
600 1137 791 1182 exsilium,
813 1143 933 1174 matre
954 1149 1044 1175 vero
1072 1143 1238 1184 mortua,
1260 1144 1299 1174 et
1325 1150 1448 1176 annos
1475 1137 1647 1175 nondum

174 1202 339 1246 quatuor
368 1203 481 1235 natus
510 1198 559 1235 ob
585 1198 702 1249 patris
730 1199 860 1248 fugam
884 1197 920 1235 iu
943 1198 1032 1236 vitae
1055 1198 1226 1249 periculo
1247 1199 1315 1245 fui,
1336 1211 1382 1236 ac
1401 1211 1498 1249 puer
1517 1198 1647 1237 adhuc

173 1269 196 1294 a
225 1256 382 1307 triginta
411 1259 582 1308 tyrannis
608 1260 701 1296 urbe
724 1272 807 1296 sum
829 1259 990 1310 ejectus.
1051 1259 1104 1297 Et
1123 1272 1242 1309 quum
1264 1259 1287 1297 ii
1307 1259 1372 1310 qui
1393 1260 1430 1297 in
1452 1259 1646 1297 Piraeeum

171 1318 431 1369 confugerant
458 1320 676 1366 rediissent,
698 1319 839 1370 aiiique
868 1333 960 1357 suas
990 1333 1083 1371 opes
1114 1328 1403 1371 recuperarent,
1434 1334 1509 1372 ego
1538 1322 1645 1359 solus

173 1390 280 1430 agro,
300 1392 414 1430 quem
436 1380 545 1418 nobis
566 1381 734 1431 populus
755 1394 824 1432 pro
844 1381 1050 1432 publicatis
1076 1382 1249 1432 pecuniis
1272 1382 1449 1427 dederat,
1471 1383 1645 1421 ininiico—

172 1453 253 1478 rum
275 1441 456 1480 violentia
477 1456 560 1481 sum
583 1442 785 1493 spoliatus.
843 1443 919 1480 Tot
943 1442 1058 1493 igitur
1088 1442 1373 1481 calamitatibus
1399 1444 1645 1483 conflictatus

170 1509 209 1541 et
240 1502 296 1541 bis
325 1505 465 1543 amissa
495 1519 535 1543 re
564 1504 741 1544 familiari
766 1517 869 1543 nunc
898 1505 949 1543 de
976 1505 1147 1556 quinque
1172 1505 1331 1544 talentis
1359 1519 1517 1544 causam
1540 1506 1643 1545 dico.

171 1564 222 1602 Et
241 1566 342 1603 actio
359 1567 518 1617 quidem
537 1567 712 1605 instituta
730 1573 791 1605 est
809 1567 857 1605 de
879 1568 1064 1618 pecuniis,
1083 1580 1217 1605 revera
1238 1575 1364 1606 autem
1387 1568 1426 1605 id
1447 1569 1575 1620 agitur
1595 1583 1644 1608 an

171 1627 207 1664 iu
246 1628 401 1667 civitate
439 1630 529 1667 mihi
564 1643 718 1668 manere
755 1630 884 1668 liceat.
943 1630 1060 1676 Nam,
1090 1643 1209 1680 quum
1240 1630 1388 1669 eaedem
1418 1632 1574 1670 mulctae
1605 1633 1644 1671 in

170 1691 322 1729 tabulas
343 1692 520 1744 publicas
539 1693 767 1737 referuntur,
782 1705 861 1730 non
878 1704 1010 1730 omnes
1026 1692 1162 1730 iisdem
1180 1692 1228 1730 de
1245 1693 1358 1730 rebus
1373 1692 1412 1730 in
1428 1693 1641 1744 periculum

170 1760 379 1792 vocantur:
411 1767 500 1792 nam
521 1754 680 1792 divitum
702 1754 858 1805 quidem
878 1755 1043 1804 pecunia
1064 1754 1203 1803 agitur,
1224 1754 1382 1805 inopum
1403 1767 1497 1792 vero
1516 1755 1642 1806 qualis

170 1827 243 1866 ego
270 1828 353 1853 sum
381 1815 565 1866 dignitaS‚
586 1816 697 1867 cujus
719 1816 913 1866 jacturam
943 1815 1076 1854 exsilio
1105 1816 1338 1853 acerbiorem
1361 1815 1488 1859 duco;
1519 1817 1642 1855 multo

170 1877 268 1914 enim
299 1877 472 1916 miserius
499 1885 570 1924 est,
591 1877 695 1929 apud
722 1890 814 1915 suos
841 1877 943 1915 cives
972 1877 1230 1928 ignominiose
1250 1877 1376 1914 vivere
1397 1890 1515 1927 quam
1536 1878 1642 1929 apud

168 1937 262 1976 alios
295 1951 408 1990 agere
437 1939 679 1990 inquilinum.
738 1938 818 1977 Vos
848 1938 965 1989 igitur
995 1951 1062 1976 oro
1090 1945 1133 1976 ut
1162 1952 1222 1977 me
1247 1938 1407 1989 juvetis,
1436 1952 1562 1990 neque
1593 1940 1642 1978 ab

171 2000 331 2040 inimicis
347 2000 625 2039 contumeliose
642 2000 771 2038 vexari
791 2007 857 2038 aut
875 2000 1001 2052 patria
1021 1999 1175 2051 spoliari
1198 2006 1266 2037 aut
1283 2000 1508 2051 hujusmodi
1526 2001 1645 2040 cladi-

169 2061 241 2099 bus
261 2062 450 2101 nobilitari
471 2062 682 2114 patiamini.
740 2062 834 2100 Jure
855 2070 980 2100 autem
1004 2075 1064 2099 res
1085 2062 1180 2112 ipsae
1200 2060 1291 2098 mihi
1311 2075 1332 2099 a
1354 2062 1460 2099 vobis
1480 2064 1641 2101 commi-

169 2124 360 2162 seratione
381 2125 645 2176 impetrarent,
664 2123 819 2162 tametsi
839 2136 913 2174 ego
933 2136 1002 2161 vos
1023 2135 1070 2160 eo
1089 2122 1282 2160 deducere
1302 2123 1430 2160 verbis
1451 2136 1527 2161 non
1550 2137 1641 2175 pos-

168 2198 262 2231 sem,
285 2187 316 2224 si
342 2187 458 2224 modo
480 2186 815 2225 commiseratione
837 2184 945 2236 digni
968 2193 1060 2223 sunt
1079 2183 1144 2235 qui
1166 2183 1271 2222 nullo
1293 2196 1364 2222 suo
1386 2184 1522 2223 merito
1541 2186 1643 2237 peri-

166 2247 350 2286 clitantur
369 2261 414 2286 ac
434 2248 608 2286 maximis
629 2247 677 2285 de
698 2249 811 2286 rebus
835 2246 871 2283 in
893 2246 1096 2285 discrimen
1113 2252 1314 2294 vocantur,
1331 2253 1369 2284 et
1388 2246 1542 2285 fortuna
1559 2253 1638 2286 tum

166 2323 205 2347 se
221 2316 302 2347 tum
321 2310 399 2348 suis
416 2310 623 2361 majoribus
640 2309 800 2360 indigna
819 2315 1061 2360 premuntur,
1080 2315 1118 2346 et
1131 2307 1311 2345 maximis
1331 2308 1467 2358 opibus
1487 2308 1641 2359 spoliati

167 2372 371 2410 maximam
398 2373 488 2410 vitae
519 2371 767 2410 mutationem
797 2370 1063 2422 experiuntur.
1125 2369 1312 2414 Quamvis
1351 2376 1480 2408 autem
1519 2370 1641 2410 multa

167 2432 258 2470 mihi
279 2440 369 2470 sunt
388 2447 475 2484 quae
498 2433 710 2484 deplorem,
732 2433 781 2470 ob
805 2431 890 2470 baec
916 2431 1156 2483 potissimum
1189 2439 1320 2469 tamen
1348 2431 1541 2482 indignor,
1562 2432 1635 2484 pri-

167 2508 271 2533 mum
293 2495 324 2533 si
343 2495 434 2533 huic
455 2508 590 2547 poenas
612 2495 703 2533 dare
722 2507 841 2546 cogar
862 2494 910 2532 de
931 2507 1009 2545 quo
1029 2507 1102 2545 ego
1120 2506 1270 2531 sumere
1288 2493 1483 2538 deberem,
1497 2493 1637 2533 deinde

165 2557 195 2594 si
218 2565 376 2608 propter
398 2558 639 2609 Olympicam
661 2558 780 2609 patris
801 2557 998 2595 victoriam
1020 2555 1229 2606 ignominia
1248 2555 1426 2600 notabor,
1447 2556 1496 2593 ob
1517 2569 1634 2607 quam

164 2619 247 2658 aliis
275 2621 434 2671 praemia
462 2620 544 2658 dari
569 2619 696 2666 video,
716 2627 904 2671 praeterea
931 2619 963 2656 si
989 2618 1114 2655 Tisias
1140 2629 1339 2667 nunquam
1364 2617 1413 2654 de
1439 2618 1637 2668 republica

164 2680 424 2720 benemeritus
454 2689 492 2720 et
519 2681 557 2719 in
587 2680 822 2720 democratia
851 2687 890 2719 et
916 2680 955 2718 in
986 2679 1201 2730 oligarchia
1227 2691 1392 2729 magnus
1422 2692 1467 2717 ac
1496 2687 1635 2731 potens

167 2743 249 2787 erit,
270 2756 343 2794 ego
362 2757 465 2790 vero,
486 2757 605 2796 quum
633 2751 791 2782 neutros
816 2742 1059 2787 offenderim,
1083 2742 1131 2778 ab
1159 2741 1332 2791 utrisque
1362 2741 1461 2779 male
1491 2749 1633 2781 tracta-

169 2804 258 2842 bor:
287 2805 316 2842 si
336 2818 415 2852 vos,
437 2806 472 2844 in
495 2806 577 2844 aliis
597 2806 752 2857 quidem
779 2805 994 2844 actionibus
1021 2803 1212 2840 diversam
1234 2815 1256 2839 a
1276 2802 1432 2854 triginta
1459 2806 1632 2855 tyrannis

170 2866 355 2904 rationem
386 2869 522 2915 secuti,
541 2869 579 2907 in
604 2882 661 2907 me
688 2868 826 2906 eodem
848 2867 974 2905 animo
995 2878 1071 2916 quo
1094 2865 1145 2903 illi
1168 2866 1323 2904 fuerunt
1343 2866 1461 2912 eritis,
1483 2880 1631 2918 egoque

168 2937 247 2966 tuin
269 2928 423 2979 quidem
444 2930 641 2968 vobiscum
663 2944 765 2968 nunc
787 2938 915 2968 autem
939 2941 1005 2978 per
1025 2941 1094 2967 vos
1116 2927 1270 2966 civitate
1292 2929 1586 2967 exterminabor.
