1870 3277
631 173 704 210 DE
732 172 1181 211 PERMUTATIONE.
1549 172 1626 208 219

181 273 379 325 paratione
397 273 585 322 judicium
606 275 684 322 fiat,
711 282 749 313 et
768 276 833 325 qui
858 288 989 326 parem
1011 275 1046 312 in
1068 281 1148 312 arte
1167 275 1242 312 vim
1262 274 1416 320 habent,
1437 274 1625 313 consimili

179 347 331 385 quoque
350 334 499 386 peculio
520 335 691 374 instructi
710 342 903 388 putentur.
961 336 1002 373 Si
1023 349 1090 373 vos
1117 335 1232 386 igitur
1260 336 1463 386 aequabitis
1483 349 1545 373 me
1563 336 1628 374 vel

179 397 213 435 ei
232 397 296 447 qui
323 397 485 448 plurima
510 398 678 436 lucratus
703 405 762 435 est
791 411 927 448 meque
958 397 1094 436 eodem
1119 410 1197 448 quo
1223 397 1330 434 illum
1349 397 1435 435 loco
1455 397 1624 435 colloca-

177 457 280 504 bitis,
301 471 427 510 neque
447 473 512 497 vos
541 459 695 497 omnino
723 459 1006 497 inconsiderate
1030 459 1078 496 de
1105 458 1163 496 his
1183 458 1370 509 conjicere
1390 458 1623 505 videbimini,

176 532 300 570 neque
328 533 397 558 nos
429 521 759 572 deprehendemur
793 521 871 558 sive
903 534 948 558 ea
975 534 1063 571 quae
1092 520 1139 558 ad
1169 521 1302 558 urbem
1328 527 1510 571 spectant
1542 520 1622 557 sive

177 593 264 630 quae
283 581 332 619 ad
352 594 421 619 nos
441 582 542 632 ipsos
558 582 655 619 male
675 594 924 632 procurasse余
954 582 1023 620 sed
1044 581 1287 632 paucioribus
1308 581 1491 632 impensis
1507 581 1623 618 vitam

175 641 372 688 tolerasse,
398 656 512 692 quam
530 655 625 693 quas
654 644 692 680 in
720 643 875 694 publica
893 643 1102 681 ministeria
1123 643 1297 680 fecimus.
1351 641 1438 679 Jam
1459 641 1521 691 qui
1542 654 1625 692 par-

174 702 296 740 ciores
321 710 411 740 sunt
437 703 476 740 in
500 703 653 754 privatis
673 716 787 754 quam
814 704 853 741 in
884 704 1065 754 publicis,
1092 703 1178 755 jure
1208 716 1253 741 ac
1281 703 1415 741 merito
1441 702 1623 740 laudandi

177 769 278 800 sunt.

226 824 314 860 26.*
347 825 407 861 10.
437 824 533 862 Haec
562 824 654 862 dum
681 824 816 875 loquor
845 826 948 862 subit
974 826 1142 863 animum
1169 824 1364 875 cogitatio,
1385 837 1500 874 quam
1522 823 1622 861 urbis

173 891 294 922 status
315 885 480 923 deterior
500 885 548 923 sit
568 886 705 932 factus,
719 899 912 936 quamque
930 886 1103 924 hodierni
1123 887 1226 925 cives
1248 900 1270 924 a
1289 886 1473 937 prioribus
1493 892 1622 923 mente

173 958 218 983 ac
239 946 386 996 judicio
405 945 594 984 differant.
652 947 753 985 Nam
773 961 860 986 cum
881 961 954 999 ego
975 961 1069 999 puer
1089 961 1206 993 eram,
1233 954 1359 984 tutum
1384 947 1479 985 adeo
1505 954 1621 998 atque

169 1006 421 1045 honorificum
439 1010 644 1059 putabatur
663 1009 780 1046 ditem
802 1022 902 1055 esse,
919 1016 959 1046 ut
978 1016 1129 1047 tantum
1146 1022 1223 1046 non
1243 1008 1373 1046 cuncti
1394 1008 1621 1046 simularent

171 1081 212 1106 se
241 1069 403 1120 majores
434 1070 533 1107 veris
563 1070 766 1109 facultates
799 1070 952 1117 habere,
985 1072 1126 1122 quippe
1158 1072 1223 1121 qui
1259 1070 1401 1109 vellent
1430 1070 1467 1107 in
1502 1069 1618 1121 hujus

170 1132 301 1181 gloriae
321 1139 471 1184 partem
490 1133 641 1172 venire:
671 1147 775 1172 nunc
796 1141 923 1172 autem
944 1135 1049 1184 quod
1070 1135 1166 1172 dites
1186 1147 1263 1172 non
1295 1133 1412 1171 simus
1441 1134 1620 1184 apologia

169 1194 408 1244 probandum
427 1201 499 1241 est,
524 1208 569 1232 ac
594 1207 707 1245 porro
726 1196 934 1233 videndum
956 1195 987 1233 si
1006 1209 1082 1246 qua
1103 1196 1250 1234 ratione
1272 1194 1367 1233 salvi
1388 1208 1471 1232 esse
1495 1195 1619 1245 possi-

167 1269 266 1294 mus.
324 1257 423 1295 Nam
449 1257 700 1308 periculosius
729 1266 789 1296 est
807 1258 925 1296 videri
946 1258 1079 1296 divites
1108 1272 1223 1309 quam
1244 1266 1371 1309 aperte
1392 1258 1615 1296 maleficos:

167 1318 206 1355 hi
225 1319 325 1356 enim
340 1319 400 1357 vel
415 1326 701 1370 consequuntur
715 1320 863 1358 veniam
880 1321 940 1358 vel
956 1321 1088 1358 leviter
1106 1321 1355 1368 mulctantur,
1371 1320 1425 1357 illi
1443 1320 1616 1358 funditus

165 1386 346 1430 pereunt余
376 1394 421 1418 ac
441 1380 566 1431 plures
587 1381 822 1431 reperiemus
849 1395 871 1418 a
895 1382 972 1419 suis
1000 1382 1249 1419 facultatibus
1270 1380 1474 1430 excidisse,
1501 1395 1616 1432 quam

164 1441 358 1492 improbos
383 1455 516 1492 poenas
547 1442 712 1480 dedisse.
772 1443 847 1480 Sed
876 1443 968 1494 quid
996 1456 1092 1494 opus
1119 1450 1178 1481 est
1204 1443 1252 1480 de
1282 1442 1444 1493 publicis
1467 1443 1617 1481 dicere?

166 1504 250 1553 Ego
281 1505 364 1555 ipse
398 1505 499 1542 enim
531 1518 607 1542 non
645 1518 779 1556 parum
814 1506 852 1543 in
886 1506 979 1543 meis
1014 1505 1152 1543 studiis
1186 1505 1307 1543 falsus
1342 1518 1426 1542 sum
1460 1513 1616 1556 propter

163 1564 261 1603 hanc
290 1567 508 1617 opinionem
537 1567 838 1605 conversionem.
897 1567 1000 1604 Cum
1024 1567 1121 1604 enim
1149 1580 1221 1617 ego
1250 1567 1347 1617 coepi
1377 1567 1488 1604 rebus
1519 1567 1612 1605 meis

164 1627 321 1673 mederi,
348 1629 493 1666 arnissis
513 1628 549 1665 in
569 1628 671 1665 bello
691 1634 826 1665 contra
847 1628 1161 1665 Laeedaemonios
1190 1629 1339 1665 cunctis
1365 1627 1613 1666 facultatibus

163 1689 272 1735 meis,
294 1703 341 1727 ex
361 1690 497 1741 quibus
523 1697 632 1740 pater
657 1697 734 1727 tum
762 1690 844 1727 urbi
868 1703 908 1727 se
933 1690 1065 1727 utilem
1092 1689 1330 1735 exhibuerat,
1357 1697 1436 1726 tum
1465 1703 1535 1728 nos
1560 1691 1614 1729 ita

162 1751 334 1788 studiose
353 1751 585 1788 educaverat
606 1758 647 1788 ut
669 1763 743 1802 ego
767 1758 861 1789 tunc
886 1751 1021 1789 clarior
1049 1759 1088 1789 et
1114 1751 1237 1789 notior
1266 1751 1364 1788 inter
1383 1751 1555 1801 aequales
1575 1759 1614 1790 et

159 1811 445 1863 condiscipulos
474 1826 596 1850 essem
616 1825 732 1863 quam
758 1826 859 1850 nunc
883 1813 981 1850 inter
1009 1813 1131 1856 cives余
1168 1826 1256 1851 cum
1284 1812 1412 1862 igitur,
1441 1813 1611 1863 inquam,

160 1873 259 1924 coepi
280 1874 492 1925 aliquorum
513 1887 598 1912 esse
619 1874 814 1924 magister,
837 1876 1034 1925 putabam,
1065 1875 1096 1912 si
1115 1887 1269 1925 possem
1290 1873 1401 1924 plura
1421 1873 1509 1911 mihi
1529 1874 1611 1911 vin-

158 1935 286 1973 dicare
305 1943 420 1986 atque
436 1949 604 1974 asserere
620 1948 733 1985 quam
749 1936 841 1973 artis
857 1936 966 1982 socii,
980 1943 1183 1986 utrumque
1203 1935 1252 1973 de
1272 1947 1332 1972 me
1351 1934 1608 1973 existimatum

157 1996 214 2041 iri,
235 2002 275 2034 et
293 1996 478 2048 sapientia
496 1997 672 2034 nimirum
691 1997 876 2035 excellere
898 2004 936 2035 et
955 1996 1155 2035 honestius
1176 1996 1319 2034 vixisse
1340 1997 1501 2034 caeteris.
1558 1998 1611 2035 At

157 2057 273 2107 plane
293 2058 524 2096 contrarium
545 2058 637 2095 mihi
662 2058 834 2109 contigit.
892 2058 932 2095 Si
957 2058 1059 2095 enim
1089 2058 1203 2095 homo
1225 2058 1377 2108 ineptus
1399 2058 1607 2096 evasissem

155 2132 227 2158 nec
245 2120 447 2170 quicquam
467 2119 766 2171 acquisivissem,
786 2133 898 2157 nemo
919 2120 1008 2156 mihi
1029 2119 1244 2157 molestiam
1266 2119 1517 2166 exhibuisset,
1538 2120 1609 2158 sed

155 2181 304 2219 etiamsi
323 2187 450 2232 aperte
469 2181 627 2220 fuissem
649 2181 856 2232 improbus,
879 2194 901 2219 a
918 2180 1166 2231 sycophantis
1187 2186 1292 2218 certe
1313 2193 1470 2219 securus
1491 2181 1608 2218 vixis-

153 2256 257 2282 sem:
287 2256 390 2282 nunc
411 2256 500 2282 vero
519 2256 584 2293 pro
612 2242 733 2293 gloria
751 2256 865 2294 quam
891 2243 1176 2294 exspectabam,
1204 2243 1290 2281 lites
1319 2249 1357 2280 et
1381 2242 1551 2293 pericula
1569 2250 1608 2280 et

153 2305 306 2343 invidiae
327 2311 367 2342 et
382 2304 665 2342 criminationes
684 2305 943 2356 contigerunt.
998 2305 1087 2343 Hoc
1106 2304 1206 2342 enim
1229 2317 1332 2343 nunc
1355 2304 1490 2342 civitas
1513 2316 1606 2354 gau-

155 2366 235 2412 det,
253 2367 374 2405 bonos
393 2366 567 2404 nimirum
589 2366 757 2417 affligere
776 2373 891 2417 atque
911 2366 1141 2418 deprimere,
1161 2366 1342 2418 improbis
1365 2373 1492 2403 autem
1514 2365 1606 2403 dare

151 2428 300 2479 copiam
315 2428 467 2467 dicendi
483 2428 702 2479 agendique
713 2428 897 2479 quidquid
912 2429 1078 2474 libuerit,
1090 2428 1141 2466 ita
1156 2435 1198 2466 ut
1211 2429 1324 2466 etiam
1341 2426 1604 2478 Lysimachus,

152 2490 219 2541 qui
238 2490 371 2529 statuit
390 2504 409 2528 e
439 2490 693 2542 sycophantia
710 2491 836 2528 vivere
866 2503 1090 2542 semperque
1117 2490 1283 2541 aliquem
1313 2489 1433 2526 civem
1452 2501 1604 2535 vexare,

153 2552 204 2590 ad
227 2565 286 2590 me
313 2552 573 2590 accusandum
602 2552 640 2589 in
667 2551 891 2590 concionem
921 2551 1187 2594 adscenderit余
1225 2563 1297 2601 ego
1322 2556 1449 2586 autem
1473 2549 1537 2599 qui
1564 2549 1602 2587 in

153 2614 344 2652 neminem
364 2627 532 2665 unquam
552 2614 708 2664 peccavi
729 2619 847 2664 atque
873 2627 896 2652 a
917 2613 1121 2664 stipendiis
1146 2613 1182 2649 in
1203 2611 1326 2662 patria
1347 2609 1601 2661 percipiendis

154 2675 335 2722 abstinui,
354 2676 401 2714 ab
420 2674 613 2714 extraneis
634 2688 722 2713 vero
743 2676 807 2726 qui
833 2688 874 2713 se
898 2675 1096 2713 beneficiis
1117 2687 1139 2711 a
1157 2686 1217 2711 me
1238 2672 1394 2710 affectos
1412 2673 1602 2723 putabant

154 2736 412 2775 emolumenta
429 2736 661 2788 comparavi,
682 2736 793 2788 quasi
819 2736 936 2787 impia
958 2736 1113 2773 fecerim
1135 2735 1171 2772 in
1191 2734 1265 2772 hoc
1284 2733 1488 2771 discrimen
1509 2746 1601 2771 con-

148 2797 275 2847 jectus
296 2811 393 2835 sum.
449 2799 568 2849 Atqui
593 2811 661 2849 par
689 2806 749 2837 est
773 2811 840 2836 eos
865 2799 929 2848 qui
955 2797 1110 2848 sapiunt
1137 2808 1243 2834 orare
1265 2797 1370 2834 Deos
1397 2802 1440 2832 ut
1464 2808 1600 2846 quam-

154 2859 324 2909 plurimis
342 2859 486 2898 civibus
500 2860 585 2899 haec
605 2861 693 2899 insit
708 2861 887 2906 facultas,
907 2860 956 2897 ob
972 2871 1086 2909 quam
1106 2859 1325 2897 muneribus
1345 2859 1392 2896 ab
1408 2858 1599 2895 extraneis

154 2920 261 2959 ditati
282 2920 395 2960 utiles
415 2934 470 2966 se,
491 2922 545 2960 uti
564 2935 652 2973 ego,
671 2923 816 2962 civitati
836 2930 965 2960 essent
984 2920 1198 2971 praestituri.
1238 2921 1326 2959 Jam
1342 2933 1458 2972 quum
1481 2918 1598 2957 multa
