<?xml version="1.0" encoding="UTF-8"?>
<!DOCTYPE html PUBLIC "-//W3C//DTD XHTML 1.0 Transitional//EN"
    "http://www.w3.org/TR/xhtml1/DTD/xhtml1-transitional.dtd">
<html xmlns="http://www.w3.org/1999/xhtml" xml:lang="en" lang="en">
 <head>
  <title>
</title>
<meta http-equiv="Content-Type" content="text/html;charset=utf-8" />
  <meta name='ocr-system' content='tesseract 3.04.00' />
  <meta name='ocr-capabilities' content='ocr_page ocr_carea ocr_par ocr_line ocrx_word'/>
</head>
<body>
  <div class='ocr_page' id='page_1' title='image "./oratoresatticie14dobs_0172.png"; bbox 0 0 1870 3277; ppageno 0'>
   <div class='ocr_carea' id='block_1_1' title="bbox 236 152 1105 194">
    <p class='ocr_par' dir='ltr' id='par_1_1' title="bbox 236 152 1105 194">
     <span class='ocr_line' id='line_1_1' title="bbox 236 152 1105 194; baseline 0.007 -6"><span class='ocrx_word' id='word_1_1' title='bbox 236 152 308 189; x_wconf 87' lang='lat'><strong>160</strong></span> <span class='ocrx_word' id='word_1_2' title='bbox 822 155 1105 194; x_wconf 82' lang='lat' dir='ltr'><strong>lSOCRATlS</strong></span> 
     </span>
    </p>
   </div>
   <div class='ocr_carea' id='block_1_2' title="bbox 217 253 1698 2970">
    <p class='ocr_par' dir='ltr' id='par_1_2' title="bbox 219 253 1698 1915">
     <span class='ocr_line' id='line_1_2' title="bbox 230 253 1696 310; baseline 0.005 -19"><span class='ocrx_word' id='word_1_3' title='bbox 230 253 295 291; x_wconf 92' lang='lat' dir='ltr'><strong>bili</strong></span> <span class='ocrx_word' id='word_1_4' title='bbox 328 254 540 304; x_wconf 87' lang='lat' dir='ltr'><strong>cupiditate</strong></span> <span class='ocrx_word' id='word_1_5' title='bbox 569 254 770 307; x_wconf 85' lang='lat' dir='ltr'><strong>flagrasse,</strong></span> <span class='ocrx_word' id='word_1_6' title='bbox 793 265 836 296; x_wconf 91' lang='lat' dir='ltr'><strong>ut</strong></span> <span class='ocrx_word' id='word_1_7' title='bbox 867 259 1026 310; x_wconf 86' lang='lat' dir='ltr'><strong>imperio</strong></span> <span class='ocrx_word' id='word_1_8' title='bbox 1058 259 1228 297; x_wconf 84' lang='lat' dir='ltr'>terrestri</span> <span class='ocrx_word' id='word_1_9' title='bbox 1263 271 1340 297; x_wconf 92' lang='lat' dir='ltr'><strong>non</strong></span> <span class='ocrx_word' id='word_1_10' title='bbox 1375 260 1560 305; x_wconf 82' lang='lat' dir='ltr'>contenti,</span> <span class='ocrx_word' id='word_1_11' title='bbox 1581 261 1696 298; x_wconf 87' lang='lat' dir='ltr'><strong>maris</strong></span> 
     </span>
     <span class='ocr_line' id='line_1_3' title="bbox 230 315 1697 371; baseline 0.006 -20"><span class='ocrx_word' id='word_1_12' title='bbox 230 315 343 352; x_wconf 88' lang='lat' dir='ltr'><strong>etiarn</strong></span> <span class='ocrx_word' id='word_1_13' title='bbox 365 315 606 354; x_wconf 91' lang='lat' dir='ltr'><strong>dominatum</strong></span> <span class='ocrx_word' id='word_1_14' title='bbox 635 318 905 365; x_wconf 86' lang='lat' dir='ltr'><strong>desiderarint,</strong></span> <span class='ocrx_word' id='word_1_15' title='bbox 929 321 1143 371; x_wconf 77' lang='lat' dir='ltr'>iisdemque</span> <span class='ocrx_word' id='word_1_16' title='bbox 1166 321 1404 370; x_wconf 74' lang='lat' dir='ltr'><strong>temporibus</strong></span> <span class='ocrx_word' id='word_1_17' title='bbox 1424 329 1462 359; x_wconf 91' lang='lat' dir='ltr'><strong>et</strong></span> <span class='ocrx_word' id='word_1_18' title='bbox 1481 323 1607 360; x_wconf 90' lang='lat' dir='ltr'><strong>socios</strong></span> <span class='ocrx_word' id='word_1_19' title='bbox 1627 335 1697 360; x_wconf 93' lang='lat' dir='ltr'><strong>no-</strong></span> 
     </span>
     <span class='ocr_line' id='line_1_4' title="bbox 231 377 1696 433; baseline 0.005 -20"><span class='ocrx_word' id='word_1_20' title='bbox 231 383 331 414; x_wconf 90' lang='lat' dir='ltr'><strong>stros</strong></span> <span class='ocrx_word' id='word_1_21' title='bbox 352 377 401 414; x_wconf 87' lang='lat' dir='ltr'><strong>ad</strong></span> <span class='ocrx_word' id='word_1_22' title='bbox 421 377 678 418; x_wconf 83' lang='lat' dir='ltr'><strong>defectionem</strong></span> <span class='ocrx_word' id='word_1_23' title='bbox 698 380 934 430; x_wconf 75' lang='lat' dir='ltr'><strong>impulerint,</strong></span> <span class='ocrx_word' id='word_1_24' title='bbox 953 382 1166 419; x_wconf 79' lang='lat' dir='ltr'><strong>libertatem</strong></span> <span class='ocrx_word' id='word_1_25' title='bbox 1189 381 1362 431; x_wconf 83' lang='lat' dir='ltr'><strong>polliciti,</strong></span> <span class='ocrx_word' id='word_1_26' title='bbox 1379 389 1418 419; x_wconf 89' lang='lat' dir='ltr'><strong>et</strong></span> <span class='ocrx_word' id='word_1_27' title='bbox 1437 396 1522 420; x_wconf 91' lang='lat' dir='ltr'><strong>cum</strong></span> <span class='ocrx_word' id='word_1_28' title='bbox 1539 397 1628 433; x_wconf 87' lang='lat' dir='ltr'><strong>rege</strong></span> <span class='ocrx_word' id='word_1_29' title='bbox 1647 384 1696 421; x_wconf 89' lang='lat' dir='ltr'><strong>de</strong></span> 
     </span>
     <span class='ocr_line' id='line_1_5' title="bbox 228 439 1695 492; baseline 0.005 -17"><span class='ocrx_word' id='word_1_30' title='bbox 228 439 396 477; x_wconf 87' lang='lat' dir='ltr'><strong>amicitia</strong></span> <span class='ocrx_word' id='word_1_31' title='bbox 416 447 455 478; x_wconf 93' lang='lat' dir='ltr'><strong>et</strong></span> <span class='ocrx_word' id='word_1_32' title='bbox 474 442 658 480; x_wconf 88' lang='lat' dir='ltr'><strong>societate</strong></span> <span class='ocrx_word' id='word_1_33' title='bbox 680 443 843 492; x_wconf 84' lang='lat' dir='ltr'><strong>egerint,</strong></span> <span class='ocrx_word' id='word_1_34' title='bbox 863 443 1098 481; x_wconf 85' lang='lat' dir='ltr'><strong>affirmantes</strong></span> <span class='ocrx_word' id='word_1_35' title='bbox 1121 456 1160 481; x_wconf 88' lang='lat' dir='ltr'><strong>se</strong></span> <span class='ocrx_word' id='word_1_36' title='bbox 1184 443 1234 480; x_wconf 89' lang='lat' dir='ltr'><strong>illi</strong></span> <span class='ocrx_word' id='word_1_37' title='bbox 1257 456 1392 480; x_wconf 89' lang='lat' dir='ltr'><strong>omnes</strong></span> <span class='ocrx_word' id='word_1_38' title='bbox 1416 444 1518 481; x_wconf 83' lang='lat' dir='ltr'><strong>Asiae</strong></span> <span class='ocrx_word' id='word_1_39' title='bbox 1546 446 1695 483; x_wconf 85' lang='lat' dir='ltr'><strong>incolas</strong></span> 
     </span>
     <span class='ocr_line' id='line_1_6' title="bbox 228 501 1696 555; baseline 0.005 -17"><span class='ocrx_word' id='word_1_40' title='bbox 228 501 460 546; x_wconf 87' lang='lat' dir='ltr'><strong>tradituros;</strong></span> <span class='ocrx_word' id='word_1_41' title='bbox 492 503 549 540; x_wconf 88' lang='lat' dir='ltr'><strong>his</strong></span> <span class='ocrx_word' id='word_1_42' title='bbox 565 503 855 542; x_wconf 88' lang='lat' dir='ltr'><strong>conditionibus</strong></span> <span class='ocrx_word' id='word_1_43' title='bbox 875 504 948 541; x_wconf 85' lang='lat' dir='ltr'><strong>fide</strong></span> <span class='ocrx_word' id='word_1_44' title='bbox 967 505 1144 555; x_wconf 81' lang='lat' dir='ltr'><strong>utrinque</strong></span> <span class='ocrx_word' id='word_1_45' title='bbox 1163 505 1254 542; x_wconf 88' lang='lat' dir='ltr'><strong>data</strong></span> <span class='ocrx_word' id='word_1_46' title='bbox 1273 505 1458 555; x_wconf 87' lang='lat' dir='ltr'><strong>nobisque</strong></span> <span class='ocrx_word' id='word_1_47' title='bbox 1478 505 1696 553; x_wconf 87' lang='lat' dir='ltr'><strong>debellatis,</strong></span> 
     </span>
     <span class='ocr_line' id='line_1_7' title="bbox 227 563 1696 618; baseline 0.004 -18"><span class='ocrx_word' id='word_1_48' title='bbox 227 563 369 613; x_wconf 87' lang='lat' dir='ltr'><strong>quibus</strong></span> <span class='ocrx_word' id='word_1_49' title='bbox 393 564 648 616; x_wconf 87' lang='lat' dir='ltr'><strong>jurejurando</strong></span> <span class='ocrx_word' id='word_1_50' title='bbox 681 573 842 616; x_wconf 87' lang='lat' dir='ltr'><strong>accepto</strong></span> <span class='ocrx_word' id='word_1_51' title='bbox 875 566 1088 604; x_wconf 87' lang='lat' dir='ltr'><strong>libertatem</strong></span> <span class='ocrx_word' id='word_1_52' title='bbox 1121 568 1392 618; x_wconf 87' lang='lat' dir='ltr'><strong>promiserant,</strong></span> <span class='ocrx_word' id='word_1_53' title='bbox 1421 580 1487 604; x_wconf 91' lang='lat' dir='ltr'><strong>eos</strong></span> <span class='ocrx_word' id='word_1_54' title='bbox 1521 569 1696 618; x_wconf 90' lang='lat' dir='ltr'><strong>graviore</strong></span> 
     </span>
     <span class='ocr_line' id='line_1_8' title="bbox 227 625 1697 679; baseline 0.004 -17"><span class='ocrx_word' id='word_1_55' title='bbox 227 625 412 663; x_wconf 88' lang='lat' dir='ltr'><strong>servitute</strong></span> <span class='ocrx_word' id='word_1_56' title='bbox 433 639 551 676; x_wconf 87' lang='lat' dir='ltr'><strong>quam</strong></span> <span class='ocrx_word' id='word_1_57' title='bbox 573 626 734 664; x_wconf 87' lang='lat' dir='ltr'><strong>Helotes</strong></span> <span class='ocrx_word' id='word_1_58' title='bbox 757 635 1048 679; x_wconf 87' lang='lat' dir='ltr'><strong>oppresserunt,</strong></span> <span class='ocrx_word' id='word_1_59' title='bbox 1069 641 1232 679; x_wconf 83' lang='lat' dir='ltr'><strong>eamque</strong></span> <span class='ocrx_word' id='word_1_60' title='bbox 1260 629 1339 679; x_wconf 87' lang='lat' dir='ltr'><strong>regi</strong></span> <span class='ocrx_word' id='word_1_61' title='bbox 1367 629 1527 679; x_wconf 86' lang='lat' dir='ltr'><strong>gratiam</strong></span> <span class='ocrx_word' id='word_1_62' title='bbox 1554 630 1697 668; x_wconf 89' lang='lat' dir='ltr'><strong>retule-</strong></span> 
     </span>
     <span class='ocr_line' id='line_1_9' title="bbox 227 687 1695 741; baseline 0.005 -18"><span class='ocrx_word' id='word_1_63' title='bbox 227 695 316 724; x_wconf 86' lang='lat' dir='ltr'><strong>runt</strong></span> <span class='ocrx_word' id='word_1_64' title='bbox 345 693 388 724; x_wconf 93' lang='lat' dir='ltr'><strong>ut</strong></span> <span class='ocrx_word' id='word_1_65' title='bbox 418 687 501 738; x_wconf 89' lang='lat' dir='ltr'><strong>ejus</strong></span> <span class='ocrx_word' id='word_1_66' title='bbox 534 688 638 725; x_wconf 87' lang='lat' dir='ltr'><strong>fratri</strong></span> <span class='ocrx_word' id='word_1_67' title='bbox 669 688 772 739; x_wconf 91' lang='lat' dir='ltr'><strong>Cyro</strong></span> <span class='ocrx_word' id='word_1_68' title='bbox 802 696 895 726; x_wconf 86' lang='lat' dir='ltr'><strong>natu</strong></span> <span class='ocrx_word' id='word_1_69' title='bbox 926 689 1061 727; x_wconf 89' lang='lat' dir='ltr'><strong>minori</strong></span> <span class='ocrx_word' id='word_1_70' title='bbox 1092 691 1369 741; x_wconf 82' lang='lat' dir='ltr'><strong>persuaserint,</strong></span> <span class='ocrx_word' id='word_1_71' title='bbox 1388 697 1428 726; x_wconf 88' lang='lat' dir='ltr'><strong>ut</strong></span> <span class='ocrx_word' id='word_1_72' title='bbox 1458 703 1545 728; x_wconf 90' lang='lat' dir='ltr'><strong>cnm</strong></span> <span class='ocrx_word' id='word_1_73' title='bbox 1571 704 1617 728; x_wconf 93' lang='lat' dir='ltr'><strong>eo</strong></span> <span class='ocrx_word' id='word_1_74' title='bbox 1645 691 1695 730; x_wconf 89' lang='lat' dir='ltr'><strong>de</strong></span> 
     </span>
     <span class='ocr_line' id='line_1_10' title="bbox 224 749 1695 802; baseline 0.003 -17"><span class='ocrx_word' id='word_1_75' title='bbox 224 761 345 799; x_wconf 85' lang='lat' dir='ltr'><strong>regno</strong></span> <span class='ocrx_word' id='word_1_76' title='bbox 377 749 493 786; x_wconf 85' lang='lat' dir='ltr'><strong>armis</strong></span> <span class='ocrx_word' id='word_1_77' title='bbox 525 750 794 795; x_wconf 83' lang='lat' dir='ltr'><strong>contenderet,</strong></span> <span class='ocrx_word' id='word_1_78' title='bbox 816 750 1057 802; x_wconf 89' lang='lat' dir='ltr'><strong>collectoque</strong></span> <span class='ocrx_word' id='word_1_79' title='bbox 1091 752 1256 789; x_wconf 89' lang='lat' dir='ltr'><strong>exercitu</strong></span> <span class='ocrx_word' id='word_1_80' title='bbox 1287 751 1521 790; x_wconf 81' lang='lat' dir='ltr'><strong>Clearchnm</strong></span> <span class='ocrx_word' id='word_1_81' title='bbox 1554 752 1695 791; x_wconf 87' lang='lat' dir='ltr'><strong>ducem</strong></span> 
     </span>
     <span class='ocr_line' id='line_1_11' title="bbox 225 812 1698 865; baseline 0.003 -16"><span class='ocrx_word' id='word_1_82' title='bbox 225 818 361 849; x_wconf 89' lang='lat' dir='ltr'><strong>contra</strong></span> <span class='ocrx_word' id='word_1_83' title='bbox 391 824 478 849; x_wconf 93' lang='lat' dir='ltr'><strong>eum</strong></span> <span class='ocrx_word' id='word_1_84' title='bbox 513 812 708 857; x_wconf 85' lang='lat' dir='ltr'><strong>miserint;</strong></span> <span class='ocrx_word' id='word_1_85' title='bbox 749 812 921 851; x_wconf 86' lang='lat' dir='ltr'><strong>frustrati</strong></span> <span class='ocrx_word' id='word_1_86' title='bbox 951 820 1081 851; x_wconf 89' lang='lat' dir='ltr'><strong>autem</strong></span> <span class='ocrx_word' id='word_1_87' title='bbox 1115 813 1152 851; x_wconf 92' lang='lat' dir='ltr'><strong>in</strong></span> <span class='ocrx_word' id='word_1_88' title='bbox 1185 813 1244 851; x_wconf 89' lang='lat' dir='ltr'><strong>his</strong></span> <span class='ocrx_word' id='word_1_89' title='bbox 1279 826 1346 864; x_wconf 87' lang='lat' dir='ltr'><strong>spe</strong></span> <span class='ocrx_word' id='word_1_90' title='bbox 1378 827 1449 852; x_wconf 90' lang='lat' dir='ltr'><strong>sua</strong></span> <span class='ocrx_word' id='word_1_91' title='bbox 1479 821 1519 852; x_wconf 89' lang='lat' dir='ltr'><strong>et</strong></span> <span class='ocrx_word' id='word_1_92' title='bbox 1552 816 1698 865; x_wconf 85' lang='lat' dir='ltr'><strong>cogniti</strong></span> 
     </span>
     <span class='ocr_line' id='line_1_12' title="bbox 225 873 1696 927; baseline 0.002 -16"><span class='ocrx_word' id='word_1_93' title='bbox 225 874 361 924; x_wconf 90' lang='lat' dir='ltr'><strong>quales</strong></span> <span class='ocrx_word' id='word_1_94' title='bbox 381 880 529 918; x_wconf 88' lang='lat' dir='ltr'><strong>essent,</strong></span> <span class='ocrx_word' id='word_1_95' title='bbox 546 881 585 911; x_wconf 91' lang='lat' dir='ltr'><strong>et</strong></span> <span class='ocrx_word' id='word_1_96' title='bbox 603 873 775 912; x_wconf 91' lang='lat' dir='ltr'><strong>omniurn</strong></span> <span class='ocrx_word' id='word_1_97' title='bbox 796 874 894 913; x_wconf 90' lang='lat' dir='ltr'><strong>odiis</strong></span> <span class='ocrx_word' id='word_1_98' title='bbox 917 875 1124 927; x_wconf 89' lang='lat' dir='ltr'><strong>susceptis,</strong></span> <span class='ocrx_word' id='word_1_99' title='bbox 1139 875 1242 913; x_wconf 91' lang='lat' dir='ltr'><strong>bello</strong></span> <span class='ocrx_word' id='word_1_100' title='bbox 1258 876 1366 926; x_wconf 86' lang='lat' dir='ltr'><strong>petiti</strong></span> <span class='ocrx_word' id='word_1_101' title='bbox 1382 882 1421 913; x_wconf 91' lang='lat' dir='ltr'><strong>et</strong></span> <span class='ocrx_word' id='word_1_102' title='bbox 1436 875 1552 914; x_wconf 86' lang='lat' dir='ltr'><strong>tantis</strong></span> <span class='ocrx_word' id='word_1_103' title='bbox 1574 877 1696 914; x_wconf 89' lang='lat' dir='ltr'><strong>turbis</strong></span> 
     </span>
     <span class='ocr_line' id='line_1_13' title="bbox 225 935 1694 987; baseline 0.003 -15"><span class='ocrx_word' id='word_1_104' title='bbox 225 935 360 986; x_wconf 88' lang='lat' dir='ltr'><strong>agitati</strong></span> <span class='ocrx_word' id='word_1_105' title='bbox 378 942 481 980; x_wconf 89' lang='lat' dir='ltr'><strong>sunt,</strong></span> <span class='ocrx_word' id='word_1_106' title='bbox 498 936 653 986; x_wconf 86' lang='lat' dir='ltr'><strong>quantis</strong></span> <span class='ocrx_word' id='word_1_107' title='bbox 669 949 735 975; x_wconf 91' lang='lat' dir='ltr'><strong>eos</strong></span> <span class='ocrx_word' id='word_1_108' title='bbox 751 943 1056 975; x_wconf 89' lang='lat' dir='ltr'><strong>consentaneum</strong></span> <span class='ocrx_word' id='word_1_109' title='bbox 1072 945 1132 975; x_wconf 92' lang='lat' dir='ltr'><strong>est</strong></span> <span class='ocrx_word' id='word_1_110' title='bbox 1147 937 1213 987; x_wconf 90' lang='lat' dir='ltr'><strong>qui</strong></span> <span class='ocrx_word' id='word_1_111' title='bbox 1228 944 1266 975; x_wconf 90' lang='lat' dir='ltr'><strong>et</strong></span> <span class='ocrx_word' id='word_1_112' title='bbox 1279 937 1442 975; x_wconf 82' lang='lat' dir='ltr'><strong>Graecos</strong></span> <span class='ocrx_word' id='word_1_113' title='bbox 1459 945 1496 976; x_wconf 93' lang='lat' dir='ltr'><strong>et</strong></span> <span class='ocrx_word' id='word_1_114' title='bbox 1511 939 1694 976; x_wconf 84' lang='lat' dir='ltr'><strong>barbaros</strong></span> 
     </span>
     <span class='ocr_line' id='line_1_14' title="bbox 223 997 1694 1050; baseline 0.002 -16"><span class='ocrx_word' id='word_1_115' title='bbox 223 997 411 1035; x_wconf 86' lang='lat' dir='ltr'><strong>violarint.</strong></span> <span class='ocrx_word' id='word_1_116' title='bbox 464 997 616 1039; x_wconf 86' lang='lat' dir='ltr'><strong>Quibus</strong></span> <span class='ocrx_word' id='word_1_117' title='bbox 632 997 680 1035; x_wconf 93' lang='lat' dir='ltr'><strong>de</strong></span> <span class='ocrx_word' id='word_1_118' title='bbox 697 999 810 1036; x_wconf 91' lang='lat' dir='ltr'><strong>rebus</strong></span> <span class='ocrx_word' id='word_1_119' title='bbox 825 998 932 1036; x_wconf 88' lang='lat' dir='ltr'><strong>haud</strong></span> <span class='ocrx_word' id='word_1_120' title='bbox 947 999 1027 1037; x_wconf 89' lang='lat' dir='ltr'><strong>scio</strong></span> <span class='ocrx_word' id='word_1_121' title='bbox 1043 998 1154 1050; x_wconf 89' lang='lat' dir='ltr'><strong>plura</strong></span> <span class='ocrx_word' id='word_1_122' title='bbox 1167 999 1296 1037; x_wconf 87' lang='lat' dir='ltr'><strong>dicere</strong></span> <span class='ocrx_word' id='word_1_123' title='bbox 1312 1012 1498 1050; x_wconf 89' lang='lat' dir='ltr'><strong>quorsum</strong></span> <span class='ocrx_word' id='word_1_124' title='bbox 1517 999 1694 1044; x_wconf 85' lang='lat' dir='ltr'><strong>attineat,</strong></span> 
     </span>
     <span class='ocr_line' id='line_1_15' title="bbox 223 1057 1694 1111; baseline 0.003 -16"><span class='ocrx_word' id='word_1_125' title='bbox 223 1057 297 1095; x_wconf 88' lang='lat' dir='ltr'><strong>nisi</strong></span> <span class='ocrx_word' id='word_1_126' title='bbox 311 1057 416 1108; x_wconf 92' lang='lat' dir='ltr'><strong>quod</strong></span> <span class='ocrx_word' id='word_1_127' title='bbox 431 1058 558 1096; x_wconf 90' lang='lat' dir='ltr'><strong>navali</strong></span> <span class='ocrx_word' id='word_1_128' title='bbox 578 1059 708 1109; x_wconf 83' lang='lat' dir='ltr'><strong>praelio</strong></span> <span class='ocrx_word' id='word_1_129' title='bbox 726 1066 807 1097; x_wconf 87' lang='lat' dir='ltr'><strong>tum</strong></span> <span class='ocrx_word' id='word_1_130' title='bbox 824 1072 847 1098; x_wconf 89' lang='lat' dir='ltr'><strong>a</strong></span> <span class='ocrx_word' id='word_1_131' title='bbox 863 1059 978 1110; x_wconf 84' lang='lat' dir='ltr'><strong>regiis</strong></span> <span class='ocrx_word' id='word_1_132' title='bbox 999 1060 1228 1098; x_wconf 85' lang='lat' dir='ltr'><strong>exercitibus</strong></span> <span class='ocrx_word' id='word_1_133' title='bbox 1250 1067 1332 1098; x_wconf 89' lang='lat' dir='ltr'><strong>tum</strong></span> <span class='ocrx_word' id='word_1_134' title='bbox 1352 1061 1597 1111; x_wconf 87' lang='lat' dir='ltr'><strong>imperatoria</strong></span> <span class='ocrx_word' id='word_1_135' title='bbox 1617 1061 1694 1099; x_wconf 93' lang='lat' dir='ltr'><strong>Co-</strong></span> 
     </span>
     <span class='ocr_line' id='line_1_16' title="bbox 220 1119 1690 1172; baseline 0.002 -15"><span class='ocrx_word' id='word_1_136' title='bbox 220 1120 333 1158; x_wconf 90' lang='lat' dir='ltr'><strong>nonis</strong></span> <span class='ocrx_word' id='word_1_137' title='bbox 369 1119 524 1158; x_wconf 88' lang='lat' dir='ltr'><strong>solertia</strong></span> <span class='ocrx_word' id='word_1_138' title='bbox 556 1121 724 1171; x_wconf 89' lang='lat' dir='ltr'><strong>superati</strong></span> <span class='ocrx_word' id='word_1_139' title='bbox 754 1120 870 1159; x_wconf 88' lang='lat' dir='ltr'><strong>talem</strong></span> <span class='ocrx_word' id='word_1_140' title='bbox 900 1134 1034 1172; x_wconf 89' lang='lat' dir='ltr'><strong>pacem</strong></span> <span class='ocrx_word' id='word_1_141' title='bbox 1061 1122 1251 1166; x_wconf 88' lang='lat' dir='ltr'><strong>fecerunt,</strong></span> <span class='ocrx_word' id='word_1_142' title='bbox 1280 1135 1357 1172; x_wconf 82' lang='lat' dir='ltr'><strong>qua</strong></span> <span class='ocrx_word' id='word_1_143' title='bbox 1384 1135 1500 1160; x_wconf 91' lang='lat' dir='ltr'><strong>nemo</strong></span> <span class='ocrx_word' id='word_1_144' title='bbox 1529 1122 1690 1160; x_wconf 90' lang='lat' dir='ltr'><strong>demon-</strong></span> 
     </span>
     <span class='ocr_line' id='line_1_17' title="bbox 223 1182 1694 1234; baseline 0.003 -15"><span class='ocrx_word' id='word_1_145' title='bbox 223 1189 345 1220; x_wconf 87' lang='lat' dir='ltr'><strong>strare</strong></span> <span class='ocrx_word' id='word_1_146' title='bbox 377 1187 508 1232; x_wconf 90' lang='lat' dir='ltr'><strong>potest</strong></span> <span class='ocrx_word' id='word_1_147' title='bbox 538 1194 667 1233; x_wconf 91' lang='lat' dir='ltr'><strong>neque</strong></span> <span class='ocrx_word' id='word_1_148' title='bbox 697 1182 907 1233; x_wconf 86' lang='lat' dir='ltr'><strong>turpiorem</strong></span> <span class='ocrx_word' id='word_1_149' title='bbox 940 1183 1060 1221; x_wconf 87' lang='lat' dir='ltr'><strong>ullam</strong></span> <span class='ocrx_word' id='word_1_150' title='bbox 1092 1196 1264 1234; x_wconf 86' lang='lat' dir='ltr'><strong>unquam</strong></span> <span class='ocrx_word' id='word_1_151' title='bbox 1293 1196 1377 1221; x_wconf 87' lang='lat' dir='ltr'><strong>esse</strong></span> <span class='ocrx_word' id='word_1_152' title='bbox 1401 1183 1543 1221; x_wconf 86' lang='lat' dir='ltr'><strong>factam</strong></span> <span class='ocrx_word' id='word_1_153' title='bbox 1569 1197 1694 1234; x_wconf 86' lang='lat' dir='ltr'><strong>neque</strong></span> 
     </span>
     <span class='ocr_line' id='line_1_18' title="bbox 221 1245 1694 1298; baseline 0 -12"><span class='ocrx_word' id='word_1_154' title='bbox 221 1245 599 1286; x_wconf 88' lang='lat' dir='ltr'><strong>contumeliosiorem</strong></span> <span class='ocrx_word' id='word_1_155' title='bbox 616 1259 742 1296; x_wconf 90' lang='lat' dir='ltr'><strong>neque</strong></span> <span class='ocrx_word' id='word_1_156' title='bbox 755 1245 985 1285; x_wconf 83' lang='lat' dir='ltr'><strong>Graecorum</strong></span> <span class='ocrx_word' id='word_1_157' title='bbox 1003 1247 1324 1297; x_wconf 85' lang='lat' dir='ltr'><strong>negligentiorem</strong></span> <span class='ocrx_word' id='word_1_158' title='bbox 1342 1254 1408 1284; x_wconf 88' lang='lat' dir='ltr'><strong>aut</strong></span> <span class='ocrx_word' id='word_1_159' title='bbox 1423 1248 1546 1298; x_wconf 88' lang='lat' dir='ltr'><strong>magis</strong></span> <span class='ocrx_word' id='word_1_160' title='bbox 1561 1260 1694 1286; x_wconf 88' lang='lat' dir='ltr'><strong>eorum</strong></span> 
     </span>
     <span class='ocr_line' id='line_1_19' title="bbox 221 1307 1691 1359; baseline 0.001 -12"><span class='ocrx_word' id='word_1_161' title='bbox 221 1309 346 1348; x_wconf 87' lang='lat' dir='ltr'><strong>verbis</strong></span> <span class='ocrx_word' id='word_1_162' title='bbox 366 1308 596 1347; x_wconf 87' lang='lat' dir='ltr'><strong>contrariam</strong></span> <span class='ocrx_word' id='word_1_163' title='bbox 617 1308 680 1358; x_wconf 94' lang='lat' dir='ltr'><strong>qui</strong></span> <span class='ocrx_word' id='word_1_164' title='bbox 700 1307 880 1346; x_wconf 88' lang='lat' dir='ltr'><strong>virtutem</strong></span> <span class='ocrx_word' id='word_1_165' title='bbox 906 1309 1126 1359; x_wconf 87' lang='lat' dir='ltr'><strong>praedicant</strong></span> <span class='ocrx_word' id='word_1_166' title='bbox 1146 1309 1553 1348; x_wconf 85' lang='lat' dir='ltr'><strong>Lacedaemoniorum:</strong></span> <span class='ocrx_word' id='word_1_167' title='bbox 1587 1323 1691 1358; x_wconf 91' lang='lat' dir='ltr'><strong>nam,</strong></span> 
     </span>
     <span class='ocr_line' id='line_1_20' title="bbox 221 1368 1693 1422; baseline 0.001 -14"><span class='ocrx_word' id='word_1_168' title='bbox 221 1384 342 1422; x_wconf 89' lang='lat' dir='ltr'><strong>quum</strong></span> <span class='ocrx_word' id='word_1_169' title='bbox 362 1383 427 1408; x_wconf 86' lang='lat' dir='ltr'><strong>rex</strong></span> <span class='ocrx_word' id='word_1_170' title='bbox 453 1369 630 1408; x_wconf 92' lang='lat' dir='ltr'><strong>dominos</strong></span> <span class='ocrx_word' id='word_1_171' title='bbox 652 1368 880 1407; x_wconf 84' lang='lat' dir='ltr'><strong>Graecorum</strong></span> <span class='ocrx_word' id='word_1_172' title='bbox 908 1382 974 1407; x_wconf 88' lang='lat' dir='ltr'><strong>eos</strong></span> <span class='ocrx_word' id='word_1_173' title='bbox 998 1370 1205 1416; x_wconf 83' lang='lat' dir='ltr'><strong>effecisset,</strong></span> <span class='ocrx_word' id='word_1_174' title='bbox 1224 1385 1386 1422; x_wconf 86' lang='lat' dir='ltr'><strong>regnum</strong></span> <span class='ocrx_word' id='word_1_175' title='bbox 1407 1372 1440 1409; x_wconf 91' lang='lat' dir='ltr'><strong>ei</strong></span> <span class='ocrx_word' id='word_1_176' title='bbox 1461 1379 1499 1409; x_wconf 91' lang='lat' dir='ltr'><strong>et</strong></span> <span class='ocrx_word' id='word_1_177' title='bbox 1519 1371 1693 1410; x_wconf 84' lang='lat' dir='ltr'><strong>fortunas</strong></span> 
     </span>
     <span class='ocr_line' id='line_1_21' title="bbox 221 1430 1692 1484; baseline 0 -13"><span class='ocrx_word' id='word_1_178' title='bbox 221 1446 359 1472; x_wconf 89' lang='lat' dir='ltr'><strong>omnes</strong></span> <span class='ocrx_word' id='word_1_179' title='bbox 386 1432 532 1482; x_wconf 91' lang='lat' dir='ltr'><strong>eripere</strong></span> <span class='ocrx_word' id='word_1_180' title='bbox 559 1430 816 1475; x_wconf 89' lang='lat' dir='ltr'><strong>studuerunt;</strong></span> <span class='ocrx_word' id='word_1_181' title='bbox 848 1437 1055 1481; x_wconf 87' lang='lat' dir='ltr'><strong>postquam</strong></span> <span class='ocrx_word' id='word_1_182' title='bbox 1078 1444 1169 1468; x_wconf 89' lang='lat' dir='ltr'><strong>vero</strong></span> <span class='ocrx_word' id='word_1_183' title='bbox 1191 1433 1315 1469; x_wconf 88' lang='lat' dir='ltr'><strong>navali</strong></span> <span class='ocrx_word' id='word_1_184' title='bbox 1338 1432 1469 1482; x_wconf 84' lang='lat' dir='ltr'><strong>praelio</strong></span> <span class='ocrx_word' id='word_1_185' title='bbox 1491 1441 1692 1484; x_wconf 86' lang='lat' dir='ltr'><strong>superatos</strong></span> 
     </span>
     <span class='ocr_line' id='line_1_22' title="bbox 220 1491 1692 1543; baseline 0.001 -11"><span class='ocrx_word' id='word_1_186' title='bbox 220 1494 385 1532; x_wconf 90' lang='lat' dir='ltr'><strong>humiles</strong></span> <span class='ocrx_word' id='word_1_187' title='bbox 407 1493 590 1538; x_wconf 87' lang='lat' dir='ltr'><strong>reddidit,</strong></span> <span class='ocrx_word' id='word_1_188' title='bbox 610 1505 687 1529; x_wconf 90' lang='lat' dir='ltr'><strong>non</strong></span> <span class='ocrx_word' id='word_1_189' title='bbox 707 1504 863 1543; x_wconf 88' lang='lat' dir='ltr'><strong>parvam</strong></span> <span class='ocrx_word' id='word_1_190' title='bbox 885 1491 939 1528; x_wconf 89' lang='lat' dir='ltr'><strong>illi</strong></span> <span class='ocrx_word' id='word_1_191' title='bbox 960 1491 1185 1529; x_wconf 81' lang='lat' dir='ltr'><strong>Graecorum</strong></span> <span class='ocrx_word' id='word_1_192' title='bbox 1208 1500 1354 1543; x_wconf 86' lang='lat' dir='ltr'><strong>partem</strong></span> <span class='ocrx_word' id='word_1_193' title='bbox 1373 1494 1602 1541; x_wconf 89' lang='lat' dir='ltr'><strong>tribuerunt,</strong></span> <span class='ocrx_word' id='word_1_194' title='bbox 1623 1495 1692 1533; x_wconf 88' lang='lat' dir='ltr'><strong>sed</strong></span> 
     </span>
     <span class='ocr_line' id='line_1_23' title="bbox 221 1552 1691 1605; baseline -0.001 -10"><span class='ocrx_word' id='word_1_195' title='bbox 221 1569 358 1596; x_wconf 90' lang='lat' dir='ltr'><strong>omnes</strong></span> <span class='ocrx_word' id='word_1_196' title='bbox 380 1568 448 1593; x_wconf 93' lang='lat' dir='ltr'><strong>eos</strong></span> <span class='ocrx_word' id='word_1_197' title='bbox 469 1554 534 1605; x_wconf 94' lang='lat' dir='ltr'><strong>qui</strong></span> <span class='ocrx_word' id='word_1_198' title='bbox 557 1553 689 1591; x_wconf 87' lang='lat' dir='ltr'><strong>Asiam</strong></span> <span class='ocrx_word' id='word_1_199' title='bbox 710 1552 938 1598; x_wconf 89' lang='lat' dir='ltr'><strong>incolerent,</strong></span> <span class='ocrx_word' id='word_1_200' title='bbox 957 1560 996 1590; x_wconf 90' lang='lat' dir='ltr'><strong>et</strong></span> <span class='ocrx_word' id='word_1_201' title='bbox 1022 1554 1161 1603; x_wconf 88' lang='lat' dir='ltr'><strong>apertis</strong></span> <span class='ocrx_word' id='word_1_202' title='bbox 1181 1554 1308 1591; x_wconf 87' lang='lat' dir='ltr'><strong>verbis</strong></span> <span class='ocrx_word' id='word_1_203' title='bbox 1328 1554 1366 1590; x_wconf 90' lang='lat' dir='ltr'><strong>in</strong></span> <span class='ocrx_word' id='word_1_204' title='bbox 1387 1555 1519 1592; x_wconf 83' lang='lat' dir='ltr'><strong>literas</strong></span> <span class='ocrx_word' id='word_1_205' title='bbox 1549 1557 1691 1594; x_wconf 90' lang='lat' dir='ltr'><strong>retule-</strong></span> 
     </span>
     <span class='ocr_line' id='line_1_24' title="bbox 220 1615 1693 1668; baseline 0.001 -12"><span class='ocrx_word' id='word_1_206' title='bbox 220 1624 308 1657; x_wconf 88' lang='lat' dir='ltr'><strong>runt</strong></span> <span class='ocrx_word' id='word_1_207' title='bbox 328 1624 371 1655; x_wconf 89' lang='lat' dir='ltr'><strong>ut</strong></span> <span class='ocrx_word' id='word_1_208' title='bbox 390 1616 464 1654; x_wconf 91' lang='lat' dir='ltr'><strong>illis</strong></span> <span class='ocrx_word' id='word_1_209' title='bbox 487 1628 557 1653; x_wconf 85' lang='lat' dir='ltr'><strong>suo</strong></span> <span class='ocrx_word' id='word_1_210' title='bbox 577 1615 761 1653; x_wconf 85' lang='lat' dir='ltr'><strong>arbitratu</strong></span> <span class='ocrx_word' id='word_1_211' title='bbox 787 1615 869 1665; x_wconf 90' lang='lat' dir='ltr'><strong>ipse</strong></span> <span class='ocrx_word' id='word_1_212' title='bbox 895 1620 1080 1660; x_wconf 87' lang='lat' dir='ltr'><strong>uteretur,</strong></span> <span class='ocrx_word' id='word_1_213' title='bbox 1100 1626 1172 1652; x_wconf 88' lang='lat' dir='ltr'><strong>nec</strong></span> <span class='ocrx_word' id='word_1_214' title='bbox 1193 1616 1430 1653; x_wconf 89' lang='lat' dir='ltr'><strong>erubuerunt</strong></span> <span class='ocrx_word' id='word_1_215' title='bbox 1449 1616 1548 1653; x_wconf 87' lang='lat' dir='ltr'><strong>tales</strong></span> <span class='ocrx_word' id='word_1_216' title='bbox 1569 1619 1693 1668; x_wconf 89' lang='lat' dir='ltr'><strong>pacti-</strong></span> 
     </span>
     <span class='ocr_line' id='line_1_25' title="bbox 219 1676 1694 1729; baseline 0.001 -11"><span class='ocrx_word' id='word_1_217' title='bbox 219 1692 318 1718; x_wconf 90' lang='lat' dir='ltr'><strong>ones</strong></span> <span class='ocrx_word' id='word_1_218' title='bbox 349 1679 477 1717; x_wconf 79' lang='lat' dir='ltr'><strong>facere</strong></span> <span class='ocrx_word' id='word_1_219' title='bbox 513 1678 562 1715; x_wconf 93' lang='lat' dir='ltr'><strong>de</strong></span> <span class='ocrx_word' id='word_1_220' title='bbox 595 1676 683 1715; x_wconf 86' lang='lat' dir='ltr'><strong>viris</strong></span> <span class='ocrx_word' id='word_1_221' title='bbox 711 1689 873 1727; x_wconf 91' lang='lat' dir='ltr'><strong>quorum</strong></span> <span class='ocrx_word' id='word_1_222' title='bbox 905 1676 1091 1715; x_wconf 84' lang='lat' dir='ltr'><strong>societate</strong></span> <span class='ocrx_word' id='word_1_223' title='bbox 1119 1677 1180 1714; x_wconf 89' lang='lat' dir='ltr'><strong>usi</strong></span> <span class='ocrx_word' id='word_1_224' title='bbox 1208 1683 1247 1715; x_wconf 92' lang='lat' dir='ltr'><strong>et</strong></span> <span class='ocrx_word' id='word_1_225' title='bbox 1280 1690 1350 1715; x_wconf 90' lang='lat' dir='ltr'><strong>nos</strong></span> <span class='ocrx_word' id='word_1_226' title='bbox 1384 1679 1622 1729; x_wconf 87' lang='lat' dir='ltr'><strong>subegerant</strong></span> <span class='ocrx_word' id='word_1_227' title='bbox 1655 1687 1694 1719; x_wconf 91' lang='lat' dir='ltr'><strong>et</strong></span> 
     </span>
     <span class='ocr_line' id='line_1_26' title="bbox 219 1738 1690 1791; baseline 0 -11"><span class='ocrx_word' id='word_1_228' title='bbox 219 1741 383 1780; x_wconf 81' lang='lat' dir='ltr'><strong>Graecos</strong></span> <span class='ocrx_word' id='word_1_229' title='bbox 405 1740 440 1777; x_wconf 90' lang='lat' dir='ltr'><strong>in</strong></span> <span class='ocrx_word' id='word_1_230' title='bbox 471 1752 580 1778; x_wconf 90' lang='lat' dir='ltr'><strong>suam</strong></span> <span class='ocrx_word' id='word_1_231' title='bbox 608 1745 843 1791; x_wconf 88' lang='lat' dir='ltr'><strong>potestatem</strong></span> <span class='ocrx_word' id='word_1_232' title='bbox 873 1738 1106 1789; x_wconf 86' lang='lat' dir='ltr'><strong>redegerant</strong></span> <span class='ocrx_word' id='word_1_233' title='bbox 1125 1747 1164 1776; x_wconf 90' lang='lat' dir='ltr'><strong>et</strong></span> <span class='ocrx_word' id='word_1_234' title='bbox 1182 1738 1221 1775; x_wconf 89' lang='lat' dir='ltr'><strong>in</strong></span> <span class='ocrx_word' id='word_1_235' title='bbox 1243 1752 1351 1789; x_wconf 89' lang='lat' dir='ltr'><strong>spem</strong></span> <span class='ocrx_word' id='word_1_236' title='bbox 1374 1747 1562 1778; x_wconf 91' lang='lat' dir='ltr'><strong>venerant</strong></span> <span class='ocrx_word' id='word_1_237' title='bbox 1582 1742 1690 1780; x_wconf 85' lang='lat' dir='ltr'><strong>Asiae</strong></span> 
     </span>
     <span class='ocr_line' id='line_1_27' title="bbox 219 1800 1690 1854; baseline -0.001 -11"><span class='ocrx_word' id='word_1_238' title='bbox 219 1804 339 1843; x_wconf 88' lang='lat' dir='ltr'><strong>totius</strong></span> <span class='ocrx_word' id='word_1_239' title='bbox 360 1803 614 1854; x_wconf 82' lang='lat' dir='ltr'><strong>occupandae,</strong></span> <span class='ocrx_word' id='word_1_240' title='bbox 631 1802 700 1840; x_wconf 91' lang='lat' dir='ltr'><strong>sed</strong></span> <span class='ocrx_word' id='word_1_241' title='bbox 717 1801 793 1840; x_wconf 91' lang='lat' dir='ltr'><strong>tale</strong></span> <span class='ocrx_word' id='word_1_242' title='bbox 809 1800 937 1839; x_wconf 90' lang='lat' dir='ltr'><strong>foedus</strong></span> <span class='ocrx_word' id='word_1_243' title='bbox 958 1808 997 1839; x_wconf 90' lang='lat' dir='ltr'><strong>et</strong></span> <span class='ocrx_word' id='word_1_244' title='bbox 1014 1801 1052 1838; x_wconf 93' lang='lat' dir='ltr'><strong>in</strong></span> <span class='ocrx_word' id='word_1_245' title='bbox 1073 1801 1151 1839; x_wconf 91' lang='lat' dir='ltr'><strong>suis</strong></span> <span class='ocrx_word' id='word_1_246' title='bbox 1169 1801 1325 1853; x_wconf 90' lang='lat' dir='ltr'><strong>templis</strong></span> <span class='ocrx_word' id='word_1_247' title='bbox 1345 1801 1636 1854; x_wconf 86' lang='lat' dir='ltr'><strong>descripserunt</strong></span> <span class='ocrx_word' id='word_1_248' title='bbox 1651 1811 1690 1842; x_wconf 91' lang='lat' dir='ltr'><strong>et</strong></span> 
     </span>
     <span class='ocr_line' id='line_1_28' title="bbox 222 1865 862 1915; baseline -0.006 -10"><span class='ocrx_word' id='word_1_249' title='bbox 222 1867 351 1905; x_wconf 87' lang='lat' dir='ltr'><strong>socios</strong></span> <span class='ocrx_word' id='word_1_250' title='bbox 372 1865 475 1904; x_wconf 92' lang='lat' dir='ltr'><strong>idem</strong></span> <span class='ocrx_word' id='word_1_251' title='bbox 495 1865 621 1903; x_wconf 86' lang='lat' dir='ltr'><strong>facere</strong></span> <span class='ocrx_word' id='word_1_252' title='bbox 638 1871 862 1915; x_wconf 86' lang='lat' dir='ltr'><strong>coegerunt.</strong></span> 
     </span>
    </p>

    <p class='ocr_par' dir='ltr' id='par_1_3' title="bbox 217 1924 1694 2338">
     <span class='ocr_line' id='line_1_29' title="bbox 272 1924 1688 1978; baseline -0.001 -12"><span class='ocrx_word' id='word_1_253' title='bbox 272 1929 338 1966; x_wconf 83' lang='lat'><strong>40.</strong></span> <span class='ocrx_word' id='word_1_254' title='bbox 369 1928 428 1966; x_wconf 92' lang='lat' dir='ltr'><strong>Ac</strong></span> <span class='ocrx_word' id='word_1_255' title='bbox 448 1927 543 1965; x_wconf 85' lang='lat' dir='ltr'><strong>alios</strong></span> <span class='ocrx_word' id='word_1_256' title='bbox 564 1925 723 1977; x_wconf 90' lang='lat' dir='ltr'><strong>quidem</strong></span> <span class='ocrx_word' id='word_1_257' title='bbox 757 1938 834 1963; x_wconf 91' lang='lat' dir='ltr'><strong>non</strong></span> <span class='ocrx_word' id='word_1_258' title='bbox 866 1924 1153 1965; x_wconf 85' lang='lat' dir='ltr'><strong>desideraturos</strong></span> <span class='ocrx_word' id='word_1_259' title='bbox 1185 1933 1279 1978; x_wconf 90' lang='lat' dir='ltr'><strong>puto</strong></span> <span class='ocrx_word' id='word_1_260' title='bbox 1309 1927 1520 1978; x_wconf 88' lang='lat' dir='ltr'><strong>longiorem</strong></span> <span class='ocrx_word' id='word_1_261' title='bbox 1546 1928 1688 1966; x_wconf 86' lang='lat' dir='ltr'><strong>oratio-</strong></span> 
     </span>
     <span class='ocr_line' id='line_1_30' title="bbox 219 1987 1691 2041; baseline -0.001 -12"><span class='ocrx_word' id='word_1_262' title='bbox 219 2003 322 2035; x_wconf 88' lang='lat' dir='ltr'><strong>nem,</strong></span> <span class='ocrx_word' id='word_1_263' title='bbox 343 2001 464 2041; x_wconf 88' lang='lat' dir='ltr'><strong>quum</strong></span> <span class='ocrx_word' id='word_1_264' title='bbox 479 2002 526 2027; x_wconf 89' lang='lat' dir='ltr'><strong>ex</strong></span> <span class='ocrx_word' id='word_1_265' title='bbox 544 1988 603 2025; x_wconf 92' lang='lat' dir='ltr'><strong>his</strong></span> <span class='ocrx_word' id='word_1_266' title='bbox 623 1988 717 2039; x_wconf 86' lang='lat' dir='ltr'><strong>ipsis</strong></span> <span class='ocrx_word' id='word_1_267' title='bbox 731 1987 886 2026; x_wconf 88' lang='lat' dir='ltr'><strong>abunde</strong></span> <span class='ocrx_word' id='word_1_268' title='bbox 906 1987 1142 2026; x_wconf 85' lang='lat' dir='ltr'><strong>intellexisse</strong></span> <span class='ocrx_word' id='word_1_269' title='bbox 1158 1988 1229 2026; x_wconf 91' lang='lat' dir='ltr'><strong>sibi</strong></span> <span class='ocrx_word' id='word_1_270' title='bbox 1249 1988 1450 2027; x_wconf 89' lang='lat' dir='ltr'><strong>videantur</strong></span> <span class='ocrx_word' id='word_1_271' title='bbox 1471 1988 1691 2040; x_wconf 86' lang='lat' dir='ltr'><strong>cujusmodi</strong></span> 
     </span>
     <span class='ocr_line' id='line_1_31' title="bbox 218 2049 1692 2102; baseline -0.001 -12"><span class='ocrx_word' id='word_1_272' title='bbox 218 2052 312 2090; x_wconf 91' lang='lat' dir='ltr'><strong>urbs</strong></span> <span class='ocrx_word' id='word_1_273' title='bbox 331 2058 496 2102; x_wconf 88' lang='lat' dir='ltr'><strong>utraque</strong></span> <span class='ocrx_word' id='word_1_274' title='bbox 517 2050 556 2087; x_wconf 88' lang='lat' dir='ltr'><strong>in</strong></span> <span class='ocrx_word' id='word_1_275' title='bbox 584 2049 747 2088; x_wconf 82' lang='lat' dir='ltr'><strong>Graecos</strong></span> <span class='ocrx_word' id='word_1_276' title='bbox 773 2049 910 2087; x_wconf 86' lang='lat' dir='ltr'><strong>fuerit:</strong></span> <span class='ocrx_word' id='word_1_277' title='bbox 942 2062 1016 2100; x_wconf 84' lang='lat' dir='ltr'><strong>ego</strong></span> <span class='ocrx_word' id='word_1_278' title='bbox 1041 2062 1133 2087; x_wconf 90' lang='lat' dir='ltr'><strong>vero</strong></span> <span class='ocrx_word' id='word_1_279' title='bbox 1160 2062 1238 2088; x_wconf 91' lang='lat' dir='ltr'><strong>non</strong></span> <span class='ocrx_word' id='word_1_280' title='bbox 1268 2050 1306 2088; x_wconf 88' lang='lat' dir='ltr'><strong>in</strong></span> <span class='ocrx_word' id='word_1_281' title='bbox 1337 2050 1473 2089; x_wconf 86' lang='lat' dir='ltr'><strong>eadem</strong></span> <span class='ocrx_word' id='word_1_282' title='bbox 1501 2051 1692 2089; x_wconf 89' lang='lat' dir='ltr'><strong>sententia</strong></span> 
     </span>
     <span class='ocr_line' id='line_1_32' title="bbox 219 2112 1694 2164; baseline -0.001 -12"><span class='ocrx_word' id='word_1_283' title='bbox 219 2127 320 2160; x_wconf 88' lang='lat' dir='ltr'><strong>sum,</strong></span> <span class='ocrx_word' id='word_1_284' title='bbox 340 2113 410 2152; x_wconf 86' lang='lat' dir='ltr'><strong>sed</strong></span> <span class='ocrx_word' id='word_1_285' title='bbox 443 2119 714 2164; x_wconf 88' lang='lat' dir='ltr'><strong>argumentum</strong></span> <span class='ocrx_word' id='word_1_286' title='bbox 743 2112 819 2150; x_wconf 88' lang='lat' dir='ltr'><strong>hoc</strong></span> <span class='ocrx_word' id='word_1_287' title='bbox 846 2125 870 2150; x_wconf 85' lang='lat' dir='ltr'><strong>a</strong></span> <span class='ocrx_word' id='word_1_288' title='bbox 895 2123 957 2149; x_wconf 86' lang='lat' dir='ltr'><strong>me</strong></span> <span class='ocrx_word' id='word_1_289' title='bbox 978 2112 1197 2149; x_wconf 80' lang='lat' dir='ltr'><strong>institutum</strong></span> <span class='ocrx_word' id='word_1_290' title='bbox 1225 2125 1315 2150; x_wconf 87' lang='lat' dir='ltr'><strong>curn</strong></span> <span class='ocrx_word' id='word_1_291' title='bbox 1343 2113 1419 2150; x_wconf 87' lang='lat' dir='ltr'><strong>alia</strong></span> <span class='ocrx_word' id='word_1_292' title='bbox 1437 2113 1552 2151; x_wconf 89' lang='lat' dir='ltr'><strong>verba</strong></span> <span class='ocrx_word' id='word_1_293' title='bbox 1570 2113 1694 2151; x_wconf 84' lang='lat' dir='ltr'><strong>multa</strong></span> 
     </span>
     <span class='ocr_line' id='line_1_33' title="bbox 219 2172 1692 2227; baseline -0.001 -13"><span class='ocrx_word' id='word_1_294' title='bbox 219 2175 413 2227; x_wconf 89' lang='lat' dir='ltr'><strong>requirere</strong></span> <span class='ocrx_word' id='word_1_295' title='bbox 441 2175 616 2221; x_wconf 84' lang='lat' dir='ltr'><strong>arbitror,</strong></span> <span class='ocrx_word' id='word_1_296' title='bbox 635 2181 717 2212; x_wconf 89' lang='lat' dir='ltr'><strong>tum</strong></span> <span class='ocrx_word' id='word_1_297' title='bbox 736 2187 826 2212; x_wconf 89' lang='lat' dir='ltr'><strong>vero</strong></span> <span class='ocrx_word' id='word_1_298' title='bbox 845 2185 891 2211; x_wconf 88' lang='lat' dir='ltr'><strong>ea</strong></span> <span class='ocrx_word' id='word_1_299' title='bbox 909 2185 998 2224; x_wconf 84' lang='lat' dir='ltr'><strong>quae</strong></span> <span class='ocrx_word' id='word_1_300' title='bbox 1018 2172 1170 2211; x_wconf 90' lang='lat' dir='ltr'><strong>illorum</strong></span> <span class='ocrx_word' id='word_1_301' title='bbox 1191 2174 1400 2212; x_wconf 88' lang='lat' dir='ltr'><strong>amentiam</strong></span> <span class='ocrx_word' id='word_1_302' title='bbox 1425 2174 1692 2212; x_wconf 89' lang='lat' dir='ltr'><strong>demonstrent</strong></span> 
     </span>
     <span class='ocr_line' id='line_1_34' title="bbox 217 2234 1690 2289; baseline -0.003 -13"><span class='ocrx_word' id='word_1_303' title='bbox 217 2238 285 2289; x_wconf 92' lang='lat' dir='ltr'><strong>qui</strong></span> <span class='ocrx_word' id='word_1_304' title='bbox 302 2237 361 2275; x_wconf 92' lang='lat' dir='ltr'><strong>his</strong></span> <span class='ocrx_word' id='word_1_305' title='bbox 377 2250 466 2288; x_wconf 82' lang='lat' dir='ltr'><strong>quae</strong></span> <span class='ocrx_word' id='word_1_306' title='bbox 487 2236 591 2275; x_wconf 88' lang='lat' dir='ltr'><strong>dicta</strong></span> <span class='ocrx_word' id='word_1_307' title='bbox 609 2241 700 2274; x_wconf 81' lang='lat' dir='ltr'><strong>sunt</strong></span> <span class='ocrx_word' id='word_1_308' title='bbox 726 2235 923 2273; x_wconf 87' lang='lat' dir='ltr'><strong>adversari</strong></span> <span class='ocrx_word' id='word_1_309' title='bbox 944 2241 1035 2273; x_wconf 89' lang='lat' dir='ltr'><strong>sunt</strong></span> <span class='ocrx_word' id='word_1_310' title='bbox 1054 2234 1248 2286; x_wconf 79' lang='lat' dir='ltr'><strong>aggressi:</strong></span> <span class='ocrx_word' id='word_1_311' title='bbox 1279 2248 1367 2285; x_wconf 87' lang='lat' dir='ltr'><strong>quae</strong></span> <span class='ocrx_word' id='word_1_312' title='bbox 1397 2235 1554 2287; x_wconf 90' lang='lat' dir='ltr'><strong>quidem</strong></span> <span class='ocrx_word' id='word_1_313' title='bbox 1573 2235 1690 2273; x_wconf 85' lang='lat' dir='ltr'><strong>facile</strong></span> 
     </span>
     <span class='ocr_line' id='line_1_35' title="bbox 217 2299 658 2338; baseline -0.007 0"><span class='ocrx_word' id='word_1_314' title='bbox 217 2313 280 2338; x_wconf 88' lang='lat' dir='ltr'><strong>me</strong></span> <span class='ocrx_word' id='word_1_315' title='bbox 298 2299 540 2337; x_wconf 89' lang='lat' dir='ltr'><strong>inventurum</strong></span> <span class='ocrx_word' id='word_1_316' title='bbox 562 2311 658 2336; x_wconf 87' lang='lat' dir='ltr'><strong>reor.</strong></span> 
     </span>
    </p>

    <p class='ocr_par' dir='ltr' id='par_1_4' title="bbox 217 2358 1690 2970">
     <span class='ocr_line' id='line_1_36' title="bbox 272 2358 1689 2411; baseline 0 -13"><span class='ocrx_word' id='word_1_317' title='bbox 272 2362 339 2399; x_wconf 89' lang='grc'><strong>41.</strong></span> <span class='ocrx_word' id='word_1_318' title='bbox 369 2360 471 2398; x_wconf 91' lang='lat' dir='ltr'><strong>Nam</strong></span> <span class='ocrx_word' id='word_1_319' title='bbox 490 2360 592 2398; x_wconf 88' lang='lat' dir='ltr'><strong>inter</strong></span> <span class='ocrx_word' id='word_1_320' title='bbox 623 2371 690 2397; x_wconf 88' lang='lat' dir='ltr'><strong>eos</strong></span> <span class='ocrx_word' id='word_1_321' title='bbox 719 2358 785 2408; x_wconf 89' lang='lat' dir='ltr'><strong>qui</strong></span> <span class='ocrx_word' id='word_1_322' title='bbox 812 2359 917 2396; x_wconf 85' lang='lat' dir='ltr'><strong>facta</strong></span> <span class='ocrx_word' id='word_1_323' title='bbox 949 2359 1147 2397; x_wconf 88' lang='lat' dir='ltr'><strong>Laconum</strong></span> <span class='ocrx_word' id='word_1_324' title='bbox 1173 2358 1303 2396; x_wconf 89' lang='lat' dir='ltr'><strong>omnia</strong></span> <span class='ocrx_word' id='word_1_325' title='bbox 1320 2359 1503 2410; x_wconf 89' lang='lat' dir='ltr'><strong>probant,</strong></span> <span class='ocrx_word' id='word_1_326' title='bbox 1522 2359 1689 2411; x_wconf 89' lang='lat' dir='ltr'><strong>optimos</strong></span> 
     </span>
     <span class='ocr_line' id='line_1_37' title="bbox 217 2420 1689 2476; baseline -0.002 -14"><span class='ocrx_word' id='word_1_327' title='bbox 217 2435 395 2476; x_wconf 90' lang='lat' dir='ltr'><strong>quosque</strong></span> <span class='ocrx_word' id='word_1_328' title='bbox 420 2428 459 2460; x_wconf 89' lang='lat' dir='ltr'><strong>et</strong></span> <span class='ocrx_word' id='word_1_329' title='bbox 477 2420 800 2473; x_wconf 88' lang='lat' dir='ltr'><strong>prudentissimos</strong></span> <span class='ocrx_word' id='word_1_330' title='bbox 829 2420 1111 2471; x_wconf 86' lang='lat' dir='ltr'><strong>Spartiatarum</strong></span> <span class='ocrx_word' id='word_1_331' title='bbox 1131 2420 1408 2471; x_wconf 86' lang='lat' dir='ltr'><strong>rempublicam</strong></span> <span class='ocrx_word' id='word_1_332' title='bbox 1438 2433 1525 2458; x_wconf 91' lang='lat' dir='ltr'><strong>esse</strong></span> <span class='ocrx_word' id='word_1_333' title='bbox 1553 2421 1689 2460; x_wconf 87' lang='lat' dir='ltr'><strong>lauda-</strong></span> 
     </span>
     <span class='ocr_line' id='line_1_38' title="bbox 217 2482 1690 2535; baseline -0.001 -11"><span class='ocrx_word' id='word_1_334' title='bbox 217 2494 326 2525; x_wconf 85' lang='lat' dir='ltr'><strong>turos</strong></span> <span class='ocrx_word' id='word_1_335' title='bbox 346 2485 539 2531; x_wconf 89' lang='lat' dir='ltr'><strong>existimo,</strong></span> <span class='ocrx_word' id='word_1_336' title='bbox 556 2490 609 2532; x_wconf 89' lang='lat' dir='ltr'><strong>et,</strong></span> <span class='ocrx_word' id='word_1_337' title='bbox 623 2483 728 2535; x_wconf 93' lang='lat' dir='ltr'><strong>quod</strong></span> <span class='ocrx_word' id='word_1_338' title='bbox 748 2482 795 2521; x_wconf 91' lang='lat' dir='ltr'><strong>ad</strong></span> <span class='ocrx_word' id='word_1_339' title='bbox 811 2496 896 2521; x_wconf 90' lang='lat' dir='ltr'><strong>earn</strong></span> <span class='ocrx_word' id='word_1_340' title='bbox 916 2497 1010 2522; x_wconf 83' lang='lat' dir='ltr'><strong>sane</strong></span> <span class='ocrx_word' id='word_1_341' title='bbox 1030 2498 1111 2522; x_wconf 84' lang='lat' dir='ltr'><strong>rem</strong></span> <span class='ocrx_word' id='word_1_342' title='bbox 1129 2484 1281 2530; x_wconf 90' lang='lat' dir='ltr'><strong>attinet,</strong></span> <span class='ocrx_word' id='word_1_343' title='bbox 1301 2484 1337 2522; x_wconf 92' lang='lat' dir='ltr'><strong>in</strong></span> <span class='ocrx_word' id='word_1_344' title='bbox 1352 2491 1480 2522; x_wconf 91' lang='lat' dir='ltr'><strong>vetere</strong></span> <span class='ocrx_word' id='word_1_345' title='bbox 1498 2485 1690 2522; x_wconf 84' lang='lat' dir='ltr'><strong>sententia</strong></span> 
     </span>
     <span class='ocr_line' id='line_1_39' title="bbox 218 2546 1688 2600; baseline -0.001 -14"><span class='ocrx_word' id='word_1_346' title='bbox 218 2560 507 2600; x_wconf 89' lang='lat' dir='ltr'><strong>permansuros,</strong></span> <span class='ocrx_word' id='word_1_347' title='bbox 526 2547 576 2585; x_wconf 89' lang='lat' dir='ltr'><strong>de</strong></span> <span class='ocrx_word' id='word_1_348' title='bbox 602 2547 717 2585; x_wconf 91' lang='lat' dir='ltr'><strong>rebus</strong></span> <span class='ocrx_word' id='word_1_349' title='bbox 745 2552 874 2583; x_wconf 87' lang='lat' dir='ltr'><strong>autem</strong></span> <span class='ocrx_word' id='word_1_350' title='bbox 900 2552 1037 2584; x_wconf 88' lang='lat' dir='ltr'><strong>contra</strong></span> <span class='ocrx_word' id='word_1_351' title='bbox 1057 2546 1217 2585; x_wconf 82' lang='lat' dir='ltr'><strong>Graecos</strong></span> <span class='ocrx_word' id='word_1_352' title='bbox 1252 2547 1370 2598; x_wconf 88' lang='lat' dir='ltr'><strong>gestis</strong></span> <span class='ocrx_word' id='word_1_353' title='bbox 1401 2559 1498 2584; x_wconf 81' lang='lat' dir='ltr'><strong>meae</strong></span> <span class='ocrx_word' id='word_1_354' title='bbox 1527 2547 1688 2585; x_wconf 86' lang='lat' dir='ltr'><strong>orationi</strong></span> 
     </span>
     <span class='ocr_line' id='line_1_40' title="bbox 219 2607 1688 2660; baseline -0.001 -13"><span class='ocrx_word' id='word_1_355' title='bbox 219 2621 475 2647; x_wconf 86' lang='lat' dir='ltr'><strong>assensuros:</strong></span> <span class='ocrx_word' id='word_1_356' title='bbox 504 2608 570 2660; x_wconf 92' lang='lat' dir='ltr'><strong>qui</strong></span> <span class='ocrx_word' id='word_1_357' title='bbox 599 2620 690 2646; x_wconf 89' lang='lat' dir='ltr'><strong>vero</strong></span> <span class='ocrx_word' id='word_1_358' title='bbox 725 2620 803 2646; x_wconf 89' lang='lat' dir='ltr'><strong>non</strong></span> <span class='ocrx_word' id='word_1_359' title='bbox 832 2608 891 2645; x_wconf 89' lang='lat' dir='ltr'><strong>his</strong></span> <span class='ocrx_word' id='word_1_360' title='bbox 924 2607 1042 2645; x_wconf 91' lang='lat' dir='ltr'><strong>modo</strong></span> <span class='ocrx_word' id='word_1_361' title='bbox 1079 2608 1148 2646; x_wconf 91' lang='lat' dir='ltr'><strong>sed</strong></span> <span class='ocrx_word' id='word_1_362' title='bbox 1179 2608 1297 2659; x_wconf 87' lang='lat' dir='ltr'><strong>vulgo</strong></span> <span class='ocrx_word' id='word_1_363' title='bbox 1326 2607 1442 2646; x_wconf 88' lang='lat' dir='ltr'><strong>etiam</strong></span> <span class='ocrx_word' id='word_1_364' title='bbox 1477 2607 1688 2646; x_wconf 88' lang='lat' dir='ltr'><strong>deteriores</strong></span> 
     </span>
     <span class='ocr_line' id='line_1_41' title="bbox 218 2669 1688 2722; baseline -0.001 -14"><span class='ocrx_word' id='word_1_365' title='bbox 218 2677 323 2717; x_wconf 90' lang='lat' dir='ltr'><strong>sunt,</strong></span> <span class='ocrx_word' id='word_1_366' title='bbox 339 2677 390 2716; x_wconf 88' lang='lat' dir='ltr'><strong>et,</strong></span> <span class='ocrx_word' id='word_1_367' title='bbox 411 2683 530 2722; x_wconf 90' lang='lat' dir='ltr'><strong>quum</strong></span> <span class='ocrx_word' id='word_1_368' title='bbox 551 2669 659 2708; x_wconf 88' lang='lat' dir='ltr'><strong>nulla</strong></span> <span class='ocrx_word' id='word_1_369' title='bbox 673 2669 721 2708; x_wconf 90' lang='lat' dir='ltr'><strong>de</strong></span> <span class='ocrx_word' id='word_1_370' title='bbox 740 2682 782 2708; x_wconf 87' lang='lat' dir='ltr'><strong>re</strong></span> <span class='ocrx_word' id='word_1_371' title='bbox 807 2670 883 2707; x_wconf 84' lang='lat' dir='ltr'><strong>alia</strong></span> <span class='ocrx_word' id='word_1_372' title='bbox 903 2669 1153 2707; x_wconf 86' lang='lat' dir='ltr'><strong>tolerabiliter</strong></span> <span class='ocrx_word' id='word_1_373' title='bbox 1168 2669 1297 2707; x_wconf 89' lang='lat' dir='ltr'><strong>dicere</strong></span> <span class='ocrx_word' id='word_1_374' title='bbox 1318 2676 1478 2720; x_wconf 88' lang='lat' dir='ltr'><strong>queant,</strong></span> <span class='ocrx_word' id='word_1_375' title='bbox 1498 2669 1547 2707; x_wconf 90' lang='lat' dir='ltr'><strong>de</strong></span> <span class='ocrx_word' id='word_1_376' title='bbox 1568 2669 1688 2707; x_wconf 91' lang='lat' dir='ltr'><strong>Lace-</strong></span> 
     </span>
     <span class='ocr_line' id='line_1_42' title="bbox 220 2731 1685 2783; baseline -0.002 -12"><span class='ocrx_word' id='word_1_377' title='bbox 220 2732 422 2771; x_wconf 87' lang='lat' dir='ltr'><strong>daemoniis</strong></span> <span class='ocrx_word' id='word_1_378' title='bbox 442 2738 571 2770; x_wconf 85' lang='lat' dir='ltr'><strong>tacere</strong></span> <span class='ocrx_word' id='word_1_379' title='bbox 591 2745 670 2770; x_wconf 88' lang='lat' dir='ltr'><strong>non</strong></span> <span class='ocrx_word' id='word_1_380' title='bbox 701 2737 877 2783; x_wconf 89' lang='lat' dir='ltr'><strong>possunt,</strong></span> <span class='ocrx_word' id='word_1_381' title='bbox 897 2731 980 2777; x_wconf 93' lang='lat' dir='ltr'><strong>sed,</strong></span> <span class='ocrx_word' id='word_1_382' title='bbox 1001 2731 1033 2769; x_wconf 87' lang='lat' dir='ltr'><strong>si</strong></span> <span class='ocrx_word' id='word_1_383' title='bbox 1054 2744 1122 2769; x_wconf 90' lang='lat' dir='ltr'><strong>eos</strong></span> <span class='ocrx_word' id='word_1_384' title='bbox 1153 2731 1349 2769; x_wconf 89' lang='lat' dir='ltr'><strong>immensis</strong></span> <span class='ocrx_word' id='word_1_385' title='bbox 1369 2731 1550 2769; x_wconf 89' lang='lat' dir='ltr'><strong>laudibus</strong></span> <span class='ocrx_word' id='word_1_386' title='bbox 1572 2736 1685 2768; x_wconf 90' lang='lat' dir='ltr'><strong>extu-</strong></span> 
     </span>
     <span class='ocr_line' id='line_1_43' title="bbox 219 2791 1686 2845; baseline -0.001 -13"><span class='ocrx_word' id='word_1_387' title='bbox 219 2794 344 2840; x_wconf 88' lang='lat' dir='ltr'><strong>lerint,</strong></span> <span class='ocrx_word' id='word_1_388' title='bbox 364 2806 405 2832; x_wconf 90' lang='lat' dir='ltr'><strong>se</strong></span> <span class='ocrx_word' id='word_1_389' title='bbox 425 2794 561 2832; x_wconf 90' lang='lat' dir='ltr'><strong>eadem</strong></span> <span class='ocrx_word' id='word_1_390' title='bbox 587 2795 668 2832; x_wconf 88' lang='lat' dir='ltr'><strong>fore</strong></span> <span class='ocrx_word' id='word_1_391' title='bbox 701 2793 824 2845; x_wconf 86' lang='lat' dir='ltr'><strong>gloria</strong></span> <span class='ocrx_word' id='word_1_392' title='bbox 848 2800 1011 2831; x_wconf 88' lang='lat' dir='ltr'><strong>censent</strong></span> <span class='ocrx_word' id='word_1_393' title='bbox 1032 2806 1110 2844; x_wconf 90' lang='lat' dir='ltr'><strong>qua</strong></span> <span class='ocrx_word' id='word_1_394' title='bbox 1138 2792 1164 2830; x_wconf 91' lang='lat' dir='ltr'><strong>ii</strong></span> <span class='ocrx_word' id='word_1_395' title='bbox 1195 2793 1336 2831; x_wconf 90' lang='lat' dir='ltr'><strong>florent</strong></span> <span class='ocrx_word' id='word_1_396' title='bbox 1365 2793 1432 2844; x_wconf 89' lang='lat' dir='ltr'><strong>qui</strong></span> <span class='ocrx_word' id='word_1_397' title='bbox 1461 2792 1578 2844; x_wconf 87' lang='lat' dir='ltr'><strong>longe</strong></span> <span class='ocrx_word' id='word_1_398' title='bbox 1611 2791 1686 2830; x_wconf 90' lang='lat' dir='ltr'><strong>illis</strong></span> 
     </span>
     <span class='ocr_line' id='line_1_44' title="bbox 219 2854 1686 2908; baseline -0.003 -13"><span class='ocrx_word' id='word_1_399' title='bbox 219 2856 454 2908; x_wconf 87' lang='lat' dir='ltr'><strong>copiosiores</strong></span> <span class='ocrx_word' id='word_1_400' title='bbox 473 2863 511 2895; x_wconf 90' lang='lat' dir='ltr'><strong>et</strong></span> <span class='ocrx_word' id='word_1_401' title='bbox 526 2856 813 2908; x_wconf 83' lang='lat' dir='ltr'><strong>praestantiores</strong></span> <span class='ocrx_word' id='word_1_402' title='bbox 831 2855 1045 2894; x_wconf 86' lang='lat' dir='ltr'><strong>habentur:</strong></span> <span class='ocrx_word' id='word_1_403' title='bbox 1073 2855 1147 2894; x_wconf 89' lang='lat' dir='ltr'><strong>hos</strong></span> <span class='ocrx_word' id='word_1_404' title='bbox 1166 2855 1294 2907; x_wconf 89' lang='lat' dir='ltr'><strong>igitur,</strong></span> <span class='ocrx_word' id='word_1_405' title='bbox 1309 2855 1374 2894; x_wconf 90' lang='lat' dir='ltr'><strong>ubi</strong></span> <span class='ocrx_word' id='word_1_406' title='bbox 1394 2861 1584 2907; x_wconf 85' lang='lat' dir='ltr'><strong>occupata</strong></span> <span class='ocrx_word' id='word_1_407' title='bbox 1597 2854 1686 2893; x_wconf 89' lang='lat' dir='ltr'><strong>loca</strong></span> 
     </span>
     <span class='ocr_line' id='line_1_45' title="bbox 218 2916 1683 2970; baseline -0.002 -13"><span class='ocrx_word' id='word_1_408' title='bbox 218 2931 306 2958; x_wconf 82' lang='lat' dir='ltr'><strong>esse</strong></span> <span class='ocrx_word' id='word_1_409' title='bbox 325 2918 455 2958; x_wconf 85' lang='lat' dir='ltr'><strong>omnia</strong></span> <span class='ocrx_word' id='word_1_410' title='bbox 479 2925 520 2957; x_wconf 90' lang='lat' dir='ltr'><strong>et</strong></span> <span class='ocrx_word' id='word_1_411' title='bbox 543 2931 592 2957; x_wconf 88' lang='lat' dir='ltr'><strong>ne</strong></span> <span class='ocrx_word' id='word_1_412' title='bbox 617 2931 738 2957; x_wconf 90' lang='lat' dir='ltr'><strong>unum</strong></span> <span class='ocrx_word' id='word_1_413' title='bbox 767 2917 927 2970; x_wconf 91' lang='lat' dir='ltr'><strong>quidem</strong></span> <span class='ocrx_word' id='word_1_414' title='bbox 955 2923 1095 2957; x_wconf 80' lang='lat' dir='ltr'><strong>nostrae</strong></span> <span class='ocrx_word' id='word_1_415' title='bbox 1115 2917 1300 2957; x_wconf 86' lang='lat' dir='ltr'><strong>orationis</strong></span> <span class='ocrx_word' id='word_1_416' title='bbox 1320 2923 1438 2969; x_wconf 88' lang='lat' dir='ltr'><strong>caput</strong></span> <span class='ocrx_word' id='word_1_417' title='bbox 1457 2930 1499 2956; x_wconf 90' lang='lat' dir='ltr'><strong>se</strong></span> <span class='ocrx_word' id='word_1_418' title='bbox 1513 2916 1683 2955; x_wconf 85' lang='lat' dir='ltr'><strong>refutare</strong></span> 
     </span>
    </p>
   </div>
  </div>
 </body>
</html>
