1870 3277
243 131 317 165 *282
827 133 1106 171 lSOCRATlS

244 230 338 266 tueri
359 230 534 268 soleant?
563 233 703 281 quibus
724 235 870 284 turpius
890 243 947 272 est
967 249 988 273 a
1006 236 1132 286 capite
1155 237 1253 286 regis
1274 236 1444 287 pericula
1468 250 1542 275 non
1569 238 1688 288 depu-

244 292 332 330 lisse
365 307 479 344 quam
513 295 687 346 clypeum
719 297 914 346 abjecisse.
992 299 1130 349 Neque
1164 298 1227 336 illa
1261 298 1373 336 etiam
1405 299 1572 350 ignoras,
1604 313 1691 350 quae

245 354 359 392 Xerxi
387 355 544 394 Graecos
578 359 790 408 opprimere
818 360 998 398 servitute
1029 367 1168 398 conato
1195 366 1234 397 et
1255 360 1386 411 Cypro
1412 360 1604 399 Persicum
1635 375 1691 398 re-

244 429 360 466 gnum
379 418 446 454 sibi
465 418 668 456 vendicare
691 431 874 469 aggresso
900 421 1147 458 acciderunt:
1180 421 1275 458 alter
1295 422 1394 458 enim
1416 421 1529 459 tantis
1551 422 1691 471 praeliis

247 479 384 524 victus,
405 487 462 517 tot
481 480 655 518 cladibus
677 481 850 527 affectus,
871 490 913 519 ut
942 483 1088 520 nullum
1110 482 1231 520 simile
1251 482 1467 532 exemplum
1488 481 1691 532 quisquam

248 539 359 584 norit,
381 547 506 578 tamen
527 542 616 591 quia
638 542 751 579 vitam
772 552 1031 588 conservarat,
1053 557 1127 581 non
1153 544 1233 594 ipse
1255 543 1370 582 modo
1398 556 1556 594 regnum
1585 557 1692 581 recu-

246 603 403 651 peravit,
425 603 493 641 sed
521 603 617 640 idem
651 604 736 642 filiis
764 607 842 643 suis
870 606 1031 656 reliquit,
1053 614 1091 644 et
1112 607 1241 644 Asiam
1263 606 1315 644 ita
1333 606 1496 643 firmavit
1515 612 1558 643 ut
1577 605 1694 642 nihilo

249 664 373 702 minus
404 665 451 702 sit
478 678 593 715 quam
621 666 721 717 prius
753 667 1015 711 formidanda余
1060 668 1184 719 Cyrus
1210 676 1351 714 autern,
1379 667 1489 706 victis
1521 666 1694 705 omnibus

249 726 345 775 regis
365 727 609 771 exercitibus,
629 741 746 777 quum
773 742 921 767 summa
944 742 1068 767 rerum
1095 730 1238 780 potitus
1258 737 1374 775 esset,
1395 729 1608 767 temeritate
1628 739 1695 765 sua

250 800 326 823 uon
346 788 506 837 seipsum
529 787 716 826 duntaxat
736 796 842 828 tanto
869 791 1026 841 imperio
1051 791 1223 841 privavit,
1244 791 1312 828 sed
1332 798 1369 828 et
1388 789 1527 827 milites
1547 801 1636 826 suos
1659 788 1695 824 in

249 855 456 886 extremum
485 848 687 888 discrimen
713 851 890 889 adduxit.
949 853 1175 890 Innumeros
1204 865 1498 890 commemorare
1526 864 1693 902 possem,

246 909 311 958 qui
335 922 421 946 curn
453 909 700 947 maximorum
726 911 962 949 exercituum
991 912 1109 950 duces
1139 920 1278 958 essent,
1298 913 1388 963 quia
1409 913 1479 963 ipsi
1498 912 1694 950 immature

248 970 454 1019 perierunt,
478 983 553 1008 una
572 984 702 1008 secum
724 973 942 1010 innumeros
963 973 999 1009 in
1020 974 1176 1011 exitium
1199 980 1407 1011 traxerunt.

299 1033 336 1066 4.
358 1030 454 1068 Haec
468 1032 644 1082 exempla
660 1032 726 1070 tibi
742 1033 1023 1072 consideranda
1037 1041 1140 1080 sunt,
1153 1042 1195 1072 ut
1208 1047 1292 1072 eam
1307 1033 1510 1071 fortudinis
1526 1033 1694 1078 laudem,

247 1104 333 1140 quae
354 1104 439 1128 cum
462 1091 823 1132 immani'vaecordia
839 1102 878 1132 et
892 1095 1162 1146 intempestiva
1177 1096 1383 1134 ambitione
1403 1096 1610 1147 conjuncta
1626 1102 1697 1139 est,

247 1165 324 1190 non
352 1154 608 1203 appetendam
632 1155 798 1206 judices,
819 1169 944 1206 neque
974 1157 1054 1208 ipse
1078 1157 1143 1195 tibi
1164 1158 1201 1195 in
1221 1164 1278 1195 tot
1304 1170 1507 1207 regnorum
1535 1156 1697 1208 propriis

248 1213 426 1263 periculis
447 1215 521 1252 alia
542 1215 724 1266 ignobilia
742 1224 781 1255 et
801 1217 976 1256 militaria
991 1231 1175 1266 accersas,
1191 1232 1315 1269 neque
1331 1232 1417 1256 cum
1434 1219 1476 1256 iis
1491 1225 1615 1256 certes
1634 1218 1698 1268 qui

249 1282 314 1312 aut
333 1275 447 1313 vitam
478 1277 738 1316 calamitosam
769 1279 924 1330 perdere
946 1280 1080 1318 volunt
1105 1288 1170 1319 aut
1195 1281 1374 1332 stipendii
1403 1281 1554 1331 majoris
1580 1280 1698 1331 impe-

248 1336 374 1374 trandi
393 1351 511 1376 causa
530 1346 671 1377 temere
691 1340 728 1377 in
749 1340 918 1390 pericula
939 1354 979 1379 se
1001 1342 1230 1392 conjiciant3
1261 1355 1385 1392 neque
1412 1342 1573 1392 gloriam
1598 1341 1699 1379 desi-

249 1397 360 1436 deres
387 1399 454 1436 tibi
482 1413 568 1437 curn
597 1401 682 1439 aliis
711 1402 839 1439 multis
868 1409 908 1440 et
933 1403 1103 1441 barbaris
1129 1411 1166 1441 et
1187 1403 1335 1441 Graecis
1355 1416 1611 1448 communem,
1631 1403 1699 1440 sed

249 1471 333 1496 eam
358 1460 465 1511 cujus
491 1468 599 1499 tanta
619 1464 668 1501 sit
686 1463 897 1514 amplitudo
917 1471 959 1501 ut
979 1464 1044 1502 tibi
1066 1465 1137 1502 soli
1156 1471 1286 1503 nostro
1306 1465 1450 1503 saeculo
1478 1465 1701 1515 contingere

248 1527 390 1570 queat余
428 1535 552 1573 neque
580 1524 676 1562 tales
697 1525 852 1562 virtutes
880 1525 990 1563 nimis
1017 1526 1191 1571 adames,
1216 1539 1302 1577 quae
1330 1526 1560 1577 contemptis
1586 1527 1700 1563 etiam

250 1582 468 1622 hominibus
484 1585 586 1622 haud
601 1593 754 1636 negatae
770 1593 873 1632 sunt,
885 1587 954 1624 sed
968 1587 1052 1625 illas
1067 1600 1228 1638 quarum
1243 1600 1356 1626 nemo
1372 1587 1494 1625 malus
1509 1587 1701 1638 particeps

248 1656 333 1682 esse
363 1646 507 1695 possit余
539 1660 663 1698 neque
684 1648 786 1696 bella
806 1661 918 1699 geras
940 1650 1106 1687 obscura
1125 1656 1162 1687 et
1180 1649 1354 1695 molesta,
1375 1662 1490 1699 quum
1516 1649 1702 1687 honorata

250 1711 289 1742 et
307 1705 450 1744 leviora
469 1709 659 1759 suscipere
674 1709 803 1756 liceat,
821 1723 947 1760 neque
963 1723 1020 1756 ea,
1037 1722 1103 1760 per
1123 1723 1209 1761 quae
1230 1717 1269 1748 et
1286 1710 1352 1748 tibi
1369 1710 1702 1761 conjunctissimos

251 1766 436 1805 molestiis
457 1781 502 1806 ac
522 1769 844 1809 sollicitudinibus
864 1771 1021 1817 afficias,
1043 1777 1082 1809 et
1100 1771 1275 1810 hostibus
1297 1772 1371 1809 tuis
1392 1784 1571 1822 magnam
1593 1784 1699 1822 spem

251 1829 529 1877 subministres,
546 1831 582 1869 id
599 1832 703 1882 quod
725 1846 829 1871 nunc
843 1845 995 1884 quoque
1014 1833 1081 1872 abs
1102 1839 1138 1870 te
1159 1833 1302 1871 factum
1324 1841 1404 1870 est:
1435 1833 1502 1871 sed
1519 1834 1702 1871 barbaros

248 1889 360 1935 istos,
382 1905 470 1929 cum
499 1893 637 1943 quibus
667 1907 769 1932 nunc
801 1894 972 1940 dimicas,
999 1895 1185 1946 tantisper
1213 1895 1352 1933 vicisse
1378 1895 1582 1939 suffecerit,
1611 1895 1702 1932 dum

251 1964 411 2002 regnum
442 1961 550 1992 tuum
579 1956 616 1993 in
645 1961 728 1994 tuto
757 1956 981 2000 collocaris3
1013 1957 1085 1995 iste
1105 1970 1194 1994 vero
1213 1957 1277 2008 qui
1303 1970 1406 1995 nunc
1426 1957 1595 2008 Magnus
1617 1957 1702 1995 Rex

253 2013 466 2063 appellatur
491 2028 611 2066 regno
641 2017 868 2055 evertendus
899 2024 970 2062 est,
991 2024 1035 2055 ut
1054 2024 1092 2056 et
1119 2017 1274 2069 gloriam
1305 2025 1408 2056 tuam
1438 2018 1647 2069 amplifices
1666 2025 1705 2056 et

255 2072 403 2112 Graecis
423 2078 605 2116 ostendas
627 2091 793 2129 quocum
814 2079 914 2116 bella
934 2079 1105 2129 gerenda
1126 2080 1215 2117 sint.

318 2137 356 2173 5.
388 2137 646 2177 Vehementer
671 2148 798 2179 autem
831 2141 992 2192 optarim
1025 2154 1087 2179 me
1119 2142 1202 2179 haec
1236 2142 1285 2179 ad
1316 2150 1353 2179 te
1386 2142 1583 2192 scripsisse
1614 2148 1702 2180 ante

255 2206 475 2249 susceptam
504 2201 802 2251 expeditionem,
824 2210 866 2240 ut
884 2204 956 2247 vel,
977 2203 1007 2240 si
1032 2203 1238 2254 paruisses,
1260 2204 1296 2240 in
1325 2209 1470 2241 tantum
1491 2202 1702 2254 periculum

254 2272 332 2297 non
351 2261 537 2307 venisses,
557 2263 631 2309 vel,
646 2264 676 2301 si
706 2277 791 2302 mea
822 2267 965 2303 monita
997 2265 1248 2315 neglexisses,
1277 2278 1350 2316 ego
1377 2277 1453 2302 non
1484 2264 1631 2302 viderer
1658 2267 1707 2302 ea'

254 2321 416 2360 suadere
444 2336 531 2373 quae
559 2337 663 2362 nunc
693 2332 831 2363 eventu
860 2326 1043 2377 magistro
1072 2326 1200 2364 edocti
1227 2338 1360 2364 omnes
1381 2325 1555 2376 probant,
1576 2325 1643 2364 sed
1663 2332 1705 2363 ut

256 2386 379 2424 exitus
397 2394 600 2426 testaretur
618 2402 708 2427 vera
726 2395 765 2426 et
782 2396 889 2427 recta
908 2389 1026 2426 fuisse
1044 2402 1128 2427 mea
1146 2389 1204 2426 his
1222 2389 1270 2427 de
1291 2389 1403 2427 rebus
1421 2388 1595 2426 consilia.

310 2448 346 2485 6.
376 2448 507 2490 Quum
528 2463 616 2487 vero
633 2450 748 2502 hujus
763 2449 1034 2501 disputationis
1049 2463 1094 2488 ea
1115 2458 1251 2488 natura
1267 2450 1316 2488 sit
1333 2457 1376 2488 ut
1390 2450 1535 2501 largam
1552 2449 1702 2503 dicendi

256 2510 453 2548 materiam
475 2512 656 2563 praebeat,
675 2525 748 2564 ego
773 2512 945 2563 pluribus
964 2511 1088 2549 verbis
1109 2525 1185 2549 non
1206 2518 1313 2555 utar余
1344 2511 1449 2561 quod
1470 2509 1644 2548 existimo
1665 2518 1703 2548 et

257 2571 423 2621 teipsum
450 2581 489 2611 et
514 2587 561 2611 ex
589 2573 721 2612 amicis
751 2573 825 2611 tuis
843 2573 942 2611 viros
972 2572 1265 2611 honestissimos
1293 2572 1422 2617 facile,
1441 2584 1554 2621 quarn
1584 2571 1705 2609 multa

261 2632 467 2680 volueritis,
488 2634 538 2673 ad
555 2635 639 2673 haec
660 2635 893 2687 adjecturos.
950 2634 1142 2672 Praeterea
1163 2646 1296 2671 vereor
1324 2646 1372 2670 ne
1401 2632 1533 2670 fuerim
1563 2633 1600 2670 in
1630 2632 1702 2670 hoc

220 2732 223 2734 .
258 2693 345 2732 loco
365 2696 568 2734 tractando
596 2696 906 2748 intempestivus:
937 2708 1035 2741 nam,
1057 2695 1148 2733 dum
1169 2694 1352 2746 paulatim
1371 2692 1608 2745 progredior,
1626 2706 1703 2731 non

261 2755 511 2795 animadverti
535 2771 595 2796 me
622 2758 798 2810 neglecta
825 2757 997 2810 epistolae
1022 2756 1205 2795 brevitate
1226 2755 1264 2793 in
1278 2755 1395 2807 justae
1421 2754 1600 2794 orationis
1620 2767 1704 2805 pro-

261 2816 445 2855 lixitatem
466 2819 657 2858 incidisse.

318 2882 353 2917 7
384 2880 481 2924 Quae
501 2895 719 2933 quanquam
743 2882 797 2920 ita
825 2889 930 2926 sunt,
951 2894 1026 2919 non
1052 2887 1179 2918 tamen
1201 2879 1392 2930 praeterire
1412 2877 1532 2916 debeo
1553 2890 1640 2929 quae
1660 2876 1707 2914 de
