1870 3277
592 192 662 229 DE
693 191 1132 229 PERMUTATIONE.
1506 193 1575 229 221

142 294 278 332 dicium
298 295 333 332 in
354 308 431 345 quo
450 308 659 342 versamur,
679 297 746 334 sed
763 297 810 334 de
830 295 1024 332 maximis:
1054 308 1129 332 non
1153 294 1249 332 enim
1271 295 1319 331 de
1341 307 1399 332 me
1418 300 1580 332 tantum-

142 357 255 394 modo
274 356 384 395 laturi
405 359 496 396 estis
527 358 758 408 suffragium,
779 358 845 395 sed
874 366 911 394 et
931 358 978 394 de
999 370 1044 394 ea
1063 356 1296 407 professione
1324 356 1384 393 cui
1405 356 1512 393 multi
1534 369 1579 393 ex

143 418 452 457 adolescentibus
482 421 650 458 student.
707 419 876 456 Arbitror
895 432 961 456 vos
988 431 1062 455 non
1091 418 1264 468 ignorare
1298 418 1403 454 urhis
1426 418 1579 468 negotia

142 479 309 517 seniores
337 480 394 517 his
423 481 719 519 succedentibus
743 479 946 529 juvenibus
976 479 1191 517 tradituros.
1247 477 1373 521 Quum
1395 479 1455 515 hic
1477 479 1578 515 orbis

143 541 190 576 sit
210 549 427 591 perpetuus,
448 542 661 579 necessario
680 541 845 578 futurum
868 548 938 586 est,
958 547 1000 578 ut
1019 553 1093 590 quo
1112 539 1226 577 modo
1244 539 1504 576 adolescentes
1523 540 1580 576 in-

145 602 264 639 stituti
286 603 436 647 fuerint,
457 603 586 641 eodem
606 615 647 639 se
663 603 750 639 urbs
770 602 932 639 habeat:
963 615 1079 652 quare
1098 615 1172 638 non
1195 608 1253 638 est
1271 601 1581 637 committendum

147 670 189 701 ut
209 664 480 714 syncophantae
500 665 535 700 in
564 664 636 701 hoc
656 670 731 700 tam
757 664 859 713 gravi
889 659 1042 713 negotio
1071 662 1316 714 praevaleant,
1336 675 1456 712 neque
1476 662 1497 698 ii
1519 663 1581 713 qni

147 726 219 763 illis
241 727 438 777 pecuniam
467 740 540 764 non
571 726 758 763 dederunt
787 725 983 775 puniendi,
1013 738 1137 774 neque
1168 725 1210 761 iis
1239 730 1371 761 contra
1390 724 1453 773 qni
1476 736 1584 773 syco-

147 788 309 838 phantas
329 788 545 825 muneribus
560 794 810 838 corruperunt
825 794 864 823 ut
878 800 946 823 suo
963 787 1116 823 arbitrio
1131 786 1256 822 vivant
1270 785 1584 836 permittendum:

147 849 212 885 sed
236 848 264 885 si
285 848 523 899 philosophia
543 849 694 899 quidem
725 848 823 885 hanc
846 848 960 885 habet
980 848 1051 884 vim
1073 855 1115 884 ut
1134 847 1397 884 adolescentes
1418 859 1586 883 corrum-

147 917 224 959 pat,
249 923 321 947 non
344 924 428 948 eum
451 911 570 948 solum
596 910 729 962 punire
749 918 897 961 oportet
926 923 1039 959 quem
1068 909 1202 959 aliquis
1223 907 1459 959 sycophanta
1479 908 1587 944 detu-

150 970 247 1014 lerit,
270 971 336 1008 sed
357 984 488 1009 omnes
509 973 592 1023 ejus
613 980 730 1009 sectae
749 971 924 1008 homines
945 972 1215 1013 exterminare3
1248 971 1303 1007 sin
1325 983 1370 1007 ea
1389 976 1520 1006 contra
1537 969 1588 1006 ita

148 1041 364 1082 comparata
377 1043 436 1071 est
452 1041 490 1071 nt
503 1034 611 1084 juvet
625 1033 876 1084 melioresque
890 1046 933 1070 ac
945 1032 1213 1069 laudabiliores
1230 1032 1367 1069 efficiat
1381 1039 1588 1068 sectatores

151 1106 253 1137 suos,
273 1094 295 1130 ii
318 1095 470 1143 quidem
491 1095 553 1145 qui
574 1108 655 1132 earn
676 1095 955 1131 calumniantur
975 1094 1199 1143 reprimendi
1217 1100 1321 1138 sunt,
1343 1093 1590 1144 sycophantae

148 1154 370 1199 infamandi,
398 1156 704 1193 adolescentibus
735 1163 861 1192 autem
885 1155 1083 1192 consilium
1116 1154 1283 1191 dandum
1312 1162 1354 1191 ut
1374 1154 1445 1191 hoc
1465 1155 1590 1204 potius

152 1230 265 1267 quani
288 1217 388 1253 aliud
408 1217 494 1254 vitae
515 1231 637 1267 genus
659 1217 946 1268 amplectantur.

204 1278 290 1315 26&
324 1280 381 1316 12.
412 1280 468 1316 Ac
489 1279 609 1316 multo
626 1279 790 1321 mallem,
811 1278 839 1315 si
855 1278 1006 1328 quidem
1030 1277 1065 1314 in
1084 1276 1169 1314 fatis
1183 1285 1262 1324 erat
1278 1290 1336 1314 me
1355 1277 1453 1314 hanc
1468 1276 1592 1313 subire

147 1339 459 1385 criminationem,
490 1340 724 1377 adolescenti
755 1340 842 1375 mihi
874 1340 945 1376 hoc
973 1339 1175 1376 accidisset
1203 1338 1438 1388 periculum:
1469 1349 1594 1387 neque

150 1402 246 1438 enim
269 1402 393 1438 animo
421 1401 692 1445 concidissern,
723 1401 790 1437 sed
817 1407 854 1438 et
878 1400 1133 1437 adversarium
1164 1399 1384 1449 repulissem
1415 1407 1453 1436 et
1474 1399 1596 1449 philo-

151 1464 321 1513 sophiam
353 1463 610 1500 defendissem
631 1462 817 1500 validius:
848 1475 949 1498 nunc
972 1468 1096 1498 autem
1116 1474 1258 1505 vereor,
1280 1473 1325 1497 ne
1345 1474 1461 1510 quum
1484 1461 1595 1512 hujus

152 1538 224 1575 ope
244 1538 311 1576 pro
341 1524 423 1561 aliis
453 1526 565 1562 rebus
594 1531 695 1561 recte
728 1524 897 1569 dixerim,
917 1536 984 1574 pro
1011 1523 1082 1560 hac
1111 1523 1194 1573 ipsa
1220 1522 1385 1559 deterius
1412 1521 1595 1560 disseram

153 1599 264 1636 quam
288 1599 355 1637 pro
375 1586 417 1623 iis
439 1599 600 1636 quarum
621 1597 679 1622 me
699 1586 879 1621 minorem
902 1585 1064 1621 decebat
1083 1597 1212 1620 curam
1235 1596 1377 1632 gerere.
1434 1583 1482 1620 Et
1509 1596 1598 1621 con-

156 1655 280 1684 tentus
310 1647 483 1697 profecto
504 1660 627 1684 essem
648 1668 698 1675 -·
719 1646 840 1683 dicam
865 1646 963 1682 enim
987 1658 1071 1682 vere
1100 1646 1166 1683 etsi
1187 1658 1306 1682 vanus
1328 1652 1387 1682 est
1405 1657 1528 1681 sermo
1548 1669 1597 1674 -

150 1709 228 1758 jam
249 1709 360 1745 vitain
383 1709 502 1755 finire,
522 1708 584 1745 ubi
607 1721 674 1758 pro
689 1708 872 1758 dignitate
892 1706 1102 1756 argumenti
1119 1706 1295 1743 dixissem
1315 1706 1498 1756 vobisque
1515 1720 1599 1757 per-

156 1771 361 1808 suasissem
389 1778 430 1808 ut
450 1771 544 1808 tales
566 1769 831 1807 existimaretis
860 1769 1051 1806 literarum
1075 1767 1297 1817 disciplinas
1317 1767 1450 1816 quales
1472 1780 1602 1805 revera

157 1842 258 1878 sunt,
281 1835 402 1884 potins
423 1847 535 1884 quarn
557 1834 679 1870 vivere
701 1833 820 1869 multo
849 1831 1082 1869 diuturniore
1102 1838 1286 1881 ternpore,
1308 1830 1438 1867 videns
1458 1843 1539 1867 eam
1561 1837 1601 1867 ut

158 1910 258 1933 nunc
279 1896 341 1933 tali
363 1896 461 1946 apud
486 1908 551 1932 vos
571 1895 722 1932 fortuna
742 1901 925 1931 utentem.
984 1894 1045 1930 Ac
1067 1891 1191 1929 sentio
1211 1904 1301 1928 sane
1323 1905 1379 1929 me
1400 1891 1517 1928 multo
1537 1893 1601 1928 ab·

153 1960 290 2011 jectius
311 1973 422 2010 quam
444 1959 556 2009 cupio
576 1958 622 1995 de
642 1971 687 1994 ea
707 1957 920 1994 dicturum:
952 1963 1079 1993 tamen
1101 1968 1169 2005 pro
1189 1954 1330 1992 viribus
1352 1955 1518 1992 conabor
1538 1967 1602 1991 ex-

159 2033 297 2071 ponere
325 2027 363 2057 et
391 2020 471 2071 ejus
503 2027 676 2056 naturam
705 2026 743 2055 et
770 2018 843 2054 vim
881 2030 956 2067 qua
976 2016 1106 2066 pollet,
1128 2023 1166 2052 et
1184 2016 1333 2052 cuinam
1361 2015 1421 2052 alii
1455 2015 1523 2052 arti
1557 2015 1603 2052 sit

159 2082 285 2132 specie
305 2081 451 2125 similis,
473 2081 508 2118 in
536 2094 611 2130 quo
635 2080 690 2116 sui
713 2079 1015 2129 asseclasjuvet,
1036 2091 1199 2127 quaeque
1226 2090 1296 2114 nos
1317 2077 1601 2127 spondeamus;

159 2151 252 2193 puto
273 2143 373 2180 enim
392 2156 471 2188 vos,
491 2142 594 2192 quod
613 2154 741 2179 verum
756 2151 814 2178 est
834 2140 1002 2190 cognito,
1020 2138 1154 2176 melius
1170 2139 1217 2175 de
1231 2138 1291 2175 illa
1310 2146 1347 2175 et
1362 2139 1603 2176 consulturos

160 2204 462 2255 etjudicaturos.
521 2205 695 2241 Obsecro
716 2210 840 2248 autem
865 2214 931 2237 vos
953 2201 981 2237 si
1004 2200 1098 2237 forte
1119 2199 1274 2236 videbor
1294 2199 1347 2236 uti
1365 2200 1604 2237 sermonibus

160 2265 273 2315 longe
290 2265 372 2303 aliis
387 2267 433 2302 ab
449 2265 492 2302 iis
512 2265 575 2315 qui
593 2263 694 2319 apud
711 2276 777 2300 vos
791 2262 863 2300 dici
881 2262 1017 2307 solent,
1036 2274 1083 2298 ne
1104 2274 1205 2311 aegre
1221 2260 1362 2306 feratis,
1379 2261 1446 2298 sed
1461 2268 1607 2298 vosmet

163 2327 401 2378 indulgentes
417 2327 634 2378 praebeatis,
649 2332 869 2376 reputantes
885 2337 962 2366 eOS,
982 2323 1106 2374 quide
1125 2323 1238 2360 rebus
1252 2322 1409 2361 diversis
1426 2336 1447 2360 a
1459 2322 1605 2360 caeteris

162 2391 372 2441 disputant,
391 2403 487 2441 opus
508 2403 590 2428 esse
619 2385 839 2438 hujusmodi
868 2399 1020 2437 quoque
1041 2386 1209 2423 oratione
1231 2385 1277 2423 de
1298 2385 1341 2423 iis
1374 2385 1438 2422 uti.
1495 2384 1607 2422 Post-

162 2462 276 2502 quam
299 2452 412 2503 igitur
439 2451 695 2488 sustinueritis
727 2462 846 2500 genus
867 2455 905 2486 et
924 2448 1137 2486 libertatem
1168 2459 1296 2484 eorum
1318 2460 1404 2496 quae
1426 2458 1447 2482 a
1467 2459 1526 2482 me
1547 2445 1604 2482 di-

162 2522 310 2558 centur,
331 2527 465 2564 meque
490 2513 648 2550 siveritis
680 2523 907 2549 concessum
936 2509 1224 2547 defensionibus
1257 2514 1404 2558 tempus
1432 2507 1603 2557 implere,

166 2576 216 2613 uti
237 2583 404 2613 vestrum
437 2574 638 2625 unicuique
659 2573 847 2611 videbitur
861 2572 1008 2622 justum
1035 2578 1074 2608 et
1092 2570 1320 2621 legitimum,
1340 2569 1392 2606 sic
1411 2567 1506 2606 ferte
1527 2569 1605 2606 suf-

166 2638 340 2688 fragium.

219 2699 306 2736 26.εἰς
339 2701 398 2736 13.
428 2698 529 2736 Volo
556 2706 681 2736 autem
709 2698 755 2735 de
787 2697 950 2735 oratoria
978 2695 1228 2739 institutione,
1258 2705 1361 2732 more
1391 2705 1518 2730 eorurn
1541 2694 1605 2743 qui

167 2760 408 2810 genealogias
426 2764 638 2806 recensent,
659 2760 760 2810 apud
783 2773 850 2797 vos
872 2759 1030 2809 primum
1052 2757 1249 2793 disserere.
1305 2756 1360 2792 Ac
1381 2755 1415 2791 in
1429 2754 1606 2792 confesso

169 2829 228 2859 est
254 2822 405 2871 quidem
439 2830 610 2860 naturam
640 2829 810 2860 nostram
839 2831 997 2870 corpore
1029 2825 1202 2855 constare
1225 2823 1263 2854 et
1295 2816 1440 2858 anima;
1472 2815 1605 2852 horum

170 2889 296 2919 autern
325 2895 435 2920 nemo
459 2891 518 2920 est
541 2884 603 2934 qui
639 2883 870 2934 praecipuam
905 2894 980 2918 non
1008 2880 1110 2917 dicat
1137 2879 1299 2917 animam
1331 2878 1524 2929 plurisque
1557 2877 1609 2915 fa-

172 2944 367 2982 ciendam:
405 2943 517 2995 hujus
544 2945 641 2982 enim
664 2951 723 2983 est
745 2944 952 2982 deliberare
973 2948 1011 2980 et
1031 2942 1178 2992 privata
1195 2947 1233 2979 et
1259 2941 1422 2991 publica,
1443 2939 1609 2989 corpor-is
