1870 3277
239 145 314 180 218
825 142 1106 181 lSOCRATIS

239 245 477 295 Tanquam
508 244 658 296 igitur
689 246 800 283 istis
834 247 903 283 sic
937 242 1239 287 afficiendis‚
1274 243 1534 281 considera
1569 242 1686 293 quid

239 306 328 343 tibi
371 305 624 344 dicendum
669 307 745 352 sit,
773 306 886 356 quid
925 304 1410 356 praetermittendum.
1485 305 1569 355 Ego
1599 316 1687 341 vero

239 374 276 404 et
295 367 386 404 dum
413 367 475 405 ille
495 367 577 406 haec
598 369 742 406 diceret
761 376 800 405 et
819 381 922 406 nunc
948 368 1062 405 etiam
1091 366 1261 404 omnium
1281 364 1477 403 hominum
1501 364 1690 403 absurdis-

240 429 357 466 simos
379 435 417 466 et
438 429 717 480 abjectissimos
733 429 881 479 judico,
895 429 959 478 qui
973 441 1074 478 aegre
1090 428 1163 464 hoc
1180 427 1354 472 audiant,
1367 426 1472 477 quod
1487 439 1546 464 me
1561 427 1691 477 utique

242 490 517 528 ministrantem
537 492 618 528 urbi
638 491 836 528 exhibeam
854 500 891 528 et
907 491 1092 541 imperata
1109 489 1327 533 facientem,
1349 496 1567 526 nontamen
1582 489 1691 526 velim

240 552 301 590 vel
323 553 570 603 magistratus
591 553 726 598 sortiri,
748 554 806 590 vel
829 554 1003 604 accipere
1029 566 1116 603 quae
1147 553 1230 591 aliis
1261 553 1351 590 urbs
1370 552 1516 597 tribuit,
1535 552 1594 589 vel
1615 553 1691 603 pati

240 615 330 654 lites
350 615 409 653 vel
431 616 578 654 inferre.
638 616 701 654 Sic
731 617 830 653 enirn
862 616 1043 654 constitui
1072 629 1149 654 non
1179 615 1393 653 divitiarum
1414 615 1473 653 vel
1504 616 1694 666 superbiae

241 690 372 722 causa,
396 690 519 728 neque
541 684 794 716 contemnens
815 691 944 716 eorum
964 678 1051 715 vitae
1073 677 1255 715 rationem
1275 678 1337 728 qui
1360 677 1468 714 aliter
1489 689 1532 714 ac
1553 689 1626 726 ego
1645 676 1696 713 vi-

242 747 350 783 vunt,
366 739 435 776 sed
456 739 594 789 quietis
616 747 653 778 et
674 740 740 778 otii
758 740 899 790 gratia;
926 739 1136 790 praesertim
1157 752 1275 790 quum
1295 739 1460 777 viderem
1481 737 1699 789 hujusmodi*

243 800 417 838 homines
442 808 480 837 et
501 800 603 851 apud
623 814 690 839 vos
712 808 751 838 et
775 801 878 852 apud
895 808 1058 839 caeteros
1084 801 1229 851 optima
1247 800 1318 837 frui
1339 800 1531 851 opinione,
1549 799 1695 837 dulcio-

244 875 398 913 remque
417 863 516 901 hanc
537 863 652 901 vitam
675 863 889 915 judicarem
910 876 1023 914 quam
1045 863 1155 914 plura
1174 864 1328 914 negotia
1346 863 1605 908 tractantium,
1624 875 1696 900 nec

245 937 322 962 non
339 925 474 963 studiis
496 927 601 972 meis,
619 940 708 978 quae
729 927 777 965 ab
793 927 898 965 initio
918 927 1083 977 suscepi,
1103 927 1467 966 convenientiorem.
1500 927 1582 964 Has
1597 926 1696 964 enim

246 987 295 1025 ob
313 1000 452 1025 causas
470 988 524 1025 ita
543 988 668 1026 vivere
689 989 856 1026 institui:
887 1001 910 1026 a
928 988 1128 1039 stipendiis
1157 994 1285 1025 autem
1313 989 1377 1038 qui
1398 1001 1444 1026 ex
1465 988 1558 1025 urbe
1577 987 1697 1038 perci·

245 1047 402 1098 piuntur
433 1049 615 1094 abstinui,
635 1062 750 1099 grave
779 1050 1018 1095 existimans,
1039 1049 1071 1086 si
1097 1062 1214 1099 quum
1245 1062 1292 1086 ex
1319 1049 1481 1101 propriis
1508 1061 1568 1086 me
1597 1049 1699 1086 alere

244 1121 413 1159 possem,
430 1122 495 1147 eos
515 1110 739 1161 impedirem
760 1112 824 1161 qui
845 1111 971 1149 vivere
991 1111 1081 1149 hinc
1108 1116 1302 1161 coguntur
1323 1111 1527 1161 quominus
1554 1109 1699 1148 reditus

246 1183 294 1207 ex
312 1171 405 1208 urbe
423 1179 619 1222 caperent,
634 1172 785 1223 meique
805 1173 1039 1210 interventus
1055 1171 1179 1222 gratia
1197 1179 1346 1210 careret
1363 1172 1500 1222 aliquis
1513 1172 1616 1210 victu
1633 1184 1699 1209 ne-

246 1232 427 1270 cessario.
485 1232 648 1285 Propter
668 1247 754 1284 quae
783 1234 936 1272 laudem
964 1234 1093 1285 potius
1122 1233 1306 1285 consequi
1334 1233 1565 1279 debuissem,
1585 1246 1699 1285 quam

246 1292 563 1333 criminationem.
622 1296 737 1334 Nunc
753 1309 842 1333 vero
862 1296 1108 1334 vehementer
1127 1296 1282 1346 ambigo
1312 1309 1479 1346 quonam
1499 1296 1602 1333 facto
1622 1295 1701 1346 pla-

246 1367 333 1392 cere
351 1354 411 1393 his
430 1357 583 1406 possim.
642 1356 682 1395 Si
703 1357 803 1395 enim
821 1358 1109 1409 omnitempore
1125 1357 1284 1395 studens
1302 1370 1348 1395 ne
1363 1371 1477 1408 quem
1494 1357 1627 1407 injuria
1641 1357 1700 1395 vel

247 1416 492 1455 incommodo
511 1418 572 1455 vel
592 1419 768 1457 molestia
789 1420 994 1463 afficerem,
1014 1421 1063 1457 ob
1083 1419 1156 1457 hoc
1175 1427 1305 1457 tamen
1329 1420 1453 1470 ipsum
1483 1419 1596 1456 alicui
1616 1431 1701 1456 sum

247 1478 449 1525 molestus,
471 1493 548 1531 qua
569 1480 723 1518 demum
746 1494 862 1532 opera
882 1480 1094 1532 gratificer?
1123 1481 1261 1532 quidve
1281 1481 1469 1531 reliquum
1491 1487 1551 1518 est
1570 1480 1641 1518 nisi
1659 1486 1702 1517 ut

247 1553 321 1591 ego
341 1541 495 1591 quidem
515 1549 689 1579 votorum
711 1555 880 1580 meorum
901 1543 969 1580 sim
989 1543 1129 1594 impos,
1144 1543 1182 1580 hi
1198 1556 1288 1581 vero
1307 1544 1483 1581 inurbani
1501 1542 1702 1581 videantur

251 1609 290 1640 et
307 1602 438 1653 iniquo
457 1603 584 1642 animo
599 1603 726 1642 affecti
741 1617 832 1655 erga
852 1617 943 1641 suos
963 1604 1090 1642 cives?

301 1666 393 1703 26.ὁῗ
422 1667 461 1704 9.
488 1667 537 1704 Et
562 1666 665 1718 apud
693 1680 759 1705 eos
779 1666 934 1717 quidem
961 1667 1027 1717 qui
1056 1667 1162 1704 nulla
1185 1668 1222 1704 in
1250 1680 1289 1704 re
1315 1680 1402 1705 cum
1430 1667 1590 1705 aliorum
1614 1680 1702 1705 sen-

247 1727 369 1765 tentia
388 1728 654 1772 consentiunt,
679 1728 746 1766 sed
769 1728 982 1780 asperiores
1002 1735 1093 1767 sunt
1111 1729 1147 1766 in
1170 1741 1236 1767 eos
1257 1729 1323 1780 qui
1343 1741 1420 1766 non
1440 1730 1538 1768 male
1558 1729 1704 1768 habent

249 1801 364 1839 quarn
385 1788 422 1825 in
443 1788 652 1840 improboe,
676 1789 894 1840 apologiam
916 1803 1088 1840 quaerere
1110 1790 1269 1827 stultum
1288 1796 1367 1834 est;
1399 1803 1500 1837 nam,
1522 1797 1563 1828 ut
1581 1798 1701 1842 patet,

248 1865 324 1902 quo
345 1865 385 1890 se
404 1852 569 1903 quisque
589 1852 830 1904 integriorem
853 1853 1046 1898 ostendet,
1064 1866 1109 1891 eo
1129 1853 1296 1892 deterius
1317 1854 1421 1905 apud
1441 1853 1526 1892 illos
1547 1867 1703 1892 causam

249 1913 373 1952 dicet:
400 1914 482 1965 jam
502 1914 603 1966 apud
624 1921 800 1962 caeteros,
822 1915 870 1953 de
890 1928 936 1953 eo
956 1916 1061 1965 quod
1083 1915 1333 1967 Lysimachus
1353 1915 1610 1954 calumniatus
1631 1923 1705 1964 est,

248 1987 310 2013 me
330 1988 468 2027 nempe
487 1976 787 2028 quamplurimas
803 1976 1054 2027 acquisivisse
1073 1977 1295 2023 facultates,
1313 1990 1474 2016 necesse
1489 1985 1546 2016 est
1561 1978 1703 2024 dicere,

249 2050 298 2074 ne
324 2050 394 2088 pro
420 2050 509 2076 vero
531 2037 685 2076 habitus
713 2051 836 2076 sermo
863 2039 900 2076 in
931 2039 1141 2077 ministeria
1169 2053 1230 2077 me
1254 2039 1433 2091 conjiciat
1459 2041 1633 2091 graviora
1659 2054 1705 2079 ac

250 2098 362 2149 plura
381 2112 497 2149 quam
525 2100 622 2138 ferre
649 2101 806 2151 possim.
864 2101 1033 2139 Omnino
1060 2101 1191 2139 nullus
1221 2101 1428 2152 reperietur
1453 2101 1623 2153 sophista
1642 2103 1706 2154 qui

251 2161 392 2198 multas
420 2161 570 2199 divitias
601 2162 814 2212 collegerit,
834 2162 902 2200 sed
928 2163 991 2200 alii
1021 2163 1177 2214 quidem
1209 2162 1384 2207 tenuiter,
1417 2163 1480 2201 alii
1511 2163 1708 2203 moderate

252 2223 367 2261 vitam
389 2223 663 2261 traduxerunt:
695 2224 759 2274 qui
782 2237 868 2262 vero
888 2224 1070 2275 plurimas
1098 2224 1268 2262 omnium
1293 2224 1476 2262 memoria
1494 2231 1627 2263 nostra
1644 2238 1725 2264 ac-v

253 2284 422 2335 quisivit,
447 2283 613 2335 Gorgias
637 2283 853 2323 Leontinus
880 2286 909 2323 is
929 2286 1025 2324 fuit:
1056 2285 1117 2323 hic
1138 2299 1257 2336 quum
1277 2285 1383 2336 apud
1403 2285 1623 2333 Thessalos,
1643 2288 1709 2338 qui

253 2352 335 2384 tum
352 2346 562 2385 beatissimi
579 2345 807 2384 Graecorum
827 2355 950 2392 erant,
971 2347 1019 2385 sit
1037 2355 1311 2393 commoratus,
1332 2347 1593 2400 diuturnoque
1613 2356 1709 2388 tem-

254 2419 347 2459 pore
367 2415 407 2447 et
425 2408 562 2446 vixerit
580 2415 620 2446 et
638 2407 860 2460 hujusmodi
881 2408 999 2447 lucris
1019 2410 1221 2456 studuerit,
1238 2409 1382 2447 nullam
1404 2411 1535 2448 urbem
1554 2411 1711 2450 firmiter

253 2469 494 2514 habitaverit,
515 2469 608 2507 nihil
628 2469 667 2507 in
691 2470 883 2521 publicam
912 2483 990 2508 rem
1015 2472 1228 2522 erogaverit
1259 2485 1384 2523 neque
1409 2472 1570 2511 militare
1590 2475 1710 2513 tribu-

254 2539 336 2569 tum
365 2531 540 2571 conferre
573 2538 733 2569 coactus
768 2531 830 2574 sit,
861 2531 910 2569 ad
942 2532 1024 2570 haec
1055 2546 1180 2583 neque
1215 2546 1374 2571 uxorem
1402 2533 1556 2572 duxerit
1584 2548 1709 2587 neque

253 2593 395 2632 liberos
425 2593 649 2645 procrearit,
678 2600 794 2645 atque
823 2593 1004 2632 immunis
1033 2595 1148 2632 etiam
1178 2596 1226 2633 ab
1256 2595 1328 2632 hoc
1360 2595 1514 2633 assiduo
1543 2603 1582 2634 et
1610 2611 1711 2636 sum-

254 2656 499 2705 ptuosissimo
526 2656 734 2694 ministerio
760 2656 898 2703 fuerit3
926 2656 1000 2702 hic,
1029 2657 1199 2708 inquam,
1219 2657 1336 2696 tantis
1359 2659 1709 2709 opportunitatibus

253 2720 463 2758 instructus
485 2720 535 2759 ad
555 2720 826 2759 ditescendum
851 2733 930 2772 prae
956 2719 1040 2758 aliis
1066 2720 1168 2759 mille
1195 2727 1345 2758 tantum
1363 2728 1522 2760 stateres
1542 2723 1707 2776 reliquit.

255 2781 384 2832 Atqui,
402 2782 509 2832 quod
527 2782 662 2821 attinet
680 2782 730 2820 ad
746 2782 889 2821 alienas
905 2782 1125 2828 facultates,
1140 2794 1217 2820 non
1232 2790 1292 2820 est
1307 2789 1450 2822 temere
1470 2784 1707 2825 credendum

255 2842 558 2889 accusatoribus,
591 2857 716 2895 neque
743 2844 956 2895 putandum
987 2857 1056 2896 par
1085 2857 1172 2882 esse
1202 2844 1351 2882 lucrum
1381 2846 1642 2898 sophistarum
1671 2857 1710 2887 et

253 2903 508 2948 histrionum;
537 2904 606 2943 sed
626 2905 690 2956 qui
709 2905 872 2944 eandem
896 2911 1075 2945 exercent
1093 2911 1227 2952 artem,
1248 2905 1297 2944 de
1316 2906 1360 2944 iis
1380 2920 1428 2946 ex
1446 2915 1582 2947 mutua
1604 2922 1707 2948 com·
