1870 3277
255 169 327 204 370
916 160 1037 199 lSAEl.

254 268 395 305 sactum
433 271 492 303 est
528 271 569 302 ut
608 263 729 308 multi,
758 261 945 313 ejusmodi
985 260 1136 298 tabulas
1173 260 1479 298 testamentariae,
1516 258 1701 296 confictas

254 335 368 379 atque
396 326 614 378 suppositas
642 337 726 363 esse
754 324 913 369 aientes,
932 323 983 361 ita
1010 322 1202 373 adoptatis
1222 322 1269 360 de
1296 320 1474 359 adeunda
1491 319 1702 358 hereditate

256 388 556 428 controversiam
581 386 780 424 moverint.
837 385 953 422 Nunc
974 391 1099 422 autem
1121 383 1209 420 mihi
1232 382 1376 420 videtur
1397 382 1520 419 omnis
1541 379 1702 419 cavendi

255 450 454 501 diligentia
481 460 765 500 supervacanea
792 453 907 497 atque
936 444 1080 482 inutilis
1108 457 1215 482 esse:
1245 442 1419 494 quamvis
1447 442 1547 479 enim
1574 453 1703 479 omnes

257 511 513 563 adoptationis
545 524 637 548 meae
667 516 775 546 actus
804 508 856 544 ita
883 514 1012 545 essent
1043 507 1077 543 in
1106 505 1311 557 propatulo
1338 506 1430 549 acti,
1462 503 1705 541 nihilominus

257 583 385 612 tamen
406 579 496 611 sunt
515 573 578 623 qui
601 583 713 622 super
735 568 957 620 Apollodori
979 567 1191 606 hereditate
1212 580 1360 605 mecum
1385 565 1616 604 contendere
1637 577 1704 614 pro

260 635 460 686 Eupolidis
481 634 558 671 filia
577 631 827 671 contendant.
886 630 970 681 Ego
993 643 1081 667 vero
1103 630 1132 666 si
1152 629 1305 680 quidem
1325 640 1393 666 vos
1409 627 1589 670 viderem,
1605 625 1708 676 judi-

257 710 334 742 ces,
355 696 528 746 obliquas
555 694 593 732 in
615 693 702 745 jure
729 692 874 743 agendi
889 692 969 729 vias
995 704 1061 742 per
1080 690 1356 728 obtestationes
1374 688 1478 726 haud
1500 688 1615 726 licere
1633 686 1706 724 hac

259 758 307 795 de
327 770 447 795 causa
465 755 539 806 agi,
554 754 707 792 directae
723 754 792 791 viae
813 753 990 805 praeferre
1009 766 1087 804 qua
1105 752 1189 803 quis
1211 752 1291 790 sine
1312 751 1537 801 ambagibus
1551 750 1616 801 jus
1635 748 1705 786 sibi

259 817 431 856 debitum
461 815 654 867 postulet3
689 814 938 866 producerem
967 827 1041 864 ego
1069 826 1221 864 quoque
1261 819 1379 850 testes
1417 812 1710 850 confirmaturos

260 879 509 918 hereditatem
530 877 629 915 hanc
646 876 750 915 haud
766 889 850 914 esse
866 876 1124 913 vacuefactam
1142 874 1302 924 ideoque
1320 873 1590 912 controversiae
1605 871 1709 909 haud

262 940 487 992 expositam,
515 938 619 988 quod
646 951 718 988 ego
745 937 845 974 filius
874 937 944 973 sim
966 935 1190 987 Apollodori
1215 936 1263 972 ab
1291 948 1336 972 eo
1362 935 1573 972 secundum
1601 933 1710 984 leges

263 1001 467 1051 adoptatus
483 1012 491 1037 :
521 998 845 1036 verumenimvero
863 997 953 1048 quia
971 997 1049 1035 fieri
1069 996 1213 1047 nequit,
1230 1002 1273 1033 ut
1290 995 1392 1033 hanc
1408 995 1505 1032 viam
1525 994 1712 1033 sectando

263 1074 377 1111 quam
398 1072 501 1097 nunc
521 1059 714 1109 ingredior
727 1059 790 1110 jus
805 1072 956 1109 aequum
976 1059 1013 1095 in
1032 1058 1186 1097 occulto
1202 1064 1369 1104 maneat,
1384 1070 1610 1109 progressus
1627 1070 1712 1095 sum

263 1121 312 1160 ad
333 1134 398 1159 vos
428 1121 482 1158 ita
506 1120 620 1157 verba
649 1120 820 1157 facturus
848 1127 889 1157 ut
914 1127 1034 1158 totam
1062 1133 1141 1158 rem
1171 1126 1319 1171 gestam
1346 1132 1414 1157 vos
1444 1118 1615 1166 doceam,
1636 1131 1713 1170 quo

264 1181 470 1220 adversarii
497 1194 544 1219 ne
564 1187 771 1220 causentur
790 1181 958 1219 noluisse
978 1195 1048 1220 nos
1077 1181 1148 1220 sibi
1173 1181 1248 1220 hoc
1269 1180 1430 1219 actionis
1451 1193 1590 1231 genere
1609 1180 1718 1218 satis-

264 1244 403 1282 facere.
461 1242 620 1281 Docebo
641 1248 768 1280 autem
789 1256 866 1281 non
886 1242 961 1282 hoc
981 1242 1239 1289 solummodo,
1260 1242 1539 1294 Apollodorum
1564 1241 1715 1280 heredi·

266 1312 385 1344 tatem
414 1303 590 1355 cognatis
620 1303 800 1355 proximis
823 1317 899 1343 non
924 1305 1120 1356 reliquisse
1141 1305 1376 1356 gravissimis
1396 1305 1554 1343 ductum
1575 1304 1718 1350 causis,

267 1367 408 1419 quippe
428 1379 451 1404 a
468 1366 607 1416 quibus
627 1365 755 1403 multis
775 1365 940 1404 infandis
960 1366 1083 1404 modis
1103 1374 1258 1404 vexatus
1278 1374 1316 1404 et
1335 1367 1448 1404 laesus
1475 1364 1624 1410 fuisset,
1646 1364 1717 1402 sed

266 1427 369 1465 istud
388 1439 542 1478 quoque
564 1426 726 1473 docebo,
747 1427 793 1464 ab
813 1427 1053 1478 Apollodoro
1072 1440 1132 1465 me
1154 1440 1237 1465 esse
1257 1427 1375 1464 filiurn
1395 1426 1620 1477 adoptatum
1633 1426 1720 1477 jure

270 1489 416 1534 merito,
437 1488 576 1539 quippe
604 1488 669 1538 qui
694 1500 812 1539 nepos
840 1488 957 1539 ipsius
985 1502 1005 1526 e
1033 1501 1161 1527 sorore
1189 1501 1328 1534 essem,
1349 1496 1388 1526 et
1412 1488 1516 1539 quod
1538 1496 1719 1539 parentes

269 1550 344 1588 mei
371 1549 650 1601 Apollodorum
678 1549 808 1587 multis
835 1550 1056 1600 magnisque
1083 1550 1278 1588 beneficiis
1310 1550 1382 1588 sibi
1412 1549 1720 1588 obstrinxissent.

272 1614 404 1655 Quare
433 1624 500 1650 vos
532 1623 639 1662 rogo,
659 1610 828 1658 judices,
846 1610 983 1648 viritim
1009 1617 1047 1649 et
1072 1611 1283 1657 universos,
1300 1617 1345 1648 ut
1368 1623 1479 1648 aures
1499 1616 1721 1660 mentesque

271 1673 362 1712 mihi
382 1673 586 1725 praebeatis
606 1684 737 1722 aequas
757 1676 798 1709 et
816 1672 1037 1718 benevolas,
1056 1679 1094 1711 et
1113 1673 1177 1710 ubi
1196 1686 1262 1711 eos
1282 1685 1491 1724 coarguero
1510 1671 1549 1709 in
1572 1671 1723 1709 heredi-

271 1743 387 1775 tatem
407 1735 457 1773 nil
478 1735 529 1773 ad
545 1734 651 1786 ipsos
676 1733 930 1786 pertinentem
960 1747 1108 1772 summa
1127 1747 1214 1772 cum
1240 1734 1477 1787 impudentia
1495 1733 1722 1779 involantes,

272 1805 353 1836 tum
380 1796 470 1835 mihi
498 1809 575 1847 qua
602 1808 669 1847 par
697 1802 756 1834 est
783 1795 1029 1835 succurratis.
1085 1796 1284 1835 Disseram
1308 1802 1434 1834 autern
1455 1808 1569 1846 quam
1590 1801 1722 1847 potero

274 1858 524 1904 brevissimis,
546 1871 625 1896 rem
643 1870 666 1895 a
685 1856 871 1908 principio
891 1857 980 1895 inde
998 1865 1188 1908 repetens,
1210 1871 1297 1909 quae
1317 1858 1372 1895 sic
1389 1857 1520 1895 habet.

327 1922 366 1959 2.
396 1921 548 1958 Fratres
576 1926 685 1958 erant
707 1918 746 1955 hi
775 1925 850 1956 tres
869 1919 1053 1969 germani,
1067 1919 1236 1970 judices,
1258 1918 1414 1970 Eupolis
1435 1926 1475 1956 et
1500 1917 1724 1969 Thrasyllus

274 1990 389 2034 atque
405 1983 572 2021 Mneson
592 1982 640 2020 ab
660 1980 794 2019 iisdem
812 1981 885 2019 sati
901 1981 1145 2032 parentibus;
1177 1982 1242 2033 qui
1264 1981 1515 2020 substantiam
1529 1981 1726 2031 ingentem

275 2057 297 2082 a
316 2051 423 2096 patre
443 2044 611 2082 relictam
633 2055 720 2081 cum
741 2042 837 2080 inter
863 2054 904 2079 se
929 2043 1050 2080 sortiti
1076 2050 1207 2081 essent
1231 2045 1360 2092 (tanta
1387 2048 1516 2081 autem
1542 2049 1623 2079 erat
1649 2040 1729 2087 illa,

276 2113 319 2143 ut
339 2119 406 2145 vos
435 2118 502 2143 eos
530 2105 668 2155 dignos
696 2104 916 2149 censeretis,
936 2104 1002 2154 qui
1033 2117 1190 2142 munera
1214 2104 1371 2155 publica
1392 2109 1618 2154 sumptuosa
1636 2101 1728 2140 ede-

277 2170 390 2213 rent),
411 2166 486 2204 duo
514 2179 644 2204 eorum
669 2166 738 2203 sub
766 2164 866 2202 idem
894 2171 1044 2216 tempus
1063 2166 1141 2204 vita
1164 2166 1428 2208 excedebant3
1460 2165 1624 2203 Mneson
1645 2163 1730 2215 qui-

278 2229 365 2282 dem
385 2228 423 2266 in
444 2228 535 2266 urbe
555 2228 635 2265 sine
657 2227 778 2278 prole,
798 2235 841 2265 ut
865 2227 930 2278 qui
954 2240 1003 2264 ne
1029 2239 1188 2266 uxorem
1208 2227 1360 2279 quidem
1391 2226 1585 2271 duxisset,
1608 2225 1731 2264 Thra—

279 2290 400 2343 syllus
427 2296 553 2327 autem
580 2288 620 2326 in
649 2288 790 2342 Sicilia,
815 2301 891 2339 quo
919 2297 1107 2341 susceptae
1134 2289 1369 2342 expeditioni
1393 2296 1436 2327 ut
1458 2301 1544 2327 cum
1572 2287 1736 2339 imperio-

281 2349 476 2390 trierarchi
502 2349 720 2396 interesset,
741 2361 818 2386 una
844 2362 932 2387 cum
957 2350 1089 2389 multis
1117 2350 1202 2389 aliis
1229 2350 1404 2389 delectus
1434 2349 1573 2395 fuerat,
1600 2348 1735 2387 relicto

282 2413 362 2452 filio
390 2410 642 2465 Apollodoro,
670 2410 805 2450 eodem
844 2409 912 2448 illo
940 2412 1003 2461 qui
1032 2425 1092 2451 me
1121 2425 1241 2464 nuper
1271 2411 1342 2449 sibi
1369 2410 1488 2448 filium
1522 2409 1732 2460 adoptavit.

283 2474 446 2526 Eupolis
472 2474 601 2525 itaque
629 2472 676 2510 de
705 2472 822 2510 tribus
846 2471 1027 2510 fratribus
1050 2474 1155 2512 solus
1177 2473 1329 2512 relictus
1349 2472 1454 2510 haud
1474 2471 1670 2522 indignum
1690 2483 1732 2508 se

282 2537 407 2584 duxit,
439 2544 481 2575 ut
510 2538 697 2575 bonorum
729 2534 966 2587 Apollodoro
995 2535 1210 2575 debitorum
1239 2542 1385 2587 partem
1415 2534 1520 2573 haud
1553 2533 1735 2584 exiguam

284 2599 567 2638 interverteret:
600 2596 802 2635 Mnesonis
829 2596 929 2635 enim
958 2596 1223 2644 hereditatem,
1249 2595 1554 2648 cujusysemissis
1574 2594 1734 2646 Apollo-

285 2659 379 2697 doro
405 2659 664 2710 competebat,
687 2658 757 2696 soli
781 2657 852 2695 sibi
874 2664 994 2696 totam
1014 2658 1217 2709 arrogavit,
1236 2664 1426 2708 praetextu
1446 2669 1539 2695 usus
1559 2669 1641 2694 eam
1662 2655 1734 2694 sibi

282 2733 307 2758 a
334 2721 447 2758 fratre
474 2720 643 2770 legatam
668 2718 802 2765 fuisse,
820 2719 1016 2770 ipsiusque
1036 2718 1262 2770 Apollodori
1288 2717 1446 2755 tutelam
1467 2717 1522 2755 ita
1540 2715 1674 2767 gessit,
1691 2721 1737 2754 ut

287 2793 406 2819 causa
423 2781 582 2819 caderet
599 2780 719 2819 tribus
738 2780 893 2819 talentis
912 2780 1114 2826 aestimata,
1135 2793 1221 2831 quae
1241 2779 1341 2818 illius
1361 2778 1493 2817 tutelae
1514 2778 1664 2816 nomine
1686 2778 1735 2815 ab

288 2855 335 2880 eo
363 2843 603 2894 petebantur.
658 2841 925 2880 Archedamus
950 2842 1051 2880 enim
1072 2853 1164 2880 avus
1185 2854 1307 2888 meus,
1327 2840 1391 2891 qui
1412 2839 1638 2892 Apollodori
1656 2852 1737 2878 ma-

290 2910 384 2942 trem
410 2903 445 2941 in
475 2902 714 2943 matrimonio
736 2903 883 2951 habuit,
907 2916 1029 2942 meam
1060 2902 1197 2949 aviam,
1219 2915 1379 2941 cernens
1406 2898 1687 2954 Apollodorum
1714 2913 1737 2938 a
