1870 3277
225 179 270 214 16
807 181 1087 220 lsOCRATls

220 281 353 317 oratio.
413 279 509 316 Haec
539 281 639 318 enim
662 287 720 318 est
739 296 826 331 quae
848 283 895 319 de
916 283 1030 320 rebus
1045 281 1159 329 justis
1182 289 1219 318 et
1240 281 1403 331 injustis,
1424 284 1471 320 de
1498 283 1672 334 turpibus

220 345 258 376 et
290 340 474 383 honestis,
495 340 601 391 leges
634 343 742 379 tulit:
773 356 861 392 quae
892 343 959 379 nisi
981 344 1200 381 constituta„¹
1223 351 1260 379 et
1280 342 1471 381 distinctae
1498 346 1673 387 fuissent,

219 400 325 437 nulla
353 402 537 440 exsistere
566 404 758 453 potuisset
788 405 984 442 hominum
1012 405 1262 442 consociatio.
1320 405 1405 442 Hac
1425 414 1462 443 et
1484 408 1673 456 improbos

217 461 413 510 arguimus
435 469 472 499 et
492 463 592 500 viros
613 471 840 514 praestantes
861 478 1056 502 ornamus.
1115 465 1188 502 Per
1218 465 1320 502 hanc
1348 472 1386 502 et
1407 466 1566 503 stolidos
1588 479 1677 502 eru-

218 520 344 558 dimus
365 528 403 558 et
423 523 632 571 prudentes
653 524 899 574 exploramus
917 537 924 561 :
954 537 1041 561 nam
1062 524 1114 561 ita
1130 525 1255 562 dicere
1276 533 1315 562 ut
1332 524 1445 562 decet
1464 534 1567 563 recte
1589 540 1675 564 sen-

218 581 336 618 tiendi
352 582 558 619 maximum
582 584 735 633 signum
755 596 841 621 esse
861 584 1065 629 credimus,
1081 591 1196 635 atque
1216 587 1337 623 oratio
1353 599 1440 623 vera
1457 594 1493 623 et
1507 586 1675 636 legitima

217 647 257 678 et
274 655 385 691 aequa
414 642 563 680 honesti
594 657 638 680 ac
667 644 791 681 fidelis
824 645 936 682 animi
969 646 1212 682 simulacrum
1246 654 1319 684 est.
1380 647 1505 697 Hujus
1535 661 1604 697 ope
1640 656 1677 685 et

217 708 464 740 controversa
486 704 751 754 disceptamus
772 712 812 742 et
833 705 1009 755 ignorata
1026 706 1252 756 quaerimus:
1285 707 1423 756 quibus
1444 709 1544 744 enim
1568 722 1677 758 argu-

218 764 357 801 mentis
379 765 545 802 dicendo
567 766 651 803 aliis
673 767 963 816 persuademus,
985 767 1028 804 iis
1056 767 1144 817 ipsis
1168 768 1282 805 etiam
1304 770 1341 805 in
1363 769 1502 806 nostris
1532 769 1677 807 delibe-

217 825 430 862 rationibus
451 826 615 870 utimur;
644 833 684 864 et
703 827 927 876 eloquentes
947 827 1111 864 dicimus
1127 840 1194 865 eos
1215 829 1278 877 qui
1295 829 1341 866 ad
1359 829 1544 879 populum
1561 831 1677 867 verba

216 883 342 922 facere
362 892 540 934 possunt,
560 886 772 935 prudentes
793 899 884 924 vero
903 888 1168 925 existimamus
1187 901 1254 926 eos
1274 890 1337 939 qui
1355 890 1392 925 in
1407 889 1553 926 consilii
1573 891 1677 940 capi-

217 945 308 982 endi
338 946 614 985 deliberatione
637 948 711 998 ipsi
737 961 866 986 secum
888 949 936 986 de
958 951 1072 987 rebus
1094 951 1235 1001 optime
1256 950 1502 1001 disputarint.
1559 952 1675 993 Quod

216 1006 247 1044 si
264 1006 314 1044 de
329 1007 401 1045 hac
419 1007 605 1046 facultate
622 1009 661 1046 in
679 1023 829 1047 summa
845 1009 1053 1048 dicendum
1070 1020 1141 1057 est,
1155 1011 1248 1048 nihil
1266 1011 1375 1061 quod,
1387 1012 1534 1049 ratione
1553 1013 1678 1063 agitur

216 1067 301 1105 sine
327 1069 497 1106 oratione
524 1070 604 1107 fieri
632 1071 882 1120 reperiemus,
901 1071 969 1109 sed
996 1085 1080 1109 eam
1107 1080 1145 1110 et
1164 1085 1321 1122 operum
1343 1080 1382 1109 et
1399 1072 1675 1122 cogitationum

216 1129 388 1166 omnium
409 1129 549 1167 ducem
576 1143 677 1174 esse,
698 1144 777 1180 qua
805 1131 1092 1181 prudentissimi
1120 1134 1263 1182 quique
1295 1133 1464 1170 maxime
1494 1140 1677 1171 utuntur:

219 1190 270 1227 de<
292 1190 484 1240 magistris
514 1191 630 1241 igitur
656 1191 887 1241 eloquentiae
908 1198 947 1229 et
964 1193 1164 1242 sapientiae
1189 1192 1372 1230 studiosis
1394 1193 1459 1242 qui
1480 1201 1677 1231 contume-

216 1250 313 1288 liose
345 1251 448 1301 loqui
476 1252 635 1297 audent,
656 1251 742 1290 odio
770 1265 846 1290 non
877 1253 1021 1290 minore
1050 1253 1156 1303 digni
1185 1261 1288 1299 sunt,
1309 1266 1424 1303 quam
1453 1254 1475 1290 ii
1502 1255 1567 1304 qui
1586 1255 1679 1292 fana

217 1311 374 1348 deorum
416 1312 687 1350 immortalium
721 1313 878 1351 violant.
948 1313 1033 1364 Ego
1067 1327 1158 1352 vero
1190 1328 1278 1352 cum
1318 1328 1452 1352 omnes
1487 1316 1678 1354 orationes

216 1373 339 1422 probo
369 1385 531 1422 quarum
558 1373 905 1424 quantulacunque
930 1375 1075 1413 utilitas
1102 1388 1187 1413 esse
1215 1381 1359 1425 potest,
1380 1383 1459 1412 tum
1495 1389 1562 1414 eas
1591 1389 1679 1414 esse

209 1433 362 1483 judicio
390 1433 665 1483 pulcherrimas
685 1441 723 1471 et
742 1436 896 1485 regibus
927 1436 1171 1485 dignissimas
1192 1441 1232 1472 et
1251 1435 1344 1473 mihi
1375 1436 1540 1474 maxime
1564 1445 1681 1488 aptas

215 1508 302 1544 quae
323 1495 371 1531 de
392 1494 566 1532 honestis
592 1495 811 1533 actionibus
842 1503 881 1534 et
908 1497 1127 1546 reipublicae
1156 1496 1340 1546 gerendae
1366 1497 1513 1536 ratione
1541 1501 1678 1550 praeci-

216 1556 339 1606 piunt,
369 1562 485 1606 atque
516 1557 554 1593 in
582 1556 642 1594 his
673 1557 764 1607 ipsis
792 1557 876 1594 illas
908 1558 1099 1595 excellere
1133 1570 1275 1595 censeo
1306 1571 1394 1607 quae
1423 1565 1462 1596 et
1487 1560 1679 1610 principes

215 1620 359 1657 docent
387 1619 583 1669 quomodo
606 1620 654 1656 sit
675 1620 880 1658 tractanda
907 1620 1127 1665 multitudo,
1148 1628 1187 1658 et
1206 1620 1382 1658 homines
1409 1621 1578 1672 privatos
1597 1635 1677 1672 quo

215 1686 330 1730 pacto
346 1693 438 1728 erga
454 1680 649 1730 principes.
661 1680 795 1718 'affecti
815 1693 903 1718 esse
917 1681 1106 1719 debeant:
1138 1695 1205 1732 per
1220 1681 1305 1719 haee
1322 1682 1421 1719 enim
1439 1684 1551 1721 urbes
1567 1684 1677 1722 video

215 1740 293 1779 fieri
315 1747 354 1777 et
373 1739 615 1777 felicissimas
637 1747 675 1777 et
694 1740 965 1791 amplissimas.

268 1802 308 1837 4.
338 1801 395 1838 Ac
422 1801 579 1838 alteram
605 1801 761 1851 quidem
791 1801 907 1852 hujus
938 1801 1123 1839 doetrinae
1152 1809 1312 1853 partem,
1335 1803 1385 1841 de
1410 1805 1583 1854 gerendo
1608 1805 1676 1842 im-

215 1861 333 1911 perio,
347 1874 395 1898 ex
413 1861 586 1899 Isocrate
605 1861 829 1905 audivistis3
860 1875 943 1900 eam
960 1875 1050 1899 vero
1069 1876 1156 1913 quae
1174 1871 1306 1910 restat,
1319 1865 1367 1902 de
1387 1865 1523 1903 civium
1544 1866 1678 1904 officiis

216 1935 310 1973 erga
343 1923 602 1972 magistratus,
624 1935 698 1972 ego
728 1923 889 1960 recitare
917 1923 1102 1969 conabor,
1120 1937 1196 1961 non
1228 1925 1334 1974 quod
1361 1925 1469 1962 illum
1496 1938 1676 1976 superare

218 1984 410 2029 studeam,
433 1984 502 2021 sed
523 1984 615 2033 quia
634 1996 693 2020 me
712 1984 955 2035 potissimum
977 1984 1091 2021 decet
1110 1985 1168 2022 his
1189 1986 1235 2022 de
1256 1987 1369 2023 rebus
1388 1986 1488 2037 apud
1509 1999 1578 2024 vos
1599 1987 1678 2024 dis-

217 2057 357 2082 serere.
417 2044 518 2081 Nam
539 2045 571 2081 si
591 2057 673 2090 vos,
695 2057 810 2095 quum
832 2058 904 2094 ego
923 2058 1010 2095 quae
1031 2058 1054 2082 a
1073 2046 1181 2083 vobis
1201 2046 1282 2083 fieri
1302 2047 1438 2084 vellem
1462 2060 1537 2083 non
1559 2060 1678 2098 expo-

217 2105 396 2150 suissem,
417 2118 439 2142 a
464 2117 550 2142 mea
583 2105 778 2142 sententia
809 2106 1050 2149 aberrat-etis,
1082 2119 1157 2142 non
1185 2106 1330 2156 justam
1358 2106 1549 2144 irascendi
1569 2108 1675 2145 vobis

216 2179 374 2203 causam
393 2165 576 2203 haberem
593 2178 602 2202 :
633 2165 690 2202 sin
707 2166 822 2203 rebus
843 2166 1018 2203 omnibus
1034 2165 1212 2204 indicatis
1233 2173 1360 2204 tamen
1378 2167 1470 2204 nihil
1487 2169 1675 2215 ejusmodi

216 2227 428 2276 fieret,jam
451 2238 527 2262 non
547 2225 685 2275 injuria
704 2227 997 2264 contumacibus
1018 2239 1300 2264 succenserem.
1356 2228 1532 2266 Arbitror
1547 2237 1676 2267 autem

215 2299 284 2324 vos
313 2287 367 2324 ita
396 2286 562 2324 maxime
592 2285 750 2323 excitari
769 2293 808 2324 et
828 2286 913 2324 acui
939 2300 1057 2337 posse
1083 2294 1166 2324 tum
1184 2294 1227 2324 ut
1246 2288 1499 2325 recordemini
1527 2296 1608 2326 turn
1633 2296 1677 2327 ut
1731 2290 1734 2293 “

216 2346 484 2396 exsequamini
505 2359 551 2384 ea
572 2359 659 2396 quae
680 2346 783 2384 dicta
808 2347 963 2392 fuerint,
984 2347 1014 2384 si
1033 2360 1111 2385 non
1132 2347 1370 2385 consulendo
1389 2355 1539 2386 tantum
1560 2362 1675 2388 oecu-

216 2414 329 2459 patus
347 2407 462 2446 certis
479 2407 919 2457 capitibusenumeratis
935 2407 1169 2452 discessero,
1188 2408 1256 2445 sed
1274 2408 1304 2445 si
1322 2409 1435 2446 etiarn
1455 2410 1676 2456 ostendero,

215 2469 379 2519 primum
409 2467 512 2505 hanc
541 2467 763 2517 reipublicae
793 2468 953 2505 formam
983 2482 1069 2506 esse
1102 2469 1231 2518 magni
1263 2468 1493 2514 faciendam,
1520 2483 1597 2507 non
1628 2483 1675 2508 eo

217 2536 367 2567 tantum
383 2529 488 2579 quod
503 2541 661 2566 necesse
679 2529 729 2567 sit
747 2536 786 2567 et
805 2529 912 2579 quod
931 2542 977 2580 ea
994 2537 1186 2580 perpetuo
1210 2530 1329 2567 simus
1346 2530 1418 2575 usi,
1433 2530 1502 2567 sed
1517 2531 1567 2568 ob
1582 2531 1674 2568 illud

216 2590 332 2628 etiam
359 2590 464 2639 quod
490 2589 575 2627 haec
597 2589 696 2626 inter
721 2589 816 2627 alias
844 2590 1015 2640 respubl.
1035 2591 1199 2627 maxime
1224 2590 1415 2630 excellat:
1447 2590 1588 2628 deinde
1615 2604 1684 2629 me·

217 2663 295 2688 non
333 2657 468 2688 contra
505 2650 613 2700 leges
653 2650 728 2688 hoc
763 2650 965 2700 imperium
1003 2658 1132 2688 tenere
1165 2657 1233 2687 aut
1266 2650 1348 2688 aliis
1386 2657 1573 2700 ereptum,
1606 2652 1674 2689 sed

217 2719 353 2750 sancte
379 2712 557 2762 et'juste,
587 2719 669 2749 tum
697 2716 856 2763 'propter
884 2712 1026 2762 primos
1053 2716 1214 2760 majores
1242 2719 1321 2750 tum
1349 2719 1504 2763 propter
1527 2720 1675 2763 patrem

217 2781 298 2811 tum
319 2780 474 2824 propter
496 2773 701 2823 meipsum.
758 2773 858 2810 Nam
875 2774 906 2811 si
922 2773 1026 2824 prius
1042 2773 1126 2810 haec
1142 2773 1406 2812 demonstrata
1422 2774 1574 2819 fuerint,
1589 2776 1676 2825 quis

217 2847 293 2872 non
314 2834 396 2885 ipse
415 2847 500 2871 sese
521 2834 687 2871 maximo
707 2834 868 2884 dignum
888 2833 1076 2885 supplicio
1097 2834 1276 2880 fateatur,
1293 2834 1322 2872 si
1338 2834 1430 2872 meis
1449 2841 1488 2872 et
1506 2835 1684 2874 consiliis>

217 2894 470 2946 etimperatis
490 2907 568 2932 non
589 2894 876 2945 obtemperarit.
