1870 3277
232 182 307 216 474
831 179 1069 218 LYCURGI

231 279 492 317 Aristarchum
511 289 549 318 et
564 280 786 326 Alexiclem‚
807 271 1045 326 occiderunt,
1067 292 1191 331 neque
1215 293 1279 318 eos
1296 279 1333 317 in
1354 286 1449 318 terra
1469 279 1538 316 hac
1558 291 1664 328 sepe·

232 340 288 378 liri
318 341 586 391 permiserunt:
623 355 691 380 vos
717 350 843 380 autem
869 344 989 393 ipsum
1019 354 1172 392 corpuS‚
1197 341 1300 391 quod
1327 341 1455 378 urbem
1486 340 1665 390 prodidit,

231 401 355 438 vivum
374 401 595 453 judicioque
615 410 739 440 vestro
761 403 972 453 subjectum
993 403 1176 439 habentes
1197 402 1420 453 impunitum
1448 399 1667 438 dimittetis?

232 476 276 500 ac
297 469 403 501 tanto
423 463 525 500 eritis
547 464 750 514 majoribus
771 464 901 500 vestris
921 464 1131 509 inferiores,
1159 470 1303 513 quanto
1331 462 1382 499 illi
1409 461 1560 512 quidem
1588 473 1667 504 eos,

234 524 298 574 qui
320 525 433 562 verbo
455 532 602 562 tantum
633 524 814 575 proditori
840 524 1013 561 tulissent
1038 536 1162 574 opem,
1189 523 1328 560 ultimis
1358 522 1551 574 suppliciis
1582 528 1671 559 sunt

233 585 369 631 adorti,
391 598 456 624 vos
482 593 609 623 autern
637 585 773 635 ipsum,
791 584 854 634 qui
883 597 956 621 non
976 597 1148 622 sermone
1178 584 1244 621 sed
1264 597 1377 634 opere
1398 583 1579 634 populum
1601 582 1667 619 de-

234 648 363 692 seruit,
382 661 452 685 ceu
479 647 570 684 nihil
600 646 756 684 sceleris
786 645 979 683 admiserit
1007 644 1227 683 dimittetis?
1284 644 1342 681 Ne
1373 643 1666 694 sane,judices;

233 709 340 748 vobis
361 722 445 747 cum
468 710 519 746 ita
533 709 693 758 patrium
715 708 777 752 sit,
798 707 952 758 indigna
971 715 1009 744 et
1029 707 1132 745 vobis
1152 715 1190 745 et
1215 706 1419 757 majoribus
1440 706 1571 743 vestris
1592 711 1668 741 sta-

234 771 339 808 tuite.
408 770 556 808 Etenim
579 770 609 806 si
630 782 745 806 unum
765 768 921 819 aliquod
940 768 1129 819 ejusmodi
1148 768 1341 806 decretum
1363 769 1504 804 factum
1523 766 1668 810 fuisset,

233 838 364 880 posset
382 831 517 881 aliquis
537 831 676 876 dicere,
689 831 792 880 quod
807 832 854 868 ob
876 831 968 868 iram
983 831 1107 880 potius
1123 842 1236 879 quam
1256 829 1447 866 veritatem
1467 829 1666 866 fecissent:

231 892 386 942 quando
406 905 493 929 vero
512 891 558 928 de
577 892 750 928 omnibus
772 890 868 928 idern
890 889 1117 940 supplicium
1131 889 1374 939 sumpserint,
1388 889 1577 938 quomodo
1592 901 1668 926 non

232 960 293 990 est
311 952 564 1003 perspicuum,
582 951 685 1001 quod
704 951 877 989 omnibus
896 951 1032 988 talibus
1059 950 1288 988 facinoribus
1309 949 1530 987 naturaliter
1560 949 1668 986 resti-

234 1013 343 1050 terint
366 1025 487 1062 eaque
503 1019 685 1062 perpetuo
706 1011 988 1062 impugnarint?
1032 1010 1223 1061 Siquidem
1248 1010 1507 1061 Hipparchum
1527 1010 1672 1047 Timar-

234 1073 294 1111 chi
314 1073 432 1110 filiurn
451 1086 527 1109 non
540 1079 825 1123 exspectantem
841 1072 1062 1123 proditionis
1077 1072 1177 1123 apud
1198 1071 1375 1122 populum
1391 1071 1589 1122 judicium,
1605 1070 1672 1109 sed

234 1141 424 1172 certamen
455 1134 546 1171 illud
578 1134 830 1179 deserentem,
859 1139 980 1171 morte
1011 1133 1250 1179 mulctantes,
1281 1140 1482 1184 postquam
1516 1132 1671 1170 sceleris

233 1209 337 1233 reum
359 1208 497 1246 corpus
518 1195 600 1246 ejus
621 1208 696 1232 non
716 1201 958 1245 acceperunt,
978 1194 1180 1245 imaginem
1197 1195 1276 1245 ejus
1296 1206 1342 1231 ex
1362 1206 1448 1231 arce
1468 1193 1672 1231 detrahen-

235 1263 291 1295 tes
311 1265 347 1294 et
367 1257 578 1295 conflantes
598 1256 864 1306 erigentesque
884 1255 1099 1293 columnam
1128 1256 1377 1293 decreverunt
1403 1256 1438 1292 in
1464 1255 1563 1292 hanc
1589 1267 1673 1306 per-

233 1318 397 1356 scribere
411 1318 705 1356 calumniatores
718 1325 756 1355 et
769 1317 979 1368 proditores
993 1331 1003 1361 ;
1033 1325 1148 1367 atque
1160 1318 1241 1368 ipse
1260 1316 1502 1367 Hipparchus
1519 1317 1555 1354 in
1571 1316 1672 1354 hanc

234 1379 450 1417 columnam
468 1380 701 1430 perscriptus
721 1389 793 1424 est,
813 1378 949 1428 aliique
969 1379 1191 1429 proditores.
1247 1378 1303 1415 Ac
1323 1377 1411 1415 mihi
1443 1377 1572 1428 accipe
1597 1377 1672 1428 pri-

235 1453 336 1478 mum
350 1440 503 1491 quidem
520 1440 806 1490 decretum,per
818 1439 923 1489 quod
939 1440 1065 1490 imago
1083 1439 1291 1491 Hipparchi
1307 1439 1506 1490 proditoris
1521 1451 1567 1476 ex
1584 1451 1672 1477 arce

234 1501 407 1540 detracta
436 1508 508 1547 est,
540 1501 678 1539 deinde
704 1501 809 1551 quod
838 1501 874 1537 in
903 1500 1119 1539 columnam
1150 1509 1209 1539 est
1238 1501 1503 1551 perscriptum,
1536 1500 1672 1538 deinde

233 1570 322 1614 post
340 1562 439 1601 hanc
460 1563 662 1613 inscriptos
682 1575 794 1612 porro
811 1561 1022 1612 proditores
1037 1563 1074 1600 in
1089 1562 1233 1600 hancce
1248 1561 1484 1604 columnam;
1505 1568 1544 1599 et
1557 1562 1675 1599 recita

235 1625 373 1662 scriba.

377 1725 683 1764 DECRETUM
716 1725 788 1762 ET
819 1726 1206 1765 PERSCRIPTUM
1239 1724 1531 1763 COLUMNAE.

236 1803 341 1847 Quid
361 1803 536 1841 videntur
555 1801 673 1846 vobis,
697 1801 862 1851 judices,
891 1801 1054 1852 majores
1081 1801 1223 1839 vestri?
1259 1803 1374 1839 Anne
1399 1801 1530 1839 eadem
1551 1802 1674 1840 vobis·

237 1878 324 1903 cum
343 1864 393 1902 de
422 1862 618 1901 sceleratis
638 1861 896 1912 cognoscere?
928 1863 1066 1900 Nonne
1086 1869 1287 1913 postquam
1308 1875 1446 1913 corpus
1476 1863 1675 1914 proditoris

237 1938 314 1963 non
334 1932 544 1976 potuerunt
571 1923 609 1961 in
634 1936 705 1960 sua
730 1922 870 1961 habere
898 1932 1104 1974 potestate,
1127 1931 1292 1961 statuam
1315 1924 1513 1974 proditoris
1539 1937 1675 1976 appre-

237 1986 461 2024 hensam-ac
481 1984 692 2022 detractam
714 1984 850 2034 quibus
878 1992 1084 2035 potuerunt
1111 1985 1304 2036 suppliciis
1331 1984 1564 2023 affecerunt?
1601 1998 1675 2024 non

238 2054 280 2084 ut
298 2060 436 2085 aeream
457 2052 622 2083 statuam
642 2045 863 2090 conflarent,
878 2046 946 2083 sed
962 2052 1004 2083 ut
1023 2047 1183 2096 posteris
1204 2046 1420 2097 exemplum
1437 2047 1473 2083 in
1489 2046 1676 2096 reliquum

238 2114 390 2158 tempus
412 2116 452 2145 ut
478 2115 652 2157 poterant
678 2114 810 2145 contra
837 2107 1050 2157 proditores
1079 2108 1347 2158 relinquerent.
1403 2108 1544 2158 Accipe
1565 2121 1676 2158 porro

238 2176 277 2206 et
309 2168 470 2206 alterum
506 2168 698 2205 decretum
734 2168 782 2205 de
813 2167 857 2204 iis
888 2168 952 2218 qui
985 2169 1191 2206 Deceleam
1222 2168 1489 2219 migraverant,
1522 2169 1676 2219 quando

240 2228 404 2280 populus
437 2241 460 2265 a
493 2227 790 2266 Lacedaemoniis
828 2229 1076 2274 obsideretur,
1107 2237 1148 2267 ut
1181 2229 1316 2275 sciant,
1343 2229 1390 2266 de
1421 2229 1678 2280 proditoribus

242 2291 405 2342 majores
434 2289 554 2328 nostri
584 2302 694 2339 pares
720 2297 758 2327 et
781 2296 1060 2328 consentaneas
1086 2291 1154 2328 sibi
1181 2304 1313 2342 poenas
1339 2291 1490 2328 fecisse.
1546 2291 1679 2329 Recita
1733 2323 1736 2327 ,

241 2353 380 2390 scriba.

807 2454 1117 2493 DECRETUM.

245 2531 592 2583 Auditis,judices‚
612 2538 651 2570 et
671 2532 743 2570 hoc
763 2532 970 2579 decretum,
983 2542 1057 2583 quo
1072 2541 1243 2584 ternpore
1258 2532 1346 2571 belli
1366 2533 1676 2582 transmigrantes

243 2594 452 2632 Deceleam
474 2593 790 2639 condemnarunt,
805 2594 1140 2643 decreveruntque,
1156 2602 1198 2631 ut
1217 2595 1247 2631 si
1263 2595 1347 2644 quis
1366 2594 1534 2644 ipsorum
1553 2606 1679 2631 rever-

243 2669 309 2694 sus
337 2654 657 2706 deprehendatur,
677 2656 844 2693 abducat
871 2656 932 2693 cui
956 2655 1108 2692 libuerit
1129 2654 1422 2692 Atheniensium
1442 2654 1490 2691 ad
1510 2654 1677 2692 thesmo-

241 2715 383 2760 thetas,
404 2716 469 2766 qui
489 2723 730 2767 assumptum
750 2716 856 2754 illum
877 2716 1030 2754 tradant
1049 2715 1229 2766 praefecto
1256 2715 1383 2753 fossae.
1441 2714 1605 2752 Proinde
1624 2716 1678 2753 illi

243 2777 281 2814 in
314 2777 469 2826 regione
502 2776 575 2815 hac
606 2777 918 2828 transmigrantes
951 2776 1054 2814 hunc
1087 2775 1137 2813 ad
1171 2774 1326 2813 modum
1358 2775 1578 2826 puniebant,
1611 2790 1679 2815 vos

245 2844 372 2875 autem
396 2850 496 2884 eum,
526 2837 591 2889 qui
616 2851 663 2875 ex
689 2839 782 2876 urbe
811 2845 850 2876 et
879 2838 1034 2890 regione
1050 2844 1228 2888 tempore
1256 2837 1344 2875 belli
1371 2837 1618 2889 transfugerit
1641 2839 1678 2876 in

244 2896 407 2952 insulam
435 2897 616 2935 Rhodum
643 2904 756 2948 atque
781 2898 990 2949 prodiderit
1016 2897 1211 2950 populum,
1242 2910 1319 2936 non
1349 2897 1554 2936 occidetis?
1594 2898 1680 2942 Quo
