1870 3277
605 164 830 205 CONTRA
861 163 1181 203 SOPHISTAS.
1554 163 1625 200 187

162 265 399 316 potissimum
421 265 533 304 fidem
554 265 736 305 adhibere
751 266 766 303 ’ἒ
795 278 883 303 nam
905 267 937 304 si
953 278 1047 317 erga
1061 271 1222 304 caeteros
1241 278 1282 304 se
1300 266 1424 304 bonos
1439 271 1480 303 et
1493 277 1627 315 oequos

162 327 406 379 praebuerint,
435 341 511 366 non
539 329 673 379 utique
702 328 777 366 illis
803 327 980 378 injuriam
1006 327 1162 374 facient,
1192 340 1357 377 quorum
1383 339 1502 379 opera
1527 327 1627 366 tales

161 395 380 426 evaserunt.

216 450 255 486 4.
285 449 414 494 Quum
432 450 549 501 igitur
563 449 804 488 indoctorum
828 448 986 500 quidam
1002 448 1062 486 his
1081 447 1260 486 omnibus
1279 447 1534 486 consideratis
1550 449 1631 486 ani-

162 510 409 549 madvertunt
431 524 497 550 eos
518 511 583 562 qui
603 511 831 561 sapientiam
857 510 1001 548 docent
1021 517 1059 548 et
1078 509 1302 547 felicitatem
1327 508 1500 555 tradunt,
1523 510 1627 560 ipsos

160 572 344 621 angustia
362 573 415 610 rei
434 571 631 610 familiaris
653 571 772 622 premi
791 578 830 608 et
850 583 872 608 a
891 571 1091 621 discipulis
1114 569 1375 609 mercedulam
1398 570 1568 620 exigere,
1590 576 1630 608 et

159 644 256 682 quas
276 632 313 669 in
332 632 456 671 verbis
476 632 804 670 contradictiones
825 632 1045 678 observent,
1063 632 1222 670 easdem
1243 631 1280 668 in
1297 631 1515 670 actionibus
1537 631 1629 682 ipsis

162 705 241 730 non
269 693 496 744 perspicere,
533 699 573 731 et
603 693 640 730 in
670 692 916 731 affectatione
943 693 1114 731 scientiae
1140 693 1370 738 futurorum,
1390 692 1438 730 de
1468 692 1512 730 iis
1541 705 1629 743 quae

159 761 249 792 ante
268 754 387 805 pedes
406 760 497 792 sunt
524 753 618 792 nihil
638 754 841 805 opportuni
864 754 924 792 vel
945 754 1073 792 dicere
1093 766 1207 804 posse
1227 752 1288 791 vel
1310 753 1537 798 deliberare,
1560 753 1630 790 sed

159 827 230 853 eos
248 815 371 865 magis
392 815 490 853 inter
510 828 551 853 se
570 816 788 853 consentire
809 823 847 853 et
867 815 978 866 plura
997 815 1132 853 dextre
1152 813 1336 864 perficere
1355 813 1420 864 qui
1439 814 1630 865 opinioni—

161 877 233 914 bus
254 876 450 915 ducuntur
469 890 585 928 quam
611 878 676 928 qui
697 891 737 916 se
767 878 966 916 scientiam
986 877 1127 916 habere
1148 877 1373 928 gloriantur,
1389 877 1476 928 jure
1495 877 1632 928 opinor

159 937 255 975 istos
272 945 540 983 contemnunt,
556 945 594 976 et
609 952 733 989 nugas
750 952 835 976 esse
850 945 968 989 atque
989 938 1125 977 sordes
1139 951 1215 976 non
1238 938 1355 975 animi
1374 938 1628 976 eruditionem

159 999 383 1038 existimant
402 1004 483 1049 ejus
505 1000 656 1051 generis
677 1000 976 1051 disputationes·

214 1063 252 1099 5.
283 1061 422 1112 Neque
442 1075 532 1099 vero
551 1061 590 1099 hi
611 1069 761 1099 tantum
792 1061 1003 1105 accusandi
1024 1067 1115 1098 sunt
1141 1060 1211 1098 sed
1232 1061 1348 1098 etiam
1373 1060 1494 1098 civilis
1516 1060 1631 1098 disci-

161 1122 277 1173 plinae
310 1124 503 1174 magistri:
534 1122 597 1173 qui
626 1136 745 1173 quum
766 1130 806 1160 et
835 1122 909 1173 ipsi
934 1121 1134 1159 veritatem
1166 1134 1301 1159 secure
1323 1121 1536 1172 negligant,
1557 1121 1632 1159 hoc

161 1185 252 1223 artis
272 1198 355 1223 esse
375 1192 526 1236 putant,
548 1185 579 1222 si
595 1185 901 1235 quamplurimos
922 1191 960 1222 et
980 1184 1191 1234 exiguitate
1213 1184 1402 1221 mercedis
1423 1190 1462 1221 et
1482 1183 1632 1234 magni-

160 1247 318 1284 ficentia
344 1245 665 1297 pollicitationum
694 1245 742 1283 ad
776 1258 817 1283 se
844 1245 1075 1296 pellexerint
1095 1251 1137 1282 ut
1165 1243 1311 1295 aliquid
1337 1245 1384 1282 ab
1410 1244 1464 1282 eis
1492 1257 1632 1295 capere

159 1307 330 1357 possint3
362 1307 426 1357 qui
446 1307 544 1344 adeo
566 1306 711 1358 stupidi
728 1315 767 1344 et
786 1306 857 1357 ipsi
875 1312 967 1343 sunt
980 1312 1019 1343 et
1039 1305 1135 1343 alios
1157 1318 1243 1343 esse
1257 1312 1433 1350 censent,
1450 1312 1493 1343 ut
1511 1319 1630 1356 quum

161 1367 370 1405 deteriores
401 1368 593 1405 orationes
621 1368 792 1405 scribant
818 1380 933 1417 quam
964 1366 1083 1416 aliqui
1109 1365 1255 1404 indocti
1281 1379 1328 1403 ex
1357 1373 1532 1417 tempore
1563 1367 1632 1405 ha-

158 1429 290 1474 beant,
307 1435 436 1466 tamen
457 1441 497 1466 se
517 1428 730 1478 discipulos
752 1441 844 1465 suos
865 1428 918 1464 ita
937 1427 1034 1465 velle
1054 1426 1103 1464 ad
1124 1433 1245 1464 artem
1267 1427 1469 1465 oratoriam
1491 1440 1633 1466 acuere

163 1490 421 1542 polliceantur
441 1496 484 1527 ut
503 1489 598 1527 nihil
618 1489 724 1540 quod
746 1489 783 1526 in
803 1489 919 1526 rebus
941 1489 1032 1527 insit
1051 1489 1347 1539 praetermissuri
1370 1489 1470 1533 sint;
1503 1503 1574 1528 nec
1596 1491 1633 1528 in

162 1567 212 1593 ea
231 1553 417 1592 facultate
434 1553 497 1591 vel
517 1552 604 1591 usui
623 1565 749 1590 rerum
772 1552 834 1590 vel
854 1551 1010 1602 ingenio
1030 1550 1208 1602 discipuli
1221 1551 1431 1602 quicquam
1447 1552 1635 1599 tribuunt,

163 1615 233 1654 sed
252 1615 483 1666 eloquentiae
497 1621 693 1666 praecepta
711 1613 869 1665 perinde
885 1621 929 1651 ut
944 1613 1137 1652 literarum
1153 1613 1352 1652 scientiam
1368 1627 1410 1652 se
1426 1614 1634 1654 tradituros

162 1677 284 1722 aiunt,
305 1690 392 1728 quae
408 1676 609 1727 utriusque
628 1675 681 1713 rei
701 1682 839 1713 natura
861 1674 910 1712 sit
929 1688 1008 1712 non
1029 1674 1335 1720 considerantes,
1356 1675 1425 1713 sed
1441 1676 1489 1714 ob
1505 1676 1634 1714 excel—

161 1739 317 1777 lentiam
339 1738 633 1789 promissionum
659 1744 741 1775 tum
764 1749 805 1774 se
826 1737 862 1774 in
893 1736 1147 1774 admiratione
1175 1736 1325 1774 futuros
1347 1743 1428 1774 tum
1457 1738 1634 1776 oratoriae

162 1801 395 1839 institutioni
427 1800 593 1852 pretium
626 1812 874 1838 accessurum
903 1810 991 1836 esse
1024 1797 1315 1842 existimantes;
1361 1798 1398 1836 in
1431 1812 1507 1849 quo
1532 1806 1636 1838 certe

162 1862 364 1908 falluntur,
384 1863 531 1900 artibus
553 1862 653 1900 enim
681 1860 948 1899 auctoritatem
970 1859 1180 1897 conciliant
1200 1871 1275 1896 non
1298 1859 1364 1909 qui
1392 1860 1513 1897 multa
1532 1860 1635 1898 inso-

162 1923 287 1962 lenter
306 1923 354 1961 de
374 1924 427 1960 eis
446 1923 593 1975 jactare
614 1922 774 1969 audent,
795 1922 863 1960 sed
883 1921 947 1972 qui
967 1920 1006 1959 id
1034 1933 1167 1959 eruere
1188 1933 1234 1958 ac
1259 1921 1430 1971 proferre
1458 1929 1635 1972 possunt,

165 1985 272 2037 quod
287 1997 521 2036 unaquaque
541 1984 775 2022 continetur.

226 2047 264 2084 6.
296 2046 380 2096 Ego
400 2058 491 2083 vero
517 2052 667 2083 tantum
692 2057 809 2096 posse
840 2043 1141 2096 philosophiam,
1167 2052 1355 2095 quantum
1387 2044 1450 2082 isti
1473 2045 1639 2096 jactant,

169 2107 323 2158 magnis
357 2107 494 2158 opibus
530 2106 757 2144 anteferrem
773 2106 1015 2144 ——sortassis
1053 2106 1155 2144 enim
1190 2119 1317 2157 neque
1351 2118 1421 2143 nos
1452 2106 1638 2156 postremi

168 2181 342 2206 essemus
362 2181 489 2217 neque
504 2168 652 2204 fructus
673 2180 720 2203 ex
736 2179 782 2203 ea
796 2167 974 2204 minimos
989 2179 1217 2217 caperemus
1232 2190 1284 2196 —
1301 2180 1310 2204 ε
1340 2167 1409 2205 sed
1424 2180 1543 2217 quum
1560 2180 1638 2205 non

165 2231 221 2268 ita
247 2243 287 2268 se
307 2242 366 2267 res
385 2228 538 2273 habeat,
564 2233 772 2277 nugatores
802 2226 895 2264 istos
918 2228 1077 2264 tandem
1100 2229 1363 2266 conticescere
1392 2227 1530 2272 velim;
1561 2241 1639 2266 non

162 2293 263 2331 enim
283 2289 594 2341 delinquentibus
616 2294 763 2326 tantum
785 2287 885 2325 male
899 2286 989 2332 dici,
1007 2285 1077 2324 sed
1097 2292 1137 2324 et
1152 2292 1314 2325 caeteros
1335 2287 1549 2334 universos,
1567 2290 1632 2339 qui

166 2356 204 2393 in
224 2355 297 2392 hoc
312 2353 526 2391 studiorum
548 2363 690 2401 genere
709 2355 925 2395 versantur,
941 2350 1019 2399 peti
1040 2348 1165 2386 video.

222 2416 261 2453 7.
292 2413 345 2452 Et
363 2413 438 2452 illis
461 2411 672 2463 discipulos
703 2409 890 2449 committi
917 2410 1046 2457 miror,
1068 2410 1134 2460 qui
1161 2422 1236 2447 non
1265 2410 1577 2448 animadvertunt
1599 2424 1642 2450 se

170 2478 254 2529 ejus
274 2476 367 2514 artis
387 2487 474 2525 quae
501 2480 541 2511 et
567 2472 745 2511 ordinata
765 2479 826 2510 est
845 2479 884 2510 et
902 2484 1017 2522 opere
1044 2470 1214 2509 cernitur
1240 2470 1374 2508 afferre
1405 2472 1640 2522 exemplum.

171 2539 267 2584 Quis
287 2537 388 2576 enim
408 2535 492 2574 istis
513 2534 686 2584 exceptis
710 2533 874 2584 ignorat,
899 2533 1026 2571 literas
1042 2532 1129 2570 loco
1146 2532 1288 2570 moveri
1310 2544 1386 2568 non
1405 2544 1519 2581 posse
1541 2546 1642 2571 sem-

168 2612 314 2652 perque
324 2599 480 2637 easdem
496 2595 673 2634 manere?
695 2595 800 2633 unde
814 2595 946 2633 iisdem
962 2594 996 2631 in
1010 2594 1144 2631 iisdem
1155 2592 1312 2642 quidem
1321 2592 1444 2630 verbis
1454 2601 1644 2644 perpetuo

172 2661 327 2707 utimur,
347 2671 466 2710 quum
487 2658 720 2709 eloquentiae
748 2657 797 2695 sit
817 2656 1075 2695 diversissima
1100 2654 1196 2692 ratio
1215 2667 1224 2690 :
1254 2666 1342 2691 nam
1364 2654 1470 2704 quod
1491 2656 1539 2693 ab
1567 2656 1644 2695 alio

172 2723 318 2761 dictum
335 2728 397 2759 est
409 2720 551 2758 dicenti
566 2725 658 2770 post
672 2718 778 2756 illum
798 2731 877 2756 non
893 2717 1052 2769 perinde
1069 2715 1241 2766 expedit,
1257 2714 1324 2753 sed
1342 2714 1373 2752 is
1390 2715 1644 2766 peritissimus

173 2783 265 2821 artis
286 2794 373 2820 esse
403 2781 583 2826 creditur,
605 2780 667 2831 qui
691 2793 760 2831 pro
780 2779 969 2830 dignitate
987 2790 1111 2816 rerum
1130 2776 1279 2822 dixerit,
1300 2789 1424 2827 eaque
1445 2778 1649 2827 protulerit

175 2857 263 2895 quae
282 2843 330 2880 ab
351 2843 434 2880 aliis
451 2848 541 2880 ante
561 2843 718 2880 inventa
733 2854 811 2880 non
833 2840 986 2878 fuerint.
1046 2837 1260 2875 Maximum
1283 2844 1412 2875 autem
1432 2837 1549 2889 hujus
1565 2839 1645 2877 dis-

176 2903 434 2943 similitudinis
464 2910 734 2954 argumentum
763 2902 860 2940 illud
888 2900 1085 2951 est‚q=10d
1115 2899 1308 2939 orationes
1342 2899 1539 2952 praeclarae
1562 2915 1650 2939 esse
