1870 3277
579 195 651 232 DE
683 192 1138 232 PERMUTATIONE.
1518 193 1597 233 213

134 308 247 346 quam
262 302 390 346 patres
407 297 526 334 nostri
547 296 584 334 in
606 309 721 339 unam
744 295 949 334 Meliorum
966 295 1206 333 obsidionem
1229 301 1448 346 eroga-runt.
1506 294 1599 334 Vel-

132 357 207 395 lem
230 371 332 404 vero,
354 364 397 396 ut
416 358 530 396 facile
552 358 624 396 fuit
643 366 757 409 gesta
771 369 1014 402 enumerare,
1034 357 1088 394 ita
1105 369 1218 407 posse
1238 368 1298 394 me
1319 356 1482 394 breviter
1501 363 1598 394 tem-

132 431 226 470 pora
251 419 447 458 declarare
478 420 616 470 quibus
645 420 781 457 horum
813 431 978 469 quaeque
1005 426 1096 456 sunt
1122 424 1222 463 acta,
1248 423 1287 454 et
1312 424 1452 454 statum
1477 417 1600 463 urbis,

132 480 378 531 hostiumque
399 481 610 531 potentiam
628 494 636 518 :
666 480 788 518 multo
803 480 902 518 enim
916 480 1024 518 vobis
1040 480 1244 518 benefacta
1263 478 1408 529 majora
1425 478 1600 517 videren-

133 547 209 586 tur,
239 548 357 593 atque
390 542 451 580 ille
480 542 598 592 pluris
633 541 850 584 faciendus.
909 541 1025 579 Nunc
1053 553 1143 579 vero
1172 540 1260 579 haec
1286 546 1442 592 propter
1469 552 1602 577 eorum

136 603 420 643 multitudinem
437 604 598 641 mittam.

191 666 284 703 26.ὶῖξ
314 666 352 704 6.
382 664 463 702 Vos
491 671 620 702 autem
648 664 814 703 libenter
832 662 1032 702 audituros
1060 664 1236 708 arbitror,
1253 675 1326 702 seur
1350 674 1438 701 nam
1469 661 1604 700 lauda-

136 731 262 763 torum
290 725 396 776 apud
421 738 490 763 vos
511 724 677 763 virorum
703 732 743 763 et
769 725 836 776 qui
865 725 1043 764 bellicosi
1071 725 1397 770 existimarentur,
1423 723 1538 775 aliqui
1557 736 1607 761 ne

138 797 282 836 pagum
307 786 462 836 quidem
484 799 622 837 capere
651 786 858 838 potuerint,
877 787 1106 826 Timotheus
1135 794 1264 826 autem
1283 800 1412 838 neque
1434 787 1607 838 corporis

137 853 276 887 natura
294 846 423 884 valida
441 847 631 898 praeditus
659 860 784 898 neque
804 847 842 885 in
862 850 972 899 vagis
993 849 1223 887 exercitibus
1248 848 1372 893 tritus,
1392 848 1465 886 sed
1483 848 1611 886 vobis-

138 920 229 946 cum
254 908 294 945 in
324 909 417 946 urbe
443 916 616 947 versatus
637 916 714 947 tam
735 910 904 960 grandes
924 923 983 948 res
1002 910 1179 961 gesserit.
1236 910 1287 948 Et
1306 923 1433 948 sermo
1452 909 1610 960 quidem

138 969 188 1007 de
207 969 267 1008 his
291 969 504 1008 invidi0sus
526 976 598 1017 est,
624 984 751 1022 neque
776 978 907 1010 tamen
928 972 1010 1009 sine
1036 972 1166 1011 fructu
1185 972 1347 1010 dicetur.
1405 971 1478 1009 Ille
1505 970 1608 1008 enim

140 1029 241 1069 adeo
261 1032 411 1069 caeteris
431 1031 624 1082 praestitit,
636 1033 728 1083 quia
747 1033 798 1071 de
815 1032 1043 1071 Graecorum
1059 1039 1098 1071 et
1117 1033 1316 1072 Sociorum
1330 1033 1446 1071 rebus
1458 1045 1610 1072 eorum-

142 1104 216 1142 que
248 1091 435 1143 regimine
462 1105 540 1131 non
568 1094 732 1132 eandem
763 1107 808 1132 ac
836 1107 906 1133 vos
934 1095 1164 1134 sententiam
1191 1095 1379 1146 gerebat:
1404 1107 1474 1133 vos
1504 1095 1610 1132 enim

140 1151 392 1203 imperatores
426 1152 595 1204 deligitis
625 1155 912 1194 robustissimos
947 1168 1107 1206 corpore
1139 1162 1179 1194 et
1204 1155 1269 1206 qui
1296 1156 1335 1193 in
1367 1156 1610 1194 mercenariis

142 1225 248 1264 saepe
265 1213 496 1252 exercitibus
513 1214 651 1253 versati
665 1214 755 1261 sint,
769 1222 952 1266 tanquam
970 1215 1001 1253 si
1021 1229 1089 1267 per
1100 1215 1171 1254 hos
1187 1223 1448 1267 opportunum
1464 1216 1613 1267 aliquid

142 1275 354 1314 confecturi
381 1275 541 1319 essetis;
571 1275 637 1313 ille
669 1283 799 1315 autem
827 1277 1048 1325 huiusmodi
1073 1278 1363 1316 centurionibus
1383 1284 1423 1316 et
1448 1279 1612 1317 tribunis

142 1337 337 1382 utebatur,
361 1337 540 1387 [quorum
559 1337 752 1385 nonnulli,
778 1338 868 1388 quia
886 1351 974 1376 cum
997 1351 1043 1377 eo
1064 1339 1290 1386 militarunt,
1308 1339 1485 1378 homines
1511 1340 1613 1391 frugi

142 1397 304 1449 urbique
341 1398 455 1436 utiles
489 1399 729 1449 evaserunt‚]
758 1400 837 1451 ipse
875 1407 1005 1438 autem
1039 1400 1084 1438 iis
1124 1408 1207 1439 erat
1239 1401 1415 1448 eximius,
1446 1415 1613 1452 quorum

143 1459 290 1497 bonum
313 1459 585 1511 imperatorem
607 1468 759 1512 oportet
777 1474 863 1500 esse
892 1461 1135 1513 prudentem.
1192 1462 1312 1513 Atqui
1340 1475 1387 1501 ea
1405 1476 1614 1513 quamnam

142 1520 218 1558 vim
247 1520 543 1561 continent?---
558 1528 717 1573 praestat
745 1523 844 1560 enim
866 1535 944 1560 non
969 1530 1121 1562 tantum
1148 1524 1337 1564 indicasse
1357 1525 1428 1563 sed
1456 1525 1615 1564 omnino

145 1588 279 1632 aperte
308 1582 394 1620 haec
420 1582 610 1622 evolvere.
626 1605 678 1611 -
695 1583 866 1622 Primum
896 1584 1052 1635 quidem
1074 1592 1117 1624 ut
1143 1585 1268 1636 possis
1289 1598 1376 1623 cum
1405 1586 1545 1636 quibus
1567 1586 1618 1624 sit

143 1644 368 1684 bellandum
389 1658 639 1696 cognoscere,
662 1654 702 1684 et
719 1647 875 1697 quinam
897 1648 992 1686 socii
1014 1647 1284 1686 adsciscendi:
1315 1648 1615 1687 fundamentum

145 1707 220 1746 hoc
241 1715 300 1746 est
321 1708 420 1746 enim
441 1708 676 1760 imperatorii
697 1709 881 1755 muneris,
899 1710 935 1747 in
955 1722 1032 1760 quo
1050 1710 1081 1747 si
1098 1710 1182 1760 quis
1203 1717 1352 1760 peccet,
1373 1723 1535 1749 necesse
1556 1718 1618 1749 est

144 1768 289 1813 bellum
310 1770 554 1817 damnosum,
575 1783 766 1822 asperum,
787 1777 827 1809 et
846 1771 988 1809 frustra
1006 1771 1239 1810 laboriosum
1260 1772 1438 1810 evadere.
1497 1774 1540 1810 ln
1556 1773 1616 1812 his

145 1831 262 1882 igitur
288 1832 546 1872 deliberandis
579 1845 657 1870 non
689 1832 814 1870 solum
840 1846 952 1871 nemo
984 1832 1018 1871 ei
1042 1833 1114 1871 fuit
1143 1846 1224 1884 par,
1256 1834 1323 1871 sed
1351 1847 1398 1871 ne
1420 1836 1617 1885 proximus

147 1893 316 1944 quidem.
376 1893 505 1932 Facile
531 1901 658 1933 autem
681 1901 741 1932 est
759 1907 805 1932 ex
832 1894 926 1946 ipsis
949 1895 1060 1933 factis
1083 1895 1121 1932 id
1150 1908 1414 1945 cognoscere:
1445 1897 1618 1947 plurimis

148 1954 250 1993 enim
276 1954 386 1992 bellis
415 1955 564 2007 injussu
590 1956 695 1994 urbis
731 1957 936 2007 susceptis,
956 1957 1086 1995 omnia
1116 1970 1303 2008 prospero
1334 1965 1474 1996 eventu
1499 1960 1620 2010 gessit

149 2017 381 2068 cunctisque
402 2017 551 2057 Graecis
572 2019 677 2056 visus
698 2026 758 2057 est
779 2032 825 2057 ea
847 2019 954 2070 juste
973 2019 1124 2058 secisse.
1183 2021 1284 2058 Sane
1303 2022 1506 2072 prudentis
1525 2035 1619 2060 con-

150 2080 223 2120 silii
236 2081 319 2131 quis
332 2081 407 2119 isto
421 2081 561 2119 clarius
574 2088 612 2119 et
624 2082 779 2132 gravius
796 2089 1067 2132 argumentum
1082 2082 1292 2121 exhibeat?
1324 2083 1429 2127 Quid
1446 2084 1620 2123 secundo

148 2140 236 2187 loco
256 2143 529 2194 expeditbono
549 2143 799 2194 imperatori?
845 2143 1065 2182 Exercitum
1082 2144 1311 2183 contrahere
1326 2146 1620 2184 convenientem

149 2202 254 2243 bello
281 2204 387 2255 quod
413 2204 526 2255 gerit,
561 2212 677 2256 atque
707 2205 812 2244 hunc
842 2205 1020 2244 ordinare
1051 2218 1174 2256 eoque
1206 2206 1350 2244 utiliter
1377 2207 1445 2244 uti.
1503 2208 1620 2251 Quod

152 2273 282 2305 autem
303 2266 531 2304 Timotheus
551 2279 597 2305 eo
619 2266 734 2305 sciret
757 2267 858 2305 bene
879 2267 948 2313 uti,
970 2276 1080 2317 gesta
1106 2268 1189 2318 ipsa
1208 2267 1481 2307 declararunt:
1512 2269 1621 2320 quod

151 2341 242 2366 vero
261 2335 299 2366 et
324 2335 512 2379 apparatu
538 2328 748 2380 splendido
772 2328 913 2380 quique
934 2328 1036 2368 hanc
1064 2331 1197 2369 urbem
1217 2330 1375 2369 deceret
1393 2344 1527 2369 omnes
1555 2344 1620 2368 su-

152 2392 308 2443 perarit,
329 2405 442 2431 nemo
461 2393 522 2431 vel
542 2393 782 2432 inimieorum
803 2393 962 2433 inficiari
983 2394 1137 2434 audeat.
1195 2395 1291 2439 Quis
1312 2403 1500 2447 praeterea
1515 2409 1621 2434 com-

153 2454 367 2492 militonem
387 2454 425 2492 in
441 2461 606 2505 utroque
622 2455 696 2493 hoc
714 2455 824 2493 illum
843 2457 1347 2507 excelluisse-nonjudicet‚
1361 2459 1399 2496 in
1419 2458 1622 2498 tolerando

154 2515 301 2556 scilicet
332 2516 584 2555 necessitates
617 2523 734 2567 atque
767 2524 963 2568 egestates
995 2519 1200 2565 exercitus,
1230 2532 1439 2570 rursusque
1469 2519 1621 2571 copiam

155 2577 446 2629 comparando?
494 2578 633 2617 Sciunt
651 2578 751 2617 enirn
777 2579 886 2618 illum
908 2581 980 2618 sub
1001 2581 1150 2618 initium
1174 2580 1380 2627 beliorum,
1401 2582 1506 2632 quod
1529 2582 1620 2620 nihil

155 2639 203 2678 ab
236 2640 329 2678 urbe
359 2639 564 2690 acciperet,
592 2639 629 2677 in
660 2646 832 2679 extrema
863 2642 1091 2679 necessitate
1120 2642 1241 2679 fuisse
1272 2642 1550 2687 constitutum:
1583 2650 1623 2682 et

156 2707 286 2738 tamen
314 2714 362 2738 ex
382 2701 455 2739 hoc
488 2707 591 2741 statu
611 2715 658 2739 eo
678 2715 736 2740 res
765 2702 962 2740 deducere
986 2703 1172 2753 potuisse,
1193 2710 1231 2740 et
1251 2709 1294 2740 ut
1317 2703 1420 2741 bello
1447 2705 1623 2756 superior

158 2768 261 2799 esset
280 2768 319 2798 et
338 2761 526 2812 integrum
547 2762 730 2801 militibus
751 2764 983 2815 stipendium
1005 2765 1182 2802 solveret.
1239 2764 1339 2807 Quae
1365 2779 1482 2816 quum
1512 2774 1620 2805 tanta

157 2822 234 2860 sint
253 2828 407 2872 tamque
428 2824 670 2875 gravia,jure
691 2833 819 2863 tamen
840 2827 869 2863 is
888 2832 1044 2875 propter
1059 2838 1105 2863 ea
1118 2839 1204 2876 quae
1226 2827 1367 2865 addam
1386 2827 1622 2867 luculentius

159 2883 288 2923 adhuc
308 2882 456 2922 laudari
485 2892 628 2935 potest.
685 2888 815 2929 Quum
837 2887 935 2924 enim
965 2899 1034 2924 vos
1053 2887 1200 2926 videret
1224 2901 1291 2927 eos
1312 2897 1459 2927 tantum
1490 2897 1622 2941 putare

157 2945 275 2991 viros,
305 2946 370 2995 qui
402 2952 441 2984 et
469 2946 664 2986 minantur
690 2955 730 2987 et
753 2956 914 2987 caeteras
935 2948 1110 2987 civitates
1138 2956 1282 2988 terrent
1307 2951 1448 3001 quique
1479 2963 1619 2988 novum
