1870 3277
224 181 300 214 *2⁶28
816 175 1106 213 lSOCRATlS

227 287 305 316 tem
346 276 552 315 constituit
584 290 672 327 quoe
705 279 959 316 maximorum
988 276 1140 314 Graecis
1165 276 1355 313 bonorum
1381 288 1502 315 causa
1533 275 1701 314 exstitit:

224 345 315 391 post
334 338 439 377 hunc
460 338 743 377 Themistocles
766 339 845 376 dux
873 341 910 376 in
933 338 1090 376 Persico
1112 337 1216 375 bello
1237 344 1406 383 creatus,
1428 349 1546 388 quum
1569 342 1703 375 auctor

225 401 365 438 suisset
391 400 600 452 majoribus
630 402 771 439 nostris
799 401 930 438 urbem
957 399 1385 450 relinquendi—quod
1411 399 1589 450 quisnam
1618 410 1703 450 per-

227 461 389 501 suadere
406 461 607 508 valuisset,
623 463 693 499 nisi
716 461 1060 512 eloquentissimus
1075 460 1279 507 esset?—‚
1293 473 1339 498 eo
1362 473 1422 498 res
1443 473 1575 498 eorum
1595 459 1707 497 duxit

230 531 287 571 ut,
307 538 427 576 quum
449 524 498 563 ad
521 538 666 576 paucos
683 525 765 562 (lies
786 524 908 562 eversi
933 522 1110 569 fuissent,
1133 524 1182 561 ad
1206 523 1368 561 multum
1389 531 1541 574 tempus
1562 521 1705 560 domini

232 586 465 626 Graecorum
500 587 702 625 constituti
737 586 834 624 sint:
879 586 926 623 ad
959 595 1175 623 extremum
1210 585 1392 631 Pericles,
1427 597 1546 636 quum
1580 585 1707 622 bonus

232 655 337 687 esset
356 649 489 700 populi
511 648 650 687 ductor
671 655 710 686 et
731 648 860 686 rhetor
879 649 1062 699 optimus,
1091 648 1144 685 ita
1163 648 1295 686 urbem
1317 647 1504 693 delubris,
1527 645 1709 690 donariis,

233 718 273 748 et
292 710 442 748 caeteris
466 710 644 748 omnibus
665 710 879 756 exornavit,
907 717 950 747 ut
969 709 1083 747 etiarn
1106 721 1208 747 nunc
1229 711 1294 760 qui
1316 710 1353 747 in
1375 722 1458 748 earn
1482 708 1709 754 adveniunt,

229 779 371 825 putent
390 773 552 824 dignam
571 786 656 812 eam
677 787 763 812 esse
784 786 873 824 quae
892 786 972 812 non
989 773 1140 812 Graecis
1162 773 1285 811 solum
1308 773 1376 812 sed
1396 774 1465 812 toti
1487 773 1569 811 orbi
1590 772 1710 822 impe-

232 843 311 881 ret;
343 835 393 874 ad
414 836 499 874 haec
519 835 556 873 in
578 848 706 874 arcem
724 848 801 873 non
819 835 945 874 minus
961 835 1094 874 decem
1113 835 1282 873 millibus
1298 834 1534 873 talentorum
1552 833 1709 872 invexit.

232 897 353 948 Atqui
374 910 421 936 ex
439 898 497 936 his
514 898 601 935 viris
619 898 683 948 qui
702 904 810 935 tanta
827 904 1029 948 patrarunt
1049 897 1142 934 nulli
1158 897 1421 948 eloquentiam
1443 897 1711 947 neglexerunt,

234 958 303 997 sed
326 965 434 997 tanto
456 959 669 1009 impensius
691 960 844 997 caeteris
865 958 898 996 ei
920 959 1168 1004 studuerunt,
1189 966 1233 995 ut
1254 959 1373 996 Solon
1395 958 1550 1008 quidem
1571 969 1670 995 unus
1690 970 1711 995 e

234 1028 382 1070 septem
406 1020 600 1071 Sophistis
628 1020 849 1071 appellatus
877 1021 929 1058 sit
948 1027 1063 1071 atque
1089 1019 1163 1058 hoc
1192 1020 1372 1058 habuerit
1397 1026 1712 1071 cognomentum,

233 1082 339 1133 quod
378 1094 484 1120 nunc
523 1082 784 1120 contemnitur
824 1088 941 1132 atque
978 1081 1017 1119 in
1050 1080 1246 1132 judicium
1285 1081 1390 1132 apud
1425 1094 1494 1119 vos
1532 1087 1712 1123 vocatur:

235 1142 407 1181 Pericles
437 1150 567 1182 autem
594 1144 760 1182 duorum
790 1143 908 1182 fuerit
938 1141 1105 1189 auditor,
1130 1144 1379 1194 Anaxagorae
1408 1141 1646 1180 Clazomenii
1675 1147 1715 1179 et

237 1205 428 1244 Damonis
451 1205 514 1257 qui
538 1218 583 1244 eo
614 1213 788 1257 tempore
816 1204 1123 1257 sapientissimus
1143 1205 1285 1243 civium
1305 1204 1521 1242 videbatur.
1581 1202 1715 1241 Unde-

235 1280 327 1306 nam
356 1264 473 1319 igitur
501 1268 743 1307 manifestius
775 1267 1016 1314 ostendetur,
1050 1279 1127 1305 non
1152 1268 1227 1304 vim
1256 1267 1489 1318 eloquentiae
1517 1267 1717 1306 maleficos

236 1329 416 1368 homines
438 1330 614 1377 reddere,
645 1331 714 1368 sed
745 1344 810 1369 eos
837 1330 980 1382 potius,
1007 1330 1072 1381 qui
1093 1329 1231 1368 eodem
1253 1329 1409 1381 ingenio
1431 1337 1522 1368 sunt
1540 1341 1586 1368 ac
1605 1341 1715 1368 meus

236 1398 458 1439 accusator,
477 1392 605 1444 pravis
626 1393 804 1431 videlicet
826 1400 864 1431 et
885 1392 1130 1430 sermonibus
1152 1399 1191 1429 et
1212 1392 1321 1430 factis
1343 1391 1427 1430 uti?

293 1454 384 1493 265³
413 1456 479 1491 21.
513 1454 677 1493 Possum
704 1463 833 1493 autem
864 1461 904 1492 et
933 1455 1020 1493 loca
1047 1453 1233 1504 indicare,
1263 1454 1326 1492 ubi
1349 1453 1597 1505 cupientibus
1625 1452 1717 1490 licet

237 1517 369 1557 videre
399 1517 643 1556 turbulentos
674 1525 713 1556 et
742 1531 872 1556 eorum
903 1517 1107 1555 criminum
1132 1529 1219 1554 reos
1246 1530 1335 1567 quae
1361 1516 1433 1568 ipsi
1461 1517 1497 1554 in
1521 1515 1722 1566 sophistas·

239 1580 464 1632 conjiciunt.
524 1580 568 1617 In
593 1580 735 1618 tabulis
758 1580 860 1618 enim
881 1592 970 1630 quae
999 1579 1047 1617 ab
1067 1578 1317 1617 archontibus
1345 1584 1630 1631 proponuntur,
1650 1589 1719 1615 ne-

241 1654 353 1680 cesse
370 1649 444 1689 est,
464 1641 503 1679 in
516 1641 870 1680 thesmothetarurn
890 1640 1046 1692 quidem
1068 1647 1253 1692 utrosque
1273 1640 1431 1679 inveniri
1452 1646 1491 1678 et
1509 1639 1575 1691 qui
1592 1638 1723 1677 civita-

239 1710 317 1742 tem
338 1704 490 1741 laedunt
508 1710 548 1742 et
571 1702 850 1755 sycophantas,
875 1702 912 1740 in
936 1703 1080 1742 tabulis
1101 1711 1232 1742 autem
1252 1702 1479 1740 XIvirorum
1501 1708 1540 1740 et
1565 1701 1720 1752 publice

239 1765 481 1804 facinorosos
501 1771 541 1803 et
559 1764 698 1803 horum
727 1764 865 1810 duces,
887 1764 1054 1816 denique
1077 1765 1114 1802 in
1134 1764 1277 1803 tabulis
1308 1764 1546 1802 XLvirorurn
1566 1776 1633 1802 eos
1654 1763 1720 1816 qui

240 1828 278 1863 in
318 1826 477 1877 privatis
515 1826 682 1877 negotiis
713 1826 842 1876 injurii
880 1833 971 1864 sunt
996 1833 1036 1864 et
1063 1825 1130 1876 qui
1158 1826 1319 1877 injustas
1355 1826 1442 1864 lites
1483 1825 1718 1863 intendunt:

242 1888 385 1940 quibus
416 1889 613 1940 plerisque
633 1888 671 1926 in
691 1888 833 1926 tabulis
853 1895 892 1925 et
910 1888 1016 1926 hunc
1046 1895 1086 1925 et
1105 1888 1221 1938 hujus
1245 1887 1399 1926 sodales
1429 1888 1595 1939 scriptos
1614 1887 1720 1926 inve-

246 1951 375 1998 nietis,
396 1964 456 1989 me
474 1957 606 1989 autem
620 1958 659 1989 et
678 1950 746 2001 qui
765 1963 895 1988 meum
908 1949 999 1987 vitae
1021 1962 1145 2000 genus
1163 1956 1377 2001 sequuntur
1397 1950 1435 1987 in
1454 1949 1562 1988 nullo
1581 1949 1718 1987 horum

246 2013 438 2059 alborum,
454 2012 525 2050 sed
546 2013 599 2049 ita
619 2025 678 2049 res
698 2023 894 2062 quemque
908 2024 999 2050 suas
1014 2018 1215 2049 curantem
1236 2018 1278 2049 ut
1296 2011 1390 2049 nihil
1406 2010 1720 2050 contentionibus

245 2086 432 2124 egeamus
460 2086 546 2124 quae
571 2073 675 2124 apud
697 2085 764 2110 vos
785 2072 998 2123 agitantur.
1054 2072 1147 2111 Jam
1168 2086 1258 2111 vero
1280 2086 1347 2111 eos
1368 2073 1432 2124 qui
1452 2085 1578 2124 neque
1600 2072 1636 2110 in
1659 2072 1720 2110 his

243 2134 374 2186 litigiis
402 2140 606 2172 versantur
635 2146 763 2184 neque
792 2133 1080 2172 incontinenter
1098 2134 1231 2173 vivunt
1254 2148 1378 2186 neque
1399 2135 1554 2173 omnino
1580 2135 1618 2172 in
1642 2134 1724 2173 ulla

247 2195 490 2248 turpitudine
512 2203 617 2242 sunt,
637 2196 730 2246 quid
751 2196 790 2233 ni
819 2195 948 2247 potius
974 2195 1124 2234 laudari
1150 2209 1266 2247 quam
1286 2197 1478 2248 judicium
1504 2197 1635 2235 subire
1654 2210 1724 2248 par

247 2258 338 2297 est?
384 2258 498 2295 Patet
514 2257 615 2296 enim
633 2270 704 2295 nos
725 2257 867 2296 docere
883 2257 1097 2310 discipulos
1117 2258 1252 2297 eadem
1275 2271 1363 2310 quae
1382 2258 1560 2297 facimus.

304 2320 395 2358 26.ss
425 2322 490 2357 22.
522 2320 600 2358 Sed
631 2319 760 2357 adhuc
787 2321 1027 2359 manifestius
1056 2334 1103 2360 ex
1124 2320 1169 2359 iis
1198 2334 1287 2372 quae
1316 2321 1442 2359 dicam
1473 2321 1725 2372 cognoscetis

249 2395 367 2434 quam
396 2382 512 2433 longe
546 2394 569 2420 a
590 2382 872 2433 corrumpendo
900 2383 1170 2422 adolescentes
1196 2384 1383 2422 absimus.
1441 2382 1596 2434 Siquid
1622 2382 1723 2421 enini

251 2444 477 2497 hujusmodi
506 2443 739 2490 faceremus,
769 2457 845 2482 non
873 2445 1048 2495 profecto
1077 2445 1336 2497 Lysimachus
1370 2458 1443 2484 nec
1471 2445 1594 2496 quivis
1625 2444 1725 2483 alius

254 2506 501 2558 sycophanta
533 2518 593 2543 rne
624 2505 760 2543 horum
790 2518 911 2544 causa
941 2513 1109 2552 vexaret,
1134 2506 1203 2544 sed
1229 2513 1411 2557 parentes
1443 2506 1651 2545 cerneretis
1680 2517 1726 2544 ac

254 2575 444 2619 cognatos
479 2567 697 2606 auditorum
735 2579 907 2605 meorum
939 2566 1198 2618 indignantes,
1234 2575 1477 2614 accusantes,
1516 2580 1728 2619 poenasque

255 2637 477 2680 quaerentes
507 2629 556 2668 de
577 2642 638 2668 me
668 2642 833 2668 sumere.
890 2629 1007 2667 Nunc
1036 2636 1165 2667 autem
1185 2630 1256 2680 ipsi
1277 2638 1314 2667 et
1340 2631 1479 2668 liberos
1500 2643 1590 2667 suos
1615 2629 1726 2667 nobis

254 2692 532 2730 commendant
552 2699 591 2730 et
612 2692 807 2744 stipendia
826 2691 1003 2743 pendunt
1021 2697 1060 2729 et
1080 2691 1254 2742 gaudent
1270 2705 1358 2729 cum
1379 2705 1445 2730 eos
1474 2692 1608 2730 vident
1625 2691 1727 2730 diem

258 2756 363 2806 apud
394 2767 455 2792 me
489 2767 738 2799 consumere;
770 2760 812 2793 at
836 2767 926 2792 vero
957 2753 1212 2806 sycophantae
1246 2761 1433 2792 accusant
1458 2761 1498 2792 et
1526 2754 1728 2805 negotium

259 2816 350 2854 mihi
383 2816 598 2862 facessunt,
625 2817 767 2868 quibus
804 2816 963 2869 quinam
992 2815 1174 2854 libentius
1207 2816 1348 2854 multos
1383 2816 1523 2855 civium
1553 2817 1734 2855 viderent

257 2877 451 2930 corrumpi
478 2885 517 2917 et
535 2891 674 2930 pravos
692 2879 823 2919 effici?
867 2877 1006 2918 Sciunt
1025 2877 1127 2918 enim
1147 2890 1187 2917 se
1212 2877 1250 2916 in
1270 2877 1329 2916 his
1349 2878 1553 2925 dominari,
1575 2891 1598 2917 a
1615 2877 1728 2918 bonis
