1870 3277
239 159 314 194 468
838 162 1073 202 LYCURGI

240 259 410 307 oequales
436 262 614 300 cumdiis
646 271 735 302 sunt
762 265 859 303 nacti
886 265 1063 302 honores.
1121 263 1243 313 quue
1264 266 1418 301 merito:
1447 265 1558 312 cujus
1578 262 1677 300 enim

240 319 350 356 saluti
382 321 480 359 adeo
500 324 609 361 enixe
629 325 870 370 studuerunt,
899 326 1011 362 etiam
1033 324 1132 362 hanc
1153 337 1227 362 non
1256 324 1393 374 injuria
1410 324 1488 360 vita
1507 323 1677 361 defuncti

239 378 510 421 hereditarunt.
565 387 618 423 At
642 399 732 424 vero
753 387 955 424 Leocrates
976 399 1098 436 neque
1119 386 1226 423 vivus
1249 398 1371 435 neque
1392 391 1563 422 mortuus
1590 385 1677 435 jure

237 441 320 489 ejus
340 455 494 481 consors
527 445 651 492 fuerit,
671 447 738 485 sed
761 447 864 485 solus
894 460 938 486 ex
973 448 1149 485 omnibus
1171 447 1257 497 jure
1292 446 1530 485 exterminari
1563 451 1678 495 queat

237 501 368 551 ejicive
389 516 409 540 e
430 513 528 544 terra
543 507 614 545 hac
634 522 745 558 quani
766 509 940 546 hostibus
961 509 1178 558 relinquens
1200 508 1401 546 discessit:
1433 520 1555 556 neque
1579 506 1677 543 enim

236 560 438 602 honestum
469 575 525 604 est
557 570 714 606 candem
749 579 951 619 contegere
986 570 1121 608 virtute
1148 570 1302 607 eximios
1326 577 1362 608 et
1391 567 1679 619 ignavissimum

237 624 403 661 omnium
426 628 652 666 mortalium.

290 686 354 722 21.
386 687 525 725 Verum
544 691 702 729 tentavit
715 691 853 737 dicere,
875 691 978 741 quod
998 692 1202 730 etiamnum
1226 693 1387 729 fortasse
1405 691 1453 730 ad
1475 703 1540 728 vos
1560 689 1678 734 dicet,

238 746 341 793 quod
363 760 558 800 nunquam
580 752 618 790 id
639 754 854 791 certaminis
882 753 1120 791 sustinuisset
1140 767 1262 803 neque
1283 767 1322 790 se
1337 752 1459 802 judici
1479 751 1680 789 obtulisset

236 804 267 842 si
303 807 462 860 alicujus
495 812 564 850 sibi
595 813 750 852 sceleris
783 815 919 852 fuisset
938 815 1139 853 conscius:
1169 814 1275 864 quasi
1307 827 1379 853 nec
1410 827 1543 851 omnes
1575 813 1678 851 fures

234 869 541 924 templorumque
561 874 836 925 despoliatores
863 876 962 913 idem
982 882 1247 925 argumentum
1273 875 1539 912 obtenderent.
1596 875 1679 912 Nec

235 928 334 966 enim
357 932 408 968 rei
434 941 489 970 est
518 935 685 984 signum,
711 937 812 986 quod
834 950 908 974 non
930 937 1102 981 fecerint,
1124 936 1190 973 sed
1211 936 1456 986 impudentiae
1477 949 1590 985 quam
1610 935 1678 974 ha-

234 988 337 1027 bent.
398 993 483 1031 Non
517 996 616 1033 enim
647 997 720 1035 hoc
753 998 959 1036 dicendum
986 1004 1045 1036 est
1078 997 1181 1048 quod
1211 998 1278 1046 ipsi
1306 997 1516 1047 proferunt,
1548 1009 1678 1033 verum

233 1048 326 1088 illud
345 1060 402 1090 est
420 1054 622 1094 dicendum
645 1058 836 1105 Leocrati,
852 1060 955 1109 quod
975 1059 1063 1096 hinc
1083 1071 1159 1096 non
1174 1058 1385 1108 enavigarit
1406 1070 1527 1107 neque
1548 1057 1679 1094 urbem

234 1109 444 1153 deseruerit
464 1131 589 1168 neque
622 1120 792 1170 Megaris
819 1120 1020 1159 habitarit:
1053 1120 1137 1158 haee
1169 1127 1258 1157 sunt
1288 1119 1428 1157 indicia
1456 1118 1521 1156 rei.
1578 1118 1678 1155 Nam

234 1173 339 1221 quod
367 1175 442 1214 huc
463 1180 619 1226 venerit,
637 1181 783 1230 opinor,
811 1182 968 1219 deorum
997 1181 1160 1230 aliquem
1184 1181 1306 1230 ipsum
1334 1179 1383 1216 ad
1411 1178 1509 1216 hanc
1529 1190 1678 1229 poenam

234 1233 450 1282 adduxisse,
470 1246 525 1285 ut,
540 1248 743 1292 postquam
763 1242 911 1280 celebre
934 1241 1143 1293 periculum
1164 1241 1353 1290 effugerit,
1379 1239 1607 1277 incelebrem
1629 1239 1683 1276 in-

235 1293 473 1348 gloriamque
499 1310 657 1340 mortem
679 1310 920 1354 assequatur,
940 1311 977 1340 et
996 1316 1093 1353 quos
1113 1303 1295 1354 prodidit,
1321 1302 1364 1339 iis
1393 1314 1434 1339 se
1463 1301 1678 1351 subjectum

234 1357 457 1397 constituat.
515 1362 558 1400 In
590 1363 712 1402 altero
741 1365 841 1401 enim
874 1364 959 1401 loco
988 1363 1270 1402 calamitatibus
1299 1363 1444 1400 fractus
1478 1375 1553 1399 non
1589 1361 1680 1399 satis

233 1413 398 1465 liqueret
417 1433 464 1461 an
490 1431 691 1474 propterea
716 1437 867 1474 poenam
884 1424 978 1461 luat.
1036 1424 1109 1462 Hic
1129 1430 1256 1460 autem
1277 1423 1380 1474 apud
1400 1435 1465 1460 eos
1484 1434 1580 1472 quos
1599 1434 1683 1472 pro-

234 1477 332 1515 didit
355 1481 509 1530 planum
531 1492 603 1531 est,
629 1486 732 1536 quod
754 1486 939 1523 scelerum
960 1498 1112 1523 suorum
1140 1485 1212 1522 hoc
1233 1485 1419 1522 sustineat
1439 1483 1681 1533 supplicium.

236 1537 298 1575 Dii
319 1542 417 1580 enim
436 1545 526 1582 nihil
543 1548 646 1596 prius
667 1548 824 1592 faciunt,
847 1560 959 1598 quam
989 1559 1193 1597 pravorum
1212 1546 1408 1583 hominum
1430 1552 1595 1582 mentem
1615 1544 1682 1581 de-

235 1605 460 1651 torqueant:
492 1619 536 1644 ae
555 1608 644 1644 mihi
673 1608 826 1658 quidem
847 1608 1022 1645 videntur
1047 1607 1254 1657 priscorum
1274 1607 1446 1644 nonnulli
1467 1613 1682 1657 poetarum,

234 1662 351 1701 veluti
370 1667 524 1706 oracula
539 1670 748 1708 scribentes
770 1670 930 1721 posteris
950 1670 1021 1707 hos
1037 1670 1184 1707 iambos
1201 1669 1413 1720 reliquisse,

530 1752 610 1784 Cum
626 1754 706 1784 enim
724 1755 768 1785 ira
783 1754 908 1785 deorum
920 1753 1052 1794 aliquem
1070 1754 1191 1789 laeserit,

532 1805 612 1835 Illud
631 1805 770 1846 primum,
785 1816 822 1835 ex
837 1806 976 1837 sensibus
991 1805 1135 1835 auferunt

531 1855 677 1886 Animum
692 1857 815 1892 bonum,
833 1863 1027 1897 mentemque
1040 1857 1078 1886 ad
1095 1855 1274 1886 deteriorem
1289 1860 1405 1895 partem

532 1906 714 1948 Applicant,
731 1913 764 1938 ut
777 1908 853 1938 nihil
869 1918 972 1939 eorum
989 1918 1057 1948 quae
1072 1907 1247 1947 peccaverit
1262 1906 1425 1946 intelligat.

286 1991 351 2027 22.
383 1991 477 2034 Quis
497 1991 597 2029 e‘nim
619 2005 695 2029 non
715 1993 885 2030 meminit
905 2005 925 2029 e
945 1997 1036 2029 natu
1067 1989 1332 2041 grandioribus
1353 1995 1420 2026 aut
1439 2002 1458 2027 e
1486 1994 1579 2026 natu
1612 1989 1682 2026 mi-

233 2052 386 2090 noribus
414 2065 489 2090 non
527 2053 669 2091 audivit
701 2053 976 2099 Callistratum,
1007 2065 1123 2102 quem
1157 2051 1288 2088 civitas
1320 2057 1438 2087 morte
1470 2049 1682 2095 muletavit,

233 2111 337 2151 hunc
357 2114 612 2165 transfugam,
635 2128 752 2165 quum
774 2114 991 2165 Apollinem
1015 2112 1176 2164 Delphis
1205 2112 1390 2156 audisset,
1417 2111 1520 2161 quod
1541 2111 1572 2148 si
1592 2110 1682 2148 red-

233 2173 306 2211 iret
324 2174 509 2220 Athenas,
529 2183 822 2214 consecuturum
848 2189 888 2213 se
907 2175 1027 2226 leges,
1049 2186 1244 2212 reversum
1274 2173 1323 2210 ad
1347 2185 1450 2210 aram
1478 2171 1681 2209 duodecim

234 2234 390 2272 deorum
412 2235 713 2286 confugientem,
731 2236 976 2274 nihilominus
996 2243 1126 2273 tamen
1145 2235 1248 2272 urbis
1268 2246 1430 2272 censura
1447 2232 1560 2270 morti
1579 2232 1687 2283 adju-

235 2295 435 2333 dicatum?
490 2296 611 2347 quue
631 2298 734 2335 haud
754 2298 913 2347 injuria:
943 2298 1049 2348 leges
1065 2297 1166 2334 enim
1182 2309 1248 2333 eos
1269 2296 1333 2346 qui
1355 2295 1494 2346 injuste
1521 2302 1684 2345 egerunt
1728 2328 1730 2332 .

235 2358 400 2407 assequi,
420 2365 479 2395 est
499 2358 583 2395 illos
611 2359 715 2409 ipsos
749 2358 935 2409 supplicio
959 2359 1075 2396 affici.
1131 2358 1240 2395 Deus
1265 2357 1364 2394 enim
1390 2362 1492 2394 recte
1518 2355 1686 2393 reddidit

234 2419 308 2457 hoc
326 2419 497 2470 injuriam
517 2419 655 2470 passis,
671 2426 713 2457 ut
727 2420 905 2470 punirent
922 2426 1115 2457 auctorem
1137 2418 1304 2470 injuriae:
1335 2424 1437 2455 esset
1452 2416 1551 2454 enim
1569 2428 1683 2466 grave

235 2488 274 2519 et
292 2480 505 2531 indignum,
533 2481 564 2518 si
590 2481 724 2519 eadem
753 2487 791 2518 et
820 2480 890 2531 piis
920 2488 957 2519 et
985 2480 1181 2518 sceleratis
1215 2493 1238 2518 a
1264 2479 1337 2517 deo
1366 2484 1682 2516 monstrarentur.

237 2542 437 2587 Existimo,
468 2548 611 2587 autem,
630 2542 711 2588 viri,
742 2542 900 2579 deorum
923 2541 1199 2592 providentiam
1219 2553 1352 2578 omnes
1373 2539 1561 2576 humanas
1589 2537 1682 2575 acti-

237 2618 329 2642 ones
357 2603 508 2649 intueri‚
526 2603 763 2654 potissimum
787 2616 877 2641 vero
906 2615 996 2653 erga
1020 2609 1210 2652 parenteS,
1240 2614 1332 2651 erga
1358 2600 1438 2636 vita
1467 2598 1684 2643 defunctos,

235 2679 401 2717 ergaque
420 2666 522 2717 ipsos
541 2667 737 2716 pietatem.
770 2665 890 2715 quue
908 2663 1013 2702 haud
1027 2663 1239 2701 immeritoz
1262 2675 1283 2699 a
1303 2662 1441 2712 quibus
1460 2661 1561 2697 enim
1581 2659 1683 2711 prin«

235 2726 376 2776 cipium
401 2727 490 2764 vitae
509 2725 729 2777 accepimus
748 2724 995 2776 plurimisque
1022 2722 1218 2761 benefieiis
1245 2722 1347 2759 aucti
1379 2733 1526 2766 sumus,
1546 2720 1682 2758 adver-

235 2799 319 2824 sum
338 2786 409 2824 hos
429 2800 505 2825 non
539 2787 662 2825 solum
690 2799 863 2837 peceare,
880 2798 1010 2824 verum
1035 2783 1265 2822 beneficium
1294 2781 1583 2834 compensando
1604 2794 1681 2819 non

235 2848 352 2886 vitam
372 2861 479 2886 suam
501 2848 738 2900 impendere,
758 2860 909 2885 summa
928 2853 988 2885 est
1007 2846 1192 2898 impietas.

287 2912 352 2947 23.
383 2910 517 2949 Fertur
546 2912 582 2948 in
612 2910 966 2950 Sicilia—tametsi
999 2908 1115 2960 paulo
1140 2907 1354 2946 fabulosius
1388 2906 1450 2951 sit,
1481 2903 1683 2943 conveniet
