1870 3277
227 181 275 215 20
816 184 1100 222 lSOCRATlS

226 280 347 319 habeo
367 294 454 331 quae
475 294 782 321 commemorem.
818 287 970 327 -Quum
991 286 1092 323 enim
1120 285 1255 323 scirem
1278 297 1408 323 omnes
1428 285 1599 322 homines
1620 297 1681 322 ca‘

225 341 395 379 rissiinos
422 342 561 382 habere
589 344 728 382 liberos
756 353 795 382 et
819 359 957 384 uxores
985 360 1088 392 suas,
1109 346 1405 397 gravissimeque
1425 347 1533 383 irasci
1551 347 1594 383 iis
1615 346 1680 395 qui

226 415 292 440 eos
313 404 534 450 violassent,
548 413 587 443 et
601 407 854 444 contumelias
870 409 914 444 iis
929 408 1051 446 factas
1067 410 1315 446 maximarum
1333 407 1496 443 cladium
1513 407 1680 457 praebere

227 477 398 512 causam,
411 481 480 504 nec
504 469 663 518 plebeiis
680 475 825 506 tantum
842 470 1058 508 hominibus
1074 472 1141 509 sed
1159 471 1272 509 etiam
1294 469 1527 520 principibus
1548 468 1682 505 afferre

227 525 433 572 interitum,
454 528 507 564 ita
527 529 609 578 fugi
631 529 714 566 haec
736 530 906 575 crimina,
928 538 968 568 ut
987 544 1009 568 a
1029 532 1198 582 suscepti
1219 531 1326 581 regni
1342 538 1510 579 tempore
1529 541 1588 565 me
1601 528 1683 564 nul-

227 585 303 623 lum
327 587 396 624 nisi
418 589 549 626 uxoris
583 602 676 626 meae
706 603 845 640 corpus
876 591 1048 641 attigisse
1078 600 1250 630 constet:
1280 592 1449 642 quamvis
1479 589 1578 626 enim
1606 601 1682 626 non

225 649 440 699 ignorarem
461 651 548 688 illos
566 652 680 689 etiam
698 653 813 702 vulgo
835 653 1018 691 celebrari
1038 655 1115 704 qui,
1136 655 1252 692 modo
1273 656 1310 692 in
1327 654 1428 691 cives
1447 665 1522 689 non
1542 651 1618 688 sint
1632 651 1685 686 in-

223 709 327 757 jurii,
343 710 500 748 aliunde
517 724 607 749 suas
624 712 842 762 voluptates
858 714 1010 763 explere
1027 715 1197 759 student,
1211 723 1341 752 tamen
1357 726 1444 751 cum
1463 709 1682 761 hujusmodi

226 770 466 820 suspiciones
495 785 516 808 a
535 785 595 809 me
624 774 912 819 remotissimas,
935 782 1014 811 tum
1044 787 1168 812 mores
1200 788 1304 812 meos
1335 775 1478 812 civibus
1507 771 1682 821 exemplo

227 843 314 868 esse
337 832 584 883 volui,quum
612 834 647 870 in
681 834 724 872 iis
755 835 879 872 solere
908 836 1045 873 studiis
1075 843 1228 874 aetatem
1249 847 1477 873 consumere
1499 833 1682 884 populum

225 891 376 936 scirem,
397 894 534 943 quibus
557 907 647 932 suos
668 896 857 946 principes
880 897 982 934 videt
1005 910 1088 935 esse
1108 898 1272 934 deditos.
1332 897 1524 934 Praeterea
1544 894 1683 931 decere

224 954 356 991 censui
377 967 483 1004 reges
505 963 612 992 tanto
632 956 806 994 meliores
826 971 908 995 esse
930 959 1083 1008 privatis
1101 959 1333 1004 hominibus,
1355 964 1500 1008 quanto
1530 956 1585 993 eis
1614 956 1682 993 ho-

226 1015 436 1052 noratiores
457 1025 601 1062 essent,
621 1025 658 1054 et
677 1018 912 1068 iniquissime
929 1020 1057 1057 facere
1079 1021 1145 1069 qui
1166 1020 1262 1057 alios
1280 1018 1453 1056 modeste
1474 1017 1598 1055 vivere
1618 1029 1682 1054 co-

224 1083 373 1125 gerent,
396 1091 465 1114 nec
500 1091 540 1115 se
567 1080 784 1129 praeberent
814 1081 887 1130 ipsi
919 1080 1169 1118 modestiores
1198 1081 1242 1117 iis
1274 1080 1411 1129 quibus
1440 1080 1682 1128 imperarent.

227 1137 394 1181 Deinde,
417 1140 565 1176 caeteris
585 1141 622 1176 in
643 1142 759 1177 rebus
781 1141 922 1178 multos
945 1142 1058 1179 etiam
1080 1155 1100 1178 e
1119 1141 1263 1191 populo
1283 1141 1458 1177 videbam
1479 1139 1549 1176 sibi
1570 1151 1682 1189 posse

224 1197 426 1244 moderari,
449 1199 517 1236 sed
545 1212 718 1237 amorum
740 1201 930 1238 illecebris
959 1202 1071 1239 etiam
1094 1215 1265 1239 summos
1286 1202 1386 1238 viros
1416 1200 1680 1238 succumbere:

223 1273 340 1309 quare
361 1274 420 1298 me
439 1262 478 1298 in
500 1261 557 1299 liis
577 1263 689 1299 etiam
710 1263 893 1313 imperare
922 1263 1011 1300 mihi
1041 1277 1155 1313 posse
1183 1263 1387 1301 ostendere
1409 1262 1526 1307 volui,
1546 1262 1684 1312 quibus

223 1333 303 1357 non
323 1321 438 1371 vulgo
459 1328 608 1359 tantum
630 1330 868 1371 praestarem,
890 1324 957 1360 sed
980 1324 1066 1360 viris
1087 1325 1199 1360 etiam
1222 1324 1371 1361 virtutis
1392 1323 1569 1373 opinione
1589 1322 1687 1360 cele-

221 1382 407 1419 berrimis.
464 1382 526 1419 Ad
557 1383 639 1420 haec
670 1396 746 1420 non
774 1384 881 1433 potui
910 1397 987 1421 non
1015 1385 1261 1422 vehementer
1291 1397 1475 1422 accusare
1503 1383 1589 1420 illos
1617 1384 1682 1433 qui

223 1441 350 1479 ductis
372 1443 555 1480 uxoribus
575 1450 612 1480 et
631 1444 725 1480 inita
740 1445 858 1481 totius
880 1446 965 1481 vitoe
989 1446 1172 1483 societate
1193 1445 1317 1495 pactis
1337 1452 1376 1482 et
1395 1444 1596 1481 conventis
1610 1456 1684 1480 non

222 1509 380 1548 starent,
403 1504 484 1549 sed,
507 1505 599 1541 dum
634 1505 712 1543 suis
731 1505 992 1556 voluptatibus
1023 1506 1282 1556 indulgerent,
1303 1519 1366 1543 eas
1397 1505 1633 1542 offenderent
1663 1517 1686 1541 a

223 1565 363 1614 quibus
379 1565 450 1615 ipsi
473 1565 579 1602 nulla
597 1579 637 1603 re
660 1566 805 1604 offendi
828 1580 867 1604 se
889 1567 1044 1612 vellent,
1061 1576 1111 1612 et,
1132 1581 1248 1617 quum
1268 1568 1306 1604 in
1323 1567 1406 1603 aliis
1425 1566 1685 1602 contractibus

223 1626 445 1675 aequitatem
465 1616 649 1672 colerent,
671 1629 774 1665 solas
803 1629 1078 1665 conventiones
1105 1642 1191 1666 cum
1218 1629 1398 1665 uxoribus
1425 1627 1547 1664 factas
1567 1626 1686 1663 viola-

222 1694 324 1724 rent:
356 1700 443 1736 quae
473 1695 582 1725 tanto
613 1689 783 1726 sanctius
804 1690 1072 1727 custodiendae
1092 1697 1214 1734 erant,
1235 1696 1380 1739 quanto
1407 1694 1498 1725 sunt
1524 1687 1605 1724 aliis
1626 1687 1682 1723 in—

222 1748 379 1785 teriores
399 1756 437 1786 et
458 1749 636 1800 majores.
696 1750 848 1787 Dein'de
876 1764 947 1787 nec
974 1750 1070 1787 illud
1102 1751 1162 1787 isti
1189 1750 1517 1794 animadvertunt,
1538 1748 1683 1798 seipsos

224 1809 296 1846 sibi
314 1809 502 1847 factiones
523 1818 562 1848 et
581 1811 739 1849 dissidia
761 1812 796 1848 in
828 1812 906 1849 suis
927 1812 1042 1862 regiis
1064 1825 1202 1850 serere.
1260 1812 1330 1848 Est
1349 1818 1477 1848 autem
1498 1812 1685 1848 bonorum

223 1883 356 1921 regum
391 1871 560 1908 officium
589 1872 680 1909 dare
711 1885 882 1922 operam,
905 1886 980 1910 non
1009 1873 1047 1910 in
1077 1873 1232 1910 urbibus
1259 1880 1423 1916 tanturn,
1445 1871 1514 1908 sed
1541 1871 1579 1908 in
1606 1871 1684 1908 suis

223 1931 338 1969 etiam
354 1932 502 1969 aedibus
523 1940 637 1982 atque
653 1933 691 1969 in
708 1934 846 1983 quibus
867 1935 1077 1971 consedere
1094 1934 1202 1978 locis,
1217 1933 1461 1971 concordiam
1481 1933 1537 1969 uti
1556 1933 1682 1970 alant:

216 1993 308 2030 haec
329 1993 427 2030 enim
448 1994 623 2031 universa
655 1996 918 2044 temperantiae
947 2008 1106 2033 munera
1134 2003 1172 2032 et
1193 1994 1353 2046 justitiae
1371 2000 1474 2031 sunt.
1533 1994 1616 2031 Nec
1645 1994 1683 2031 in

223 2055 489 2105 procreatione
520 2055 680 2092 liberum
719 2069 850 2106 regum
883 2057 1062 2094 maximae
1096 2058 1213 2107 partis
1244 2055 1565 2094 consuetudinem
1598 2069 1682 2093 sum

222 2115 408 2161 imitatus,
427 2128 498 2152 nec
518 2116 613 2153 alios
633 2129 680 2153 cx
701 2116 900 2155 humiliore
921 2118 1074 2155 muliere
1090 2119 1185 2156 alios
1206 2132 1228 2155 e
1249 2117 1433 2154 nobiliore
1455 2118 1586 2154 censui
1601 2130 1682 2155 sus-

223 2175 437 2225 cipiendos,
465 2189 536 2214 nec
569 2176 708 2215 alteros
737 2178 875 2216 nothos
905 2179 1045 2216 alteros
1074 2179 1266 2229 legitimos
1298 2178 1586 2228 relinquendos,
1613 2179 1682 2216 sed

224 2235 439 2273 curandum
470 2244 514 2274 ut
542 2250 674 2274 omnes
706 2245 785 2275 tum
821 2247 1022 2289 paternum
1054 2248 1134 2277 turn
1168 2247 1382 2277 maternum
1417 2252 1554 2289 genus,
1588 2240 1684 2278 inter

225 2297 407 2334 mortales
428 2298 478 2335 ad
499 2299 714 2348 Evagoram
736 2307 881 2350 patrem
910 2314 1051 2345 meum,
1074 2302 1172 2338 inter
1199 2301 1389 2339 semideos
1416 2300 1465 2337 ad
1487 2300 1683 2345 AEacidas,
1730 2294 1733 2298 ’

224 2361 322 2398 inter
350 2361 442 2398 deos
471 2361 519 2398 ad
547 2363 684 2399 Jovem
718 2363 903 2412 optimum
935 2364 1156 2410 maximum,
1182 2364 1320 2401 referre
1349 2370 1523 2413 possent,
1552 2376 1680 2414 neque

225 2421 429 2471 quisquam
450 2435 498 2459 ex
517 2435 577 2460 me
594 2423 748 2473 genitus
769 2424 840 2462 hac
861 2425 1061 2462 nobilitate
1081 2425 1308 2475 privaretur.

283 2484 344 2520 11.
375 2483 505 2526 Quum
525 2497 614 2521 vero
634 2485 757 2522 multa
782 2498 843 2522 me
869 2485 1022 2523 hortata
1049 2487 1125 2523 sint
1151 2493 1193 2522 ut
1219 2487 1257 2523 in
1286 2486 1360 2523 hoc
1390 2487 1480 2523 vitae
1511 2486 1683 2523 instituto

226 2556 524 2593 perseverarem,
543 2545 639 2582 illud
660 2545 720 2582 vel
740 2546 776 2582 in
797 2547 927 2596 primis
954 2548 1085 2589 movit,
1105 2547 1209 2597 quod
1239 2547 1461 2584 fortitudine
1482 2555 1520 2584 et
1539 2547 1685 2584 callidi-

227 2611 304 2642 tate
330 2607 558 2655 caeterisque
578 2606 745 2644 laudatis
767 2609 881 2645 rebus
901 2609 1014 2645 etiam
1035 2609 1157 2646 malos
1177 2609 1367 2658 quosdam
1388 2609 1563 2646 homines
1583 2622 1683 2658 prae-

227 2665 328 2702 ditos
345 2665 536 2710 videbam,
551 2668 837 2718 temperantiam
851 2682 939 2706 vero
956 2669 1192 2718 etjustitiam
1210 2670 1381 2720 proprias
1397 2683 1483 2707 esse
1496 2670 1683 2706 bonorum

216 2725 389 2762 >virorum
423 2729 704 2776 possessiones.
763 2729 1065 2767 pulcherrimum
1101 2731 1214 2780 igitur
1241 2731 1322 2768 fore
1350 2730 1455 2775 duxi,
1478 2730 1509 2766 si
1534 2730 1620 2780 quis
1640 2731 1684 2768 iis

228 2786 431 2823 virtutibus
449 2787 534 2824 aliis
553 2796 738 2838 praestare
751 2800 897 2839 posset,
913 2804 1000 2840 quae
1018 2799 1059 2828 ut
1075 2791 1256 2841 improbis
1276 2791 1383 2828 nulla
1402 2804 1449 2827 ex
1469 2799 1577 2839 parte
1593 2804 1685 2828 con-

229 2846 375 2897 tingere
394 2855 555 2897 queunt,
578 2850 634 2886 sic
656 2850 912 2900 integerrimae
931 2859 1021 2889 sunt
1043 2859 1082 2888 et
1100 2852 1328 2890 firmissimae
1348 2859 1386 2889 et
1404 2852 1580 2889 maximis
1601 2853 1683 2890 lau-

228 2909 340 2947 dibus
371 2909 512 2960 dignae.
571 2912 643 2948 His
676 2913 884 2951 rationibus
918 2914 1110 2951 adductus
1146 2914 1411 2964 temperantiae
1443 2914 1681 2965 justitiaeque
