1870 3277
232 142 305 181 182
826 137 1112 177 lSOCRATlS

287 242 353 278 99.
386 239 498 278 Haec
529 252 631 278 cum
665 240 842 278 animis
874 242 975 280 suis
1008 243 1303 292 cogitantes
1335 248 1381 279 et
1414 250 1704 293 repetentes

234 314 391 352 neque
421 309 638 340 veterum
668 301 942 340 facinorum
974 303 1358 348 obliviscentur,
1391 304 1448 341 ob
1480 317 1582 355 quae
1613 317 1701 342 ma-

227 364 366 415 jores
401 363 614 414 ipsorum
652 362 893 409 laudasti,
932 365 1016 403 sed
1054 365 1155 404 haec
1194 365 1338 403 etiam
1373 378 1500 416 saepe
1539 379 1703 405 secum

233 427 331 478 ipsi
372 428 690 479 reputabunt,
722 427 923 477 primum
961 441 1009 466 se
1049 441 1190 479 quum
1225 427 1492 465 Dorienses
1523 436 1704 475 essent,

235 501 289 527 ac
323 501 436 526 suas
469 489 612 527 urbes
643 500 821 540 parvas
852 495 900 526 et
925 488 1167 540 inglorias
1198 502 1304 528 esse
1335 488 1563 527 viderent
1591 491 1704 528 mul-

234 557 492 601 tarumque
524 563 680 589 rerum
715 557 933 601 egentes,
961 551 1064 590 illis
1094 550 1346 603 neglectis
1376 549 1556 588 bellurn
1587 551 1708 589 intu-

234 613 358 652 lisse
387 612 685 652 civitatibus
717 612 1052 664 Peloponnesi
1085 613 1351 665 primariis,
1382 612 1528 663 Argis
1555 620 1601 650 et
1629 613 1707 651 La·

235 674 507 713 cedaemoni
537 681 584 712 et
615 674 873 720 Messenae,
906 674 1219 726 victoriaque
1255 680 1393 726 parta
1424 681 1471 712 ct
1502 674 1707 713 urbibus

235 743 282 776 et
308 737 513 788 regione
544 749 626 774 eos
655 736 885 788 exegisse
915 750 1034 787 quos
1064 742 1407 789 superassent,
1437 749 1488 775 ac
1517 749 1709 788 posses-

236 797 405 836 siones
459 798 657 836 illorum
705 811 870 836 omnes
918 806 1035 837 tunc
1083 811 1355 850 occupasse
1397 811 1519 848 quas
1561 799 1707 836 etiam

236 873 366 899 nunc
391 866 574 906 tenent,
595 872 689 911 quo
718 860 871 911 majus
901 860 1099 898 facinus
1128 869 1174 899 et
1201 860 1547 898 admirabilius
1573 873 1708 898 nemo

235 921 471 960 ostendet
498 921 603 959 illis
631 921 937 972 temporibus
969 922 1169 968 editum,
1198 928 1282 960 aut
1314 920 1568 972 quicquam
1603 935 1710 960 esse

237 989 431 1033 gestum
462 982 665 1021 felicius
700 990 780 1021 aut
810 982 904 1021 diis
936 983 1091 1035 magis
1122 983 1354 1035 propitiis
1382 983 1596 1034 quam‘id
1628 996 1710 1034 per

236 1043 368 1094 quod
399 1050 445 1082 et
476 1057 573 1081 suae
613 1043 791 1095 inopiae
825 1045 1194 1083 consuluerunt
1226 1052 1274 1083 et
1305 1044 1515 1082 alienam
1555 1044 1711 1082 felici-

236 1111 387 1143 tatem
425 1104 766 1145 obtinuerunt.
826 1107 987 1158 Atque
1019 1106 1122 1144 haec
1159 1119 1268 1145 cum
1306 1106 1533 1145 omnibus
1571 1119 1711 1158 expe-

238 1166 450 1206 ditionis
481 1166 622 1206 illius
653 1168 806 1206 sociis
837 1176 1121 1218 gesserunt.

294 1231 384 1268 100.
416 1229 685 1281 Postquam
716 1235 877 1268 autem
909 1243 1012 1268 cum
1044 1230 1246 1282 Argivis
1277 1237 1323 1269 et
1350 1231 1617 1269 Messeniis
1645 1245 1711 1270 re-

238 1291 432 1343 gionem
464 1291 639 1343 partiti
667 1292 893 1343 Spartam
926 1292 1128 1331 seorsim
1160 1306 1209 1331 se
1229 1293 1581 1338 contulissent,
1607 1293 1710 1332 illis

239 1352 550 1404 temporibus
584 1353 853 1391 animorum
888 1361 1026 1392 tanta
1058 1354 1403 1405 magnitudine
1437 1367 1518 1392 eos
1552 1355 1710 1393 fuisse

239 1414 366 1454 dicis
404 1421 467 1461 ut,
499 1428 641 1465 quum
680 1427 772 1453 non
811 1415 980 1466 plures
1017 1415 1092 1454 bis
1132 1416 1265 1453 mille
1305 1424 1484 1461 essent,
1525 1429 1573 1454 se
1611 1416 1713 1454 vita

239 1475 469 1527 indignos
511 1476 817 1527 judicarent,
861 1477 958 1515 nisi
997 1477 1222 1515 omnibus
1259 1476 1597 1528 Peloponnesi
1641 1490 1711 1514 ur-

237 1537 382 1576 bibus
415 1538 566 1589 potiri
597 1545 832 1589 possent3
861 1551 955 1589 quo
983 1538 1197 1576 consilio
1230 1551 1372 1590 quum
1400 1538 1582 1576 bellum
1612 1551 1712 1576 sus-

237 1599 513 1651 cepissent,
542 1599 665 1638 licet
697 1599 865 1638 multis
900 1600 1117 1638 miseriis
1157 1606 1203 1638 et
1235 1600 1474 1651 periculis
1509 1599 1712 1639 circum-

237 1660 373 1699 venti
414 1674 505 1699 non
545 1661 842 1712 abjecerunt
882 1662 1067 1700 animos
1105 1675 1262 1713 neque
1302 1662 1712 1712 conquieverunt,

239 1722 524 1774 priusquam
556 1736 638 1761 eas
666 1736 832 1762 omnes
859 1723 1152 1774 Argivorum
1191 1724 1308 1762 urbe
1337 1731 1548 1775 excepta
1573 1724 1711 1762 sube-

240 1784 453 1836 gissent;
502 1798 642 1835 quum
686 1792 843 1823 autern
885 1785 983 1837 jam
1023 1792 1068 1824 et
1103 1785 1335 1823 ditionem
1367 1785 1712 1836 amplissimam

240 1852 288 1883 et
324 1846 596 1897 potentiam
632 1846 881 1885 maximam
923 1854 968 1885 et
1000 1854 1182 1885 tantam
1221 1847 1422 1899 gloriam
1461 1847 1715 1886 consecuti

238 1913 407 1945 essent
441 1914 667 1958 quantam
697 1920 778 1945 eos
815 1921 895 1958 par
925 1915 1001 1946 est
1035 1908 1212 1959 quires
1245 1915 1407 1947 tantas
1442 1916 1714 1959 gesserant,

239 1969 328 2008 hoc
359 1969 452 2007 sibi
479 1982 569 2007 non
600 1970 755 2007 minus
789 1969 925 2008 laudi
955 1969 1212 2016 duxerunt,
1241 1969 1370 2020 quod
1403 1970 1496 2008 soli
1523 1969 1714 2008 Graeco-

241 2044 340 2069 rum
374 2031 583 2069 omnium
616 2031 702 2069 liae
741 2031 978 2082 peculiari
1016 2038 1065 2070 et
1109 2031 1342 2083 praeclara
1388 2032 1715 2083 praerogativa

241 2093 444 2145 gloriari
488 2100 704 2143 possent,
740 2106 788 2131 se
829 2099 922 2131 tam
960 2105 1144 2144 paucos
1179 2106 1376 2131 numero
1412 2092 1598 2130 nullius
1635 2106 1714 2131 un-

241 2168 378 2207 quam
416 2155 549 2193 urbis
587 2155 899 2205 quantumvis
936 2155 1105 2206 amplae
1145 2155 1341 2193 ductum
1376 2161 1577 2193 secutos
1610 2168 1714 2192 esse

233 2229 324 2258 aut
360 2219 593 2270 imperata
626 2218 825 2265 fecisse,
866 2219 951 2256 sed
990 2231 1077 2257 sua
1110 2218 1344 2257 libertate
1376 2225 1617 2270 perpetuo
1655 2232 1718 2256 re-

242 2287 369 2320 tenta
396 2280 527 2319 bello
557 2280 816 2318 barbarico
850 2280 1131 2319 Graecorum
1168 2280 1376 2319 omniurn
1415 2279 1562 2318 duces
1607 2292 1715 2318 con-

245 2335 465 2390 stitutos,
498 2355 653 2393 eoque
686 2341 865 2381 honore
904 2355 996 2381 non
1032 2343 1138 2382 sine
1172 2356 1321 2382 causa
1357 2340 1586 2387 affectos,
1630 2341 1716 2380 sed

243 2412 504 2458 propterea
542 2404 665 2456 quod
705 2417 762 2443 ex
798 2404 1031 2443 universo
1069 2418 1249 2456 genere
1288 2403 1570 2443 mortalium
1614 2403 1715 2442 illis

243 2467 550 2519 temporibus
584 2465 631 2504 in
665 2466 889 2518 plurimis
919 2465 1105 2517 praeliis
1138 2466 1325 2505 versati
1356 2466 1403 2504 in
1436 2465 1575 2503 nullo
1606 2478 1718 2517 rege

245 2532 364 2570 duce
396 2530 789 2578 succubuissent,
819 2530 901 2568 sed
933 2543 1096 2569 omnes
1130 2538 1459 2582 superassent,
1491 2543 1583 2580 quo
1617 2531 1718 2568 nul-

245 2593 340 2631 lum
374 2593 531 2644 majus
561 2605 614 2631 ac
643 2592 826 2631 certius
858 2592 1044 2643 signum
1076 2592 1173 2631 dici
1205 2591 1718 2644 potest'fortitudinis

244 2662 292 2694 et
317 2655 589 2693 tolerantiae
621 2663 668 2694 et
699 2654 1036 2694 consensionis
1063 2654 1193 2693 inter
1219 2655 1367 2706 ipsos,
1396 2667 1450 2692 eo
1475 2654 1601 2705 quod
1622 2654 1716 2705 jam

245 2717 431 2757 dicetur
461 2725 693 2770 excepto:
738 2730 839 2755 nam
869 2729 1008 2768 quum
1041 2722 1180 2755 tanta
1204 2716 1470 2754 multitudo
1501 2716 1565 2755 sit
1591 2716 1718 2753 Grae-

246 2792 406 2819 carum
444 2778 710 2826 civitatum,
746 2785 1031 2818 caeterarum
1067 2778 1203 2816 nulla
1240 2778 1335 2816 dici
1382 2785 1461 2816 aut
1509 2778 1720 2815 inveniri

246 2847 419 2894 potest,
446 2854 547 2891 quae
576 2855 664 2879 non
693 2841 739 2878 in
772 2840 1083 2879 calamitates
1113 2839 1226 2879 illas
1260 2839 1496 2878 inciderit
1524 2839 1719 2877 urbibus

247 2903 471 2943 accidere
499 2903 686 2950 solitas,
706 2904 890 2954 Spartae
921 2909 1078 2941 autem
1106 2915 1242 2942 nemo
1267 2909 1433 2953 potest
1461 2900 1718 2943 ostendere
