1870 3277
465 173 537 209 DE
565 172 916 210 APOLLODORI
948 169 1306 209 HEREDITATE.
1528 169 1601 204 377

169 281 448 319 exsecuturum,
471 274 794 324 quemadmodum
812 273 893 324 ipse
912 284 1064 322 quoque
1083 271 1167 308 fuit.
1223 271 1344 320 Atqui
1363 271 1394 307 si
1409 275 1448 308 et
1465 280 1604 320 cogna-

171 343 233 372 tus
252 333 488 384 Apollodoro
503 347 604 372 eram
623 342 663 371 et
683 334 827 372 amicus
846 339 885 370 et
897 333 996 370 bene
1015 330 1064 368 de
1083 343 1128 368 eo
1144 330 1296 368 meritus
1311 336 1351 367 et
1363 329 1603 368 documentis

170 396 244 433 mei
263 395 363 433 datis
393 395 493 433 hanc
517 395 550 433 ei
574 386 696 433 “fidem
723 395 887 432 feceram
915 399 959 430 ut
985 398 1111 430 certus
1144 397 1246 429 esset
1275 403 1336 429 me
1362 391 1475 429 talem
1503 402 1603 436 esse,

110 473 121 481 «
170 457 298 507 ecquis
311 460 391 504 ,iam
411 457 561 495 dubitet
579 455 790 507 adoptandi
807 454 881 492 mei
893 454 1094 492 consilium
1113 454 1161 491 ab
1176 451 1327 490 homine
1347 464 1450 489 sanae
1466 451 1603 490 mentis

171 517 382 567 profectum
408 516 518 555 esse?
566 517 649 567 Ego
668 522 769 554 certe
789 527 908 552 unum
927 513 1081 564 aliquod
1101 525 1247 558 eorum,
1266 524 1352 562 quae
1371 512 1462 548 mihi
1482 512 1528 549 ab
1555 524 1602 549 eo

171 578 340 626 injuncta
359 578 525 624 fuerunt,
544 577 694 629 peregi:
723 575 1060 627 gymnasiarchatu
1080 574 1181 612 enim
1201 574 1354 611 functus
1372 571 1426 609 fui
1453 572 1492 609 in
1512 572 1604 610 Pro-

170 639 328 678 metheis
348 640 420 678 hoc
453 640 536 690 ipso
556 650 657 677 anno
675 637 876 688 splendide
906 645 1018 688 atque
1049 635 1268 681 liberaliter,
1295 633 1331 671 id
1350 632 1455 684 quod
1476 645 1605 671 omnes

169 710 310 740 norunt
333 702 504 740 tribules.
557 701 658 738 Vera
675 699 760 738 haec
779 713 801 738 a
826 712 886 738 me
905 700 979 738 dici
1005 698 1284 738 confirmabunt
1300 696 1339 734 hi
1359 702 1491 743 testes,
1508 707 1606 746 quos

167 764 257 801 mihi
276 764 345 802 abs
363 770 401 801 te
418 762 524 801 citari
542 762 642 800 volo.

774 864 992 903 TESTES.

221 943 259 980 8.
288 942 386 979 Haec
412 942 539 993 capita
559 949 662 989 sunt,
690 941 854 993 judices,
873 941 941 979 illa
965 941 1076 992 juris,
1093 951 1258 991 quorum
1276 933 1607 977 fretiauctoritate

167 1002 288 1041 aimus
315 1011 431 1054 atque
457 1003 723 1042 contendimus
749 1003 1001 1042 hereditatem
1020 1001 1244 1054 Apollodori
1271 1006 1439 1038 nostram
1466 1010 1551 1036 esse
1569 1003 1608 1036 et

169 1077 319 1114 aequum
339 1078 426 1103 esse
451 1078 522 1104 nos
550 1078 596 1104 ea
614 1064 739 1116 potiri.
793 1065 882 1103 Jam
901 1077 996 1115 rogo
1014 1077 1096 1109 vos,
1110 1062 1276 1114 judices,
1295 1061 1540 1109 obtestorque
1565 1066 1608 1096 ut

167 1125 278 1163 nobis
304 1126 461 1164 faveatiS
488 1133 567 1164 tum
594 1126 817 1178 Apollodori
835 1125 958 1176 gratia
976 1132 1057 1162 turn
1081 1124 1267 1175 Thrasylli
1293 1122 1358 1173 qui
1391 1127 1498 1172 pater
1524 1120 1606 1170 ejus

164 1186 248 1233 fuit,
274 1200 370 1238 quos
395 1188 589 1238 reperietis
619 1187 789 1226 homines
819 1200 895 1225 non
923 1185 1036 1224 nauci
1064 1198 1185 1235 neque
1210 1183 1448 1235 poenitendos
1473 1181 1606 1226 fuisse,

167 1248 236 1286 sed
254 1248 435 1299 imprimis
454 1248 553 1299 frugi
571 1249 672 1287 cives
692 1249 882 1299 vestrique
897 1259 1078 1298 perquam
1099 1242 1305 1284 studiosos.
1361 1243 1477 1281 Pater
1492 1242 1609 1294 Apol-

167 1309 286 1348 lodori
305 1317 348 1348 ut
362 1310 437 1348 alia
451 1310 578 1348 omnia
595 1311 686 1348 obiit
701 1310 832 1348 munia
850 1316 1089 1360 sumptuosa,
1103 1307 1156 1345 ita
1169 1306 1438 1345 trierarchatus
1458 1316 1610 1356 quoque

165 1371 286 1421 gessit
305 1371 400 1409 alios
421 1383 468 1408 ex
489 1372 570 1409 aliis
590 1378 628 1408 et
647 1366 729 1409 tota
746 1384 857 1422 paene
882 1370 960 1408 vita
979 1369 1229 1414 continuavit,
1257 1380 1334 1405 non
1360 1366 1414 1404 sic
1433 1372 1477 1403 ut
1502 1365 1610 1403 trier-

165 1431 266 1469 archi
287 1432 352 1481 qui
372 1445 475 1470 nunc
495 1438 584 1469 sunt
603 1431 761 1478 faciunt,
787 1444 947 1482 quorum
968 1430 1232 1480 unusquisque
1260 1435 1478 1478 sumptuum
1499 1438 1609 1477 paene

163 1492 255 1530 nihil
273 1493 363 1531 facit
382 1494 420 1531 in
450 1506 559 1531 suam
579 1494 768 1531 triremem
796 1492 1017 1531 armandam
1047 1498 1163 1542 atque
1188 1488 1465 1534 instruendam,
1485 1487 1607 1526 socie-

161 1561 239 1593 tate
269 1568 355 1593 eum
385 1555 466 1592 aliis
492 1555 620 1593 multis
650 1556 756 1601 inita,
781 1555 850 1593 sed
877 1554 982 1593 solus
1008 1567 1077 1604 per
1103 1566 1158 1597 se,
1188 1564 1312 1602 neque
1337 1549 1608 1589 intercalandis

158 1615 223 1653 otii
244 1616 404 1653 bienniis
424 1616 492 1653 sed
512 1616 762 1661 continenter,
782 1628 905 1666 neque
932 1614 1188 1665 perfunctorie
1209 1619 1248 1650 et
1268 1611 1363 1650 dicis
1383 1623 1513 1656 causa,
1537 1609 1606 1648 sed

161 1678 310 1715 naviter
337 1685 522 1729 apparatu
550 1690 663 1728 quam
692 1677 770 1714 fieri
796 1682 924 1727 potest
952 1675 1159 1713 lautissimo
1187 1680 1304 1723 atque
1329 1670 1607 1723 probatissimo.

164 1739 421 1781 Quamobrem
442 1747 480 1776 et
498 1739 626 1776 vivum
646 1751 713 1776 vos
733 1751 819 1776 eum
846 1737 1114 1782 lionoravistis,
1133 1742 1171 1772 et
1197 1733 1400 1780 exstincto,
1421 1744 1608 1770 memores

164 1811 287 1836 rerum
304 1799 452 1837 fortiter
471 1800 518 1837 ab
538 1798 860 1850 eo'praeclareque
882 1805 1088 1849 gestarum,
1103 1796 1180 1834 filio
1198 1794 1377 1834 servastis
1397 1802 1509 1845 atque
1528 1792 1611 1830 red·

166 1859 310 1897 didistis
331 1861 504 1898 fortunas
530 1861 669 1911 quibus
694 1860 876 1912 spoliatus
901 1860 1040 1908 fuerat,
1061 1871 1107 1897 eo
1128 1857 1230 1909 quod
1257 1869 1388 1895 earum
1408 1855 1610 1907 praedones

165 1922 354 1971 cogeretis
394 1917 564 1972 legitimo
598 1914 752 1960 d0⁸min0
788 1935 852 1960 eas
890 1921 1101 1959 restituere.
1172 1918 1234 1957 Ad
1265 1919 1388 1970 ipsum
1413 1917 1608 1956 veniamus

168 1983 461 2033 Apollodorum.
518 1983 605 2021 Non
627 1984 672 2031 is,
690 1990 729 2020 ut
744 1983 807 2021 hic
828 1983 1027 2032 Pronapis,
1046 1993 1200 2019 censum
1218 1979 1397 2030 exiguum
1414 1978 1609 2030 professus

167 2046 261 2095 [quo
280 2044 602 2082 contributionum
628 2044 774 2096 exiguis
795 2044 1038 2095 pensionibus
1066 2041 1374 2092 defungeretur],
1396 2040 1464 2078 sed
1491 2038 1609 2077 ordini

167 2106 336 2156 equitum
359 2105 573 2157 adscriptus
592 2107 756 2144 honores
776 2106 896 2157 gessit
914 2105 966 2142 illi
987 2104 1397 2155 ordinicompetentes,
1412 2100 1609 2153 primarios

164 2179 288 2217 eoque
307 2166 488 2217 imprimis
503 2176 769 2219 sumptuosos;
800 2181 925 2218 neque
943 2166 978 2204 vi
1000 2166 1148 2204 studuit
1167 2166 1290 2203 aliena
1308 2166 1410 2203 bona
1429 2163 1608 2213 legitimis

167 2228 329 2283 dominis
349 2228 508 2278 eripere,
528 2229 649 2280 iisque
664 2229 763 2266 clam
782 2229 964 2267 incubare
986 2235 1027 2265 ut
1041 2241 1108 2266 vos
1126 2227 1291 2265 fructum
1311 2238 1442 2264 eorum
1462 2224 1608 2263 nullum

166 2289 421 2340 perciperem,
452 2290 520 2328 sed
551 2290 756 2328 facultates
784 2290 911 2341 palam
946 2290 994 2327 ad
1023 2302 1088 2327 vos
1116 2289 1310 2340 professus
1339 2294 1378 2325 et
1403 2287 1546 2324 habens
1571 2285 1606 2322 in

165 2349 295 2388 fundis
331 2357 371 2388 et
399 2351 588 2396 domibus,
623 2364 861 2402 quaecunque
895 2363 962 2389 vos
1000 2349 1212 2401 exigeretis,
1253 2361 1300 2386 ea
1323 2346 1529 2385 liberaliter
1571 2352 1610 2382 et

164 2424 252 2450 cum
287 2411 417 2461 gloriae
454 2412 581 2450 studio
617 2413 819 2463 praestitit:
861 2412 1020 2450 neminis
1058 2425 1146 2450 cum
1177 2409 1314 2461 injuria
1350 2407 1530 2445 studebat
1560 2406 1608 2443 de

163 2473 303 2524 peculii
326 2474 384 2510 sui
412 2474 662 2524 vectigalibus
687 2486 885 2524 personam
914 2474 952 2511 in
972 2473 1052 2511 vita
1079 2472 1179 2510 civili
1207 2469 1449 2521 splendidam
1480 2480 1608 2518 agere,

167 2534 390 2572 existimans
420 2548 460 2573 se
490 2535 641 2580 decere,
669 2536 705 2573 in
734 2535 977 2587 semetipsum
1002 2533 1154 2584 quidem
1181 2538 1356 2583 sumptus
1379 2531 1503 2568 facere
1529 2540 1610 2577 mo-

166 2595 288 2641 dicos,
308 2609 386 2647 quo
413 2596 583 2635 sufficere
610 2604 742 2648 posset
767 2597 994 2649 impendiis;
1025 2608 1112 2645 quae
1141 2601 1265 2632 autem
1287 2597 1545 2643 superessent,
1564 2603 1611 2627 ea

169 2657 460 2696 necessitatibus
486 2659 580 2710 reip.
609 2672 814 2697 reservare.
872 2659 936 2695 Sic
954 2658 1098 2694 factum
1125 2662 1196 2700 est,
1215 2661 1256 2691 ut
1276 2652 1414 2691 muniis
1434 2652 1608 2690 omnibus

170 2717 419 2756 satisfaceret.
476 2721 646 2771 Ecquam
673 2722 775 2759 enim
796 2719 986 2769 liturgiam
1006 2729 1082 2755 non
1102 2716 1151 2754 ad
1178 2716 1288 2753 finem
1311 2712 1516 2765 perduxit?
1546 2718 1611 2749 aut

168 2789 330 2828 ecquam
351 2780 668 2820 contributionem
687 2782 943 2833 pecuniariam
964 2792 1041 2817 non
1061 2778 1156 2815 inter
1174 2776 1310 2827 primos
1326 2773 1515 2813 contulit?
1545 2773 1608 2812 aut

168 2840 352 2890 ecquibus
383 2841 555 2890 partibus
582 2843 661 2881 suis
691 2841 841 2882 defuit?
871 2853 947 2878 non
980 2837 1184 2890 aliquando
1208 2837 1325 2875 choro
1350 2835 1483 2888 puerili
1500 2835 1605 2878 vicit,

165 2913 294 2951 quem,
330 2893 538 2953 Choregum
571 2916 701 2954 agens,
734 2904 813 2955 ipse
842 2899 1098 2953 produxerat?
1146 2899 1254 2949 cujus
1287 2897 1523 2936 liberalitatis
1559 2891 1607 2932 ab

848 2964 869 2998 3
901 2975 920 2997 c
