1870 3277
675 210 750 248 AD
783 208 1141 248 DEMONICUM.
1616 208 1637 241 3

178 310 351 348 laborare
372 310 539 357 desinas,
559 312 650 350 dum
678 312 804 350 adhuc
835 311 1008 349 laborare
1039 323 1172 361 queas.
1233 310 1371 359 Neque
1391 308 1631 359 petulantem

181 371 296 409 risum
318 385 419 416 ama,
433 387 557 424 neque
577 374 762 411 audacem
783 373 991 411 orationem
1006 373 1150 422 proba:
1182 384 1266 408 nam
1285 370 1443 407 alterum
1461 368 1634 406 stultitiae

179 441 252 477 est,
281 434 441 472 alterurn
473 435 645 473 insaniae.
702 435 800 478 Quae
829 434 935 471 factu
967 440 1058 471 sunt
1087 432 1225 482 turpia,
1256 443 1305 467 ne
1337 431 1450 467 dictu·
1474 429 1630 480 quidem

177 487 319 532 decora
339 509 425 532 esse
445 502 551 546 puta.
609 495 801 533 Assuefac
828 501 866 531 te
886 501 930 530 ut
951 493 1000 530 sis
1021 492 1125 529 vultu
1145 505 1222 529 non
1241 499 1362 534 torvo,
1386 490 1454 527 sed
1475 501 1632 529 severo:

179 568 266 593 nam
301 556 396 593 illud
430 556 660 603 insolentiae,
690 556 763 594 hoc
795 555 1010 606 prudentiae
1031 554 1231 591 tribuetur.
1290 551 1476 588 Existima
1495 559 1531 587 te
1552 563 1631 587 ma·

179 616 278 654 xime
310 618 445 655 decere
479 617 723 663 modestiam,
757 616 1042 660 verecundiam,
1074 614 1278 664 justitiam,
1313 611 1602 662 temperantiam
1620 625 1629 653 ;

177 676 234 713 his
256 677 355 714 enim
378 678 579 716 virtutibus
600 679 724 716 omnis
745 676 1022 714 adolescentiae
1052 674 1257 725 disciplina
1286 672 1517 710 continetur.
1575 672 1632 708 Si-

176 738 269 787 quid
292 751 459 788 unquam
482 747 592 790 turpe
613 739 828 784 admiseris,
850 752 898 775 ne
920 744 1075 788 sperato
1094 736 1175 774 fore
1192 735 1319 773 clam:
1351 747 1439 771 nam
1467 741 1509 770 ut
1537 733 1632 771 alios

177 798 214 835 id
237 800 353 844 celes,
374 807 413 838 at
447 800 529 850 ipse
562 801 629 838 tibi
659 800 734 838 eris
762 799 951 837 conscius.
1016 798 1122 835 Deos
1153 796 1258 839 time,
1290 801 1470 846 parentes
1505 801 1633 832 autem

177 859 349 899 honora:
392 862 537 899 amicos
568 875 712 906 verere,
740 861 890 911 legibus
922 860 1159 909 obtempera.
1218 858 1293 894 Eas
1333 868 1493 906 sequere
1525 855 1634 893 volu-

175 928 302 971 ptates
323 936 409 972 quae
429 923 586 973 gloriam
607 923 782 974 pariant:
815 934 903 959 nam
931 919 1145 958 oblectatio
1176 918 1384 969 conjuncta
1403 929 1490 954 cum
1513 915 1632 953 hone-

170 988 274 1020 state
296 996 354 1021 res
376 990 436 1021 est
453 985 611 1035 optima,
629 984 713 1021 sine
729 983 815 1027 hac,
830 982 1012 1032 pessima.
1071 981 1175 1018 Cave
1197 978 1497 1021 criminationes,
1517 977 1631 1014 etiam

175 1042 316 1082 falsas:
347 1044 487 1094 vulgus
514 1045 629 1088 enim,
644 1057 761 1094 quum
783 1044 983 1081 veritatem
1002 1042 1167 1092 ignoret,
1188 1053 1234 1078 ex
1257 1040 1434 1090 opinione
1453 1039 1632 1087 famaque

169 1104 333 1155 judicat.
390 1105 532 1143 Omnia
550 1112 588 1143 te
609 1105 660 1142 ita
680 1105 806 1142 facere
827 1112 934 1154 puta,
964 1103 1075 1154 quasi
1105 1101 1296 1140 neminem
1331 1101 1381 1137 sis
1408 1099 1631 1137 celaturus:

175 1165 246 1203 etsi
266 1167 366 1203 enirn
393 1166 587 1216 quippiam
608 1166 818 1204 occultaris
846 1165 882 1201 in
905 1164 1126 1215 praesentia,
1147 1170 1234 1214 post
1253 1169 1381 1199 tamen
1405 1161 1631 1197 innotescet.

179 1225 510 1264 Existimationem
532 1227 696 1264 maxime
717 1226 891 1276 colliges,
911 1225 942 1262 si
962 1237 1007 1262 ea
1028 1232 1065 1262 te
1089 1238 1164 1261 non
1187 1224 1312 1261 facere
1337 1228 1523 1272 appareat
1547 1234 1634 1270 quae

179 1287 227 1323 ab
257 1286 338 1324 aliis
368 1286 471 1324 facta
505 1286 820 1337 reprehenderes.
879 1285 918 1322 Si
950 1285 1089 1335 cupide
1120 1283 1311 1327 didiceris,
1342 1282 1464 1319 multa
1492 1281 1633 1319 disces.

178 1347 277 1391 Quae
299 1347 389 1393 scis,
404 1347 690 1385 exercitationis
707 1346 907 1397 diligentia
926 1354 1059 1389 tuere;
1089 1359 1174 1396 quae
1195 1357 1270 1381 non
1293 1342 1474 1388 didicisti,
1494 1342 1631 1380 artium

176 1408 398 1458 cognitione
420 1408 649 1459 adjungito:
678 1421 789 1458 aeque
820 1408 918 1445 enim
947 1413 1057 1457 turpe
1089 1412 1161 1451 est,
1184 1405 1353 1442 auditam
1384 1403 1515 1441 utilem
1547 1416 1633 1441 ora·

175 1469 317 1507 tionem
348 1482 424 1506 non
459 1470 622 1513 discere,
645 1482 691 1506 ac
720 1469 810 1506 boni
839 1468 1035 1519 quippiam
1061 1468 1195 1506 datum
1215 1467 1263 1504 ab
1284 1465 1414 1504 amicis
1434 1478 1511 1502 non
1532 1465 1634 1503 acci-

174 1544 280 1582 pere.
338 1531 533 1581 Quicquid
554 1531 621 1568 otii
641 1531 807 1575 dabitur,
829 1530 867 1568 id
888 1531 926 1567 in
953 1530 1159 1568 audiendae
1185 1527 1372 1566 doctrinae
1394 1526 1522 1564 studio
1541 1540 1631 1564 con-

177 1593 342 1630 sumito:
375 1591 428 1629 sic
456 1592 555 1630 enim
588 1592 656 1629 fiet
683 1599 738 1635 ut,
771 1605 859 1643 quae
879 1593 1027 1642 magnis
1047 1591 1110 1628 alii
1144 1589 1340 1628 laboribus
1370 1588 1564 1632 invenere,
1592 1595 1632 1624 tu

174 1654 287 1691 facile
307 1653 517 1704 perdiscas.
576 1653 781 1691 Audivisse
815 1653 949 1699 multa,
984 1660 1166 1704 praestare
1192 1658 1287 1702 puta
1313 1663 1429 1700 quam
1459 1649 1632 1698 pecuniae

176 1716 338 1753 multum
360 1715 560 1766 coegisse:
591 1728 680 1753 nam
708 1715 791 1753 baec
813 1715 928 1753 facile
958 1715 1155 1759 amittitur,
1176 1713 1239 1750 illa
1259 1718 1445 1764 perpetuo
1466 1710 1630 1752 durant;

173 1777 292 1815 solius
328 1777 427 1814 enim
463 1777 659 1828 sapientiae
697 1777 891 1827 possessio
930 1782 990 1814 est
1026 1773 1262 1812 immortalis.
1337 1772 1395 1810 Ne
1431 1778 1468 1808 te
1502 1770 1633 1821 pigeat

174 1839 331 1889 longam
354 1839 406 1876 ire
427 1838 526 1875 viam
547 1838 598 1875 ad
624 1850 689 1875 eos
719 1837 782 1887 qui
817 1851 857 1875 se
882 1836 1025 1887 aliquid
1053 1836 1146 1873 utile
1176 1834 1359 1883 docturos
1379 1833 1631 1883 profitentur:

175 1913 293 1950 quum
324 1901 425 1938 enim
452 1906 686 1937 mercatores
716 1899 768 1935 rei
798 1897 994 1935 familiaris
1025 1895 1217 1947 augendae
1247 1895 1368 1945 gratia
1386 1900 1495 1930 tanta
1515 1892 1634 1930 maria

176 1962 450 2006 transmittant,
469 1967 578 2009 turpe
607 1959 720 1996 fuerit
741 1959 1007 1996 adolescentes
1030 1957 1230 1995 excolendi
1250 1955 1393 2004 ingenii
1412 1966 1532 1992 causa
1559 1965 1633 1991 nec

174 2028 355 2060 terrestre
376 2022 446 2059 iter
465 2020 563 2058 velle
584 2019 790 2068 suscipere.
839 2018 1013 2054 Moribus
1040 2016 1116 2053 tuis
1149 2016 1249 2053 adsit
1269 2013 1490 2059 affabilitas,
1510 2013 1634 2050 verbis

178 2083 374 2121 urbanitas
392 2096 401 2120 ι
431 2088 492 2119 est
517 2087 644 2118 autem
665 2078 900 2116 affabilitatis
921 2077 1054 2114 obvios
1074 2076 1252 2120 salutare,
1273 2073 1499 2111 urbanitatis
1519 2074 1635 2110 comi-

178 2150 235 2181 ter
254 2158 318 2182 eos
335 2143 542 2194 appellare.
600 2140 731 2178 Comis
759 2140 797 2176 in
817 2152 951 2176 omnes
973 2139 1060 2181 eris,
1082 2137 1149 2174 sed
1178 2137 1409 2187 optimorum
1439 2135 1633 2172 familiari-

175 2212 256 2244 tate
289 2204 430 2243 uteris:
461 2203 513 2241 sic
532 2202 693 2240 aliorum
726 2200 943 2238 inimicitias
963 2199 1115 2242 vitabis,
1137 2197 1296 2234 aliorum
1329 2195 1396 2232 tibi
1427 2195 1631 2233 amicitiam

176 2266 412 2304 conciliabis.
471 2264 530 2301 Ne
559 2263 699 2313 saepius
723 2261 894 2305 eosdem,
914 2272 1038 2309 neque
1057 2258 1255 2296 verbosius
1276 2256 1411 2293 iisdem
1433 2256 1482 2293 de
1503 2257 1633 2300 rebus,

176 2327 395 2376 alloquare:
427 2331 488 2362 est
504 2323 603 2361 enim
624 2335 749 2360 rerum
769 2321 940 2359 omnium
961 2320 1134 2357 satietas.
1186 2318 1334 2354 Exerce
1351 2324 1388 2354 te
1408 2316 1634 2354 voluntariis

176 2388 388 2431 laboribus,
418 2392 462 2423 ut
487 2385 602 2423 etiam
624 2383 863 2421 necessarios
885 2381 1050 2432 perferre
1071 2380 1208 2432 possis.
1268 2378 1389 2415 Dabis
1413 2390 1569 2429 operam
1590 2385 1634 2415 ut

177 2449 292 2486 rebus
312 2447 490 2485 omnibus
507 2446 665 2496 imperes
686 2444 824 2495 quibus
845 2443 1012 2481 animum
1031 2441 1171 2480 servire
1191 2448 1300 2491 turpe
1318 2447 1392 2484 est,
1413 2439 1632 2490 cujusmodi

179 2517 282 2555 sunt,
309 2510 474 2553 lucrum,
491 2509 559 2554 ira,
577 2507 769 2557 voluptas,
788 2505 913 2543 dolor.
970 2505 1067 2541 Haec
1096 2509 1224 2540 autem
1251 2502 1304 2540 ita
1332 2513 1581 2550 consequere,
1602 2501 1633 2537 si

176 2584 224 2609 ea
243 2571 279 2608 in
300 2571 404 2608 lucro
426 2570 586 2620 deputes
607 2581 696 2618 quae
713 2567 888 2618 gloriam,
905 2579 982 2604 non
1004 2579 1091 2616 quae
1106 2577 1214 2616 opes,
1237 2569 1425 2613 augeant:
1459 2562 1496 2599 in
1510 2561 1580 2607 ira,
1601 2562 1632 2599 si

177 2631 291 2669 talem
303 2638 338 2669 te
349 2632 522 2682 praebeas
535 2627 1008 2679 delinquentibus‚quales
1023 2627 1061 2663 in
1075 2633 1111 2663 te
1126 2625 1415 2675 delinquentem
1434 2623 1528 2660 alios
1544 2633 1633 2661 esse

170 2693 320 2736 velles:
352 2693 390 2730 in
409 2691 744 2734 oblectationibus,
761 2690 791 2727 si
813 2696 925 2740 turpe
945 2689 1081 2733 ducas,
1103 2687 1219 2725 servis
1239 2687 1438 2736 imperare,
1457 2685 1634 2736 volupta-

175 2753 278 2792 tibus
303 2754 467 2797 servire;
495 2754 532 2790 in
550 2753 661 2789 rebus
682 2750 867 2795 molestis,
889 2750 918 2787 si
934 2749 1173 2787 calamitates
1203 2747 1363 2785 aliorum
1381 2746 1576 2797 inspicias,
1596 2754 1635 2784 et

177 2820 216 2852 te
244 2814 438 2853 hominem
458 2826 542 2850 esse
564 2812 791 2850 recorderis.
849 2810 1084 2861 Diligentius
1106 2818 1211 2846 tuere
1231 2808 1411 2858 deposita
1433 2808 1633 2844 verborum

179 2886 294 2924 quam
312 2886 581 2912 nummorum:
611 2886 700 2910 nam
717 2872 805 2910 boni
824 2871 893 2909 viri
911 2878 971 2909 est
997 2871 1051 2907 ita
1069 2883 1108 2907 se
1125 2882 1255 2920 gerere
1273 2877 1313 2906 ut
1333 2868 1415 2918 ejus
1437 2868 1633 2917 integritas

179 2934 256 2973 fide
272 2935 423 2986 dignior
440 2948 553 2986 quam
570 2932 844 2986 jusjurandum
861 2945 946 2970 esse
967 2931 1154 2968 videatur.
1215 2928 1549 2974 Quemadmodum
1569 2927 1636 2964 im-
