1870 3277
437 168 512 205 DE
547 167 892 205 DICAEOGENIS
924 163 1283 201 HEREDITATE.
1508 162 1584 196 345

141 269 192 309 ad
209 269 309 307 hanc
327 269 482 307 habebit
501 269 801 314 excusationem,
814 274 856 305 ut
874 267 950 304 aiat
969 264 1244 314 Dicaeogenem
1264 262 1438 302 omnibus
1459 261 1588 299 nobis·
1614 265 1620 271 “

143 346 230 372 cum
257 332 377 384 pactis
403 340 441 371 et
470 333 663 384 stipulatis
691 330 933 375 satisfecisse,
955 327 1277 379 sponsionemque
1296 339 1319 363 a
1338 339 1377 363 se
1398 324 1585 376 [Leocha-

140 393 236 442 rete]
257 393 397 431 factam
428 394 634 445 praestitam
664 400 702 430 et
733 390 966 443 persolutam
990 401 1089 426 esse.
1147 387 1244 430 Quae
1264 399 1351 423 cum
1371 386 1458 432 aiet,
1480 397 1584 422 men-

141 455 254 492 tietur
274 455 464 506 facileque
482 455 568 493 falsi
588 454 845 492 convincetur.
890 449 1085 488 Recitabit
1103 448 1202 486 enim
1219 447 1342 485 scriba
1360 447 1466 484 vobis
1480 458 1585 495 quae-

142 529 291 566 cunque
323 516 580 566 Dicaeogenes
610 515 689 564 [ille
721 513 799 550 vita
828 511 1047 555 defunctus,
1078 507 1240 546 nominis
1275 506 1388 557 hujus
1418 506 1585 553 medius]

142 577 352 615 Menexeni
372 577 472 614 filius
500 577 538 614 in
564 574 776 612 hereditate
804 572 970 622 reliquit,
995 579 1032 609 et
1052 584 1164 621 quam
1194 567 1471 620 supellectilem
1500 569 1586 616 [seu

144 638 398 676 instrumenta
416 637 580 674 villatica
598 635 660 673 hic
679 635 812 672 tertius
834 634 1090 683 Dicaeogenes
1121 632 1191 670 sibi
1219 631 1358 669 tradita
1386 630 1422 666 in
1451 627 1586 674 fidem]

145 700 324 749 suscepit.
383 698 479 735 Haec
509 697 540 735 si
566 697 763 747 negabunt
783 695 1023 747 [adversarii]
1055 694 1327 743 Dicaeogenem
1355 688 1588 728 avunculum

144 767 318 798 nostrum
339 759 429 796 dum
450 758 577 797 adhuc
605 765 821 809 superesset
845 757 1077 808 possedisse,
1098 754 1284 804 nobisque
1307 753 1382 790 vita
1400 750 1590 789 deceden-

145 829 221 859 tem
241 833 307 871 per
327 826 595 859 testamentum
617 819 785 869 legasse,
805 817 962 869 planum
984 817 1021 854 id
1049 823 1163 866 atque
1194 821 1374 853 testatum
1395 813 1588 851 faciunto:

143 882 201 919 sin
220 888 347 920 autem
368 887 406 918 et
424 880 530 917 illum
548 881 656 918 istaec
675 879 871 930 quondam
891 878 1109 930 possedisse
1130 884 1168 914 et
1186 889 1254 914 nos
1274 874 1415 913 tradita
1439 873 1547 911 nobis
1569 885 1590 910 a

144 955 210 980 reo
223 942 429 980 abstulisse
444 942 561 988 aient,
574 942 726 993 prodito
746 941 783 978 in
803 946 1048 992 conspectum
1065 939 1173 977 testis
1185 939 1266 976 haec
1283 937 1592 975 confirmaturus.

148 1003 403 1055 Dicaeogenes
423 1002 525 1041 enim
545 1003 710 1054 [tertius‚
731 1016 800 1040 seu
819 1002 923 1051 reus]
940 1001 1045 1052 quod
1065 1001 1250 1051 receperit
1268 997 1495 1036 tradendam
1515 1009 1537 1033 a
1551 1008 1592 1033 se

148 1065 256 1109 nobis
272 1065 424 1103 bessem
438 1065 623 1103 bonorum
634 1078 657 1103 a
669 1064 903 1115 Dicaeogene
920 1061 1130 1100 Menexeni
1145 1061 1222 1098 filio
1237 1059 1429 1111 quondam
1446 1069 1595 1108 posses-

149 1139 291 1172 sorum,
310 1132 348 1164 et
366 1126 471 1176 quod
491 1126 706 1164 Leochares
725 1138 950 1177 sponsorem
967 1138 1008 1162 se
1023 1122 1203 1162 constitui
1219 1133 1356 1173 passus
1376 1120 1423 1157 sit
1438 1119 1485 1156 de
1500 1130 1598 1169 prae-

150 1187 299 1226 standis
319 1188 376 1225 his
397 1201 420 1225 a
437 1187 671 1238 Dicaeogene
693 1186 990 1238 compromissis‚
1010 1185 1048 1222 id
1068 1197 1138 1222 nos
1157 1184 1319 1222 testibus
1338 1179 1597 1232 producendis

151 1248 470 1286 confirmavimus.
533 1249 633 1286 Nam
662 1248 711 1286 de
741 1248 800 1286 his
829 1247 922 1299 ipsis
952 1247 991 1284 in
1014 1247 1100 1298 jure
1129 1244 1414 1288 contendimus,
1445 1249 1483 1279 et
1511 1241 1595 1278 haec

150 1310 314 1348 dicendo
336 1311 586 1362 jurejurando
616 1318 748 1348 mutuo
774 1309 1001 1361 recepimus,
1027 1308 1091 1346 ille
1123 1321 1163 1346 se
1192 1308 1398 1348 facturum,
1417 1316 1489 1341 nos
1515 1309 1598 1339 rata

150 1383 238 1408 esse
256 1370 451 1409 habituros
472 1372 593 1422 iisque
613 1371 871 1420 acquieturos.
928 1369 1067 1408 Recita
1085 1375 1127 1406 tu
1141 1367 1236 1405 illud
1250 1365 1539 1418 jusjurandum.

532 1466 916 1502 JURAMENTUM
947 1464 1208 1502 MUTUUM.

203 1543 240 1578 2.
270 1540 385 1583 Quod
415 1541 447 1578 si
469 1541 563 1592 jam,
587 1541 750 1590 judices,
768 1540 854 1580 haec
885 1541 1142 1592 Dicaeogenes
1175 1548 1290 1591 atque
1323 1539 1531 1578 Leochares
1561 1538 1598 1575 in

151 1603 373 1640 defensione
394 1603 452 1640 sui
470 1603 552 1640 sola
570 1609 699 1640 essent
713 1603 924 1649 tractaturi,
938 1603 1160 1641 sufficerent
1172 1603 1361 1640 hactenus
1375 1601 1476 1639 dicta
1490 1599 1601 1638 nobis

151 1677 300 1715 quoque
320 1677 444 1715 neque
457 1665 613 1702 verbum
631 1663 880 1702 adderemus:
901 1665 991 1714 quia
1003 1677 1092 1702 vero
1110 1664 1333 1715 paratisunt
1343 1662 1603 1700 narrationem

153 1725 202 1764 de
221 1725 432 1764 hereditate
450 1739 473 1764 a
492 1724 677 1777 principio
697 1724 784 1762 inde
805 1731 989 1776 repetere,
1009 1725 1144 1762 induxi
1164 1737 1237 1775 ego
1262 1736 1413 1775 quoque
1433 1722 1602 1760 animum

152 1792 275 1825 totam
292 1799 370 1825 rem
391 1794 435 1824 ut
454 1792 566 1838 gesta
583 1793 642 1824 est
662 1799 729 1824 vos
749 1786 900 1831 docere,
920 1799 997 1837 quo
1023 1787 1202 1824 certiores
1223 1785 1271 1822 de
1291 1784 1345 1822 rei
1365 1791 1482 1834 gestae
1503 1782 1600 1820 veri-

152 1855 234 1887 tate
247 1849 353 1896 facti‚
364 1862 442 1888 non
456 1855 584 1887 autem
598 1848 806 1886 mendaciis
821 1847 1083 1893 circumventi,
1094 1859 1144 1884 ex
1157 1845 1271 1884 animi
1287 1845 1399 1882 vestri
1415 1843 1604 1882 sententia

153 1911 383 1950 decernatis.
440 1912 656 1949 Menexeno
691 1922 761 1948 avo
791 1916 921 1951 nostro
946 1910 1026 1947 nati
1058 1915 1160 1955 sunt,
1190 1909 1289 1946 filius
1317 1906 1472 1957 quidem
1502 1918 1601 1942 unus

154 1972 411 2019 solummodo,
425 1973 695 2023 Dicaeogenes‚
708 1971 796 2008 filiae
812 1977 941 2009 autem
954 1977 1129 2021 quatuor,
1141 1982 1302 2020 quarum
1316 1981 1431 2006 unam
1447 1967 1604 2005 domum

155 2035 264 2073 duxit
293 2034 498 2086 Polyartus
523 2040 634 2085 pater
662 2045 788 2078 meus,
816 2032 930 2070 aliam
959 2030 1167 2070 Democles
1197 2029 1461 2075 Phrearrhius,
1490 2028 1603 2066 aliam

157 2095 370 2148 Ctesiphon
389 2095 642 2141 Paeaniensis,
661 2094 775 2133 aliam
794 2093 959 2145 denique
974 2093 1246 2144 Theopompus
1261 2092 1325 2143 qui
1345 2105 1429 2130 eam
1445 2097 1605 2128 matrem

158 2157 409 2208 Cephisodoti
428 2156 533 2195 fecit.
576 2157 598 2194 J
604 2169 664 2195 am
683 2156 940 2207 Dicaeogenes
960 2153 1128 2206 quidem,
1147 2167 1234 2193 cum
1254 2149 1275 2191 e
1296 2160 1408 2204 portu
1430 2152 1606 2190 solvisset

156 2221 196 2258 in
216 2219 395 2266 Parhalo,
415 2219 478 2257 cui
496 2231 585 2257 cum
602 2218 759 2269 imperio
778 2217 974 2256 trierarchi
994 2222 1169 2268 praeerat,
1190 2229 1366 2267 pugnans
1388 2214 1490 2267 apud
1512 2214 1605 2252 Cni-

159 2281 252 2318 dum
271 2280 467 2325 occubuit,
486 2279 593 2318 nulla
612 2279 720 2331 prole
740 2279 893 2317 relicta:
923 2278 1108 2316 defuncto
1126 2277 1201 2316 hoc
1231 2277 1480 2328 Dicaeogene‚
1500 2282 1607 2326 pater

161 2341 408 2393 Dicaeogenis
428 2341 570 2392 [istius‚
590 2354 678 2379 cum
697 2353 773 2391 quo
791 2340 1087 2379 controversiam
1106 2339 1209 2378 hanc
1236 2338 1442 2390 agitamus]
1463 2338 1605 2374 Proxe-

160 2416 232 2442 nus
252 2409 526 2441 testamentum
546 2402 717 2454 protulit,
736 2402 798 2440 cui
822 2401 935 2439 fidem
962 2401 1148 2440 habentes
1169 2407 1295 2452 patres
1311 2399 1438 2437 vnostri
1457 2398 1606 2436 heredi-

159 2471 277 2503 tatem
296 2470 509 2502 creverunt.
567 2464 618 2502 Et
638 2464 692 2502 sic
713 2463 838 2502 factus
866 2471 926 2501 est
943 2463 1005 2502 hic
1032 2463 1287 2513 Dicaeogenes
1308 2461 1360 2499 illi
1382 2459 1606 2510 Dicaeogeni

161 2526 374 2565 Menexeni
405 2525 498 2571 filio,
519 2525 710 2563 avunculo
740 2532 886 2572 nostro,
905 2525 1005 2563 filius
1035 2524 1236 2575 adoptivus
1266 2535 1313 2561 ea
1340 2522 1426 2572 lege
1453 2528 1495 2558 ut
1525 2519 1607 2558 sola

124 2581 299 2626 ss-'triente
317 2589 404 2638 [seu
425 2600 502 2625 una
528 2587 638 2625 tertia
659 2586 882 2625 hereditatis
909 2585 1034 2638 parte]
1062 2592 1265 2623 contentus
1292 2591 1415 2626 esset:
1444 2581 1607 2632 reliquo·

162 2660 245 2686 rum
265 2654 392 2686 autem
410 2654 555 2699 partem
576 2655 698 2687 ratam
717 2647 789 2687 sibi
815 2661 839 2687 a
861 2647 1059 2697 judicibus
1088 2644 1296 2697 adjudicari
1327 2643 1489 2682 curabat
1513 2655 1608 2680 una·

164 2721 328 2760 quaeque
349 2709 556 2748 Menexeni
583 2709 758 2748 filiarum.
817 2709 918 2747 Haec
937 2708 991 2746 ita
1008 2714 1051 2745 ut
1069 2707 1128 2746 aio
1149 2713 1237 2744 acta
1254 2705 1373 2744 fuisse
1390 2711 1505 2744 testes
1525 2703 1608 2742 edi-

165 2776 270 2814 cent‚
299 2770 363 2820 qui
395 2776 477 2808 tum
505 2784 591 2810 cum
621 2777 826 2823 agerentur
851 2769 1069 2815 interfuere,
1097 2781 1194 2819 quos
1226 2781 1299 2818 ego
1331 2774 1450 2805 testes
1479 2778 1609 2805 coram

167 2830 275 2868 vobis
303 2830 530 2880 producam.
600 2833 832 2885 Interposito
863 2831 992 2881 itaque
1023 2828 1274 2882 jurejurando
1302 2841 1388 2867 cum
1418 2827 1609 2867 cavissent

168 2904 246 2931 non
277 2893 548 2933 commissuros
579 2901 621 2934 ut
652 2901 766 2947 pacta
797 2898 986 2933 conventa
1016 2891 1262 2937 violarentur,
1293 2889 1466 2942 possedit
1492 2900 1609 2926 unus·

854 2956 877 2990 2
907 2967 931 2990 v
