1870 3277
540 143 610 180 DE
639 144 867 182 HAGNIAE
897 144 1259 184 HEREDITATE.
1543 150 1621 187 409

176 246 355 291 ratasque
386 242 469 279 vult
503 243 620 292 esse]‚
655 246 779 283 verbis
811 245 875 283 ille
906 245 1058 295 quidem
1091 254 1204 285 utens
1238 249 1472 289 brevioribus
1504 258 1619 302 atque

174 302 456 341 rotundioribus
489 318 603 355 quam
635 318 727 356 ego;
772 319 898 344 verum
929 306 984 351 id,
1019 307 1123 357 quod
1156 308 1258 354 dico,
1290 312 1422 349 voluit.
1493 313 1619 353 Puero

176 369 303 400 autem
325 363 413 402 huic
436 377 484 402 ex
507 365 642 403 horum
663 367 830 404 omnium
854 379 952 417 quos
978 371 1271 407 commemoravi
1299 372 1495 410 titulorum
1514 374 1620 413 nullo

177 430 235 461 est
254 437 340 461 cum
361 426 516 475 Hagnia
531 427 807 477 propinquitas,
825 427 892 464 sed
909 435 968 465 est
983 436 1089 466 extra
1105 430 1186 480 ejus
1202 432 1483 480 cognationem.
1531 435 1619 478 Quo

179 491 306 522 autem
327 488 466 524 certius
487 494 600 537 atque
620 488 799 538 liquidius
820 488 1044 539 intelligatis
1065 503 1149 528 eam
1169 504 1248 529 rem
1268 491 1316 529 de
1335 506 1414 542 qua
1430 494 1619 544 judicium

176 546 268 583 estis
289 547 413 593 laturi,
431 548 545 586 dicito
561 548 619 586 hie
640 549 896 598 [adversarius
918 551 1044 600 meus]
1063 552 1212 590 omissis
1229 554 1405 592 omnibus
1422 557 1618 594 verborum

174 608 402 658 ambagibus
421 609 616 659 quodnam
638 622 777 647 nomen
798 624 930 648 eorum
951 614 1118 651 omnium
1138 614 1334 651 nominum
1355 628 1441 665 quae
1460 629 1623 655 comme-

174 657 314 705 moravi
336 670 449 719 paulo
478 678 567 707 ante
594 669 680 707 huic
706 684 824 721 puero
850 674 1067 719 conveniat,
1094 687 1170 723 quo
1197 675 1507 725 deprehendatur
1531 691 1618 715 cum

175 729 372 774 defuncto,
394 730 497 767 unde
516 731 708 768 hereditas
729 732 901 782 profecta
918 741 990 778 est,
1008 735 1236 785 conjunctus
1253 737 1288 773 in
1308 738 1494 787 sanguine
1513 751 1617 777 esse:

173 790 277 839 quod
299 791 328 826 si
348 791 406 827 vel
425 804 472 828 ex
496 804 569 829 uno
595 792 775 842 quopiam
804 793 940 831 horum
968 795 1164 834 titulorum
1192 806 1374 848 appareat
1395 798 1618 838 defunctum

172 852 218 890 ab
238 851 312 888 hoc
331 865 449 901 puero
469 853 653 903 contingi,
674 854 810 892 lubens
832 869 904 906 ego
924 855 996 907 ipsi
1016 857 1065 895 de
1085 859 1244 896 semisse
1265 859 1485 899 hereditatis
1507 862 1620 902 dece-

171 913 271 952 dam.
323 913 392 951 Sin
411 920 538 951 autem
559 928 714 964 prorsus
736 916 881 953 nulium
904 917 1068 967 allegare
1088 920 1238 968 poterit,
1259 922 1369 972 ecqui
1390 935 1466 960 non
1487 930 1619 962 tenea-

169 981 231 1013 tur
249 974 448 1013 convictus
467 975 539 1012 hoc
560 976 637 1026 agi,
654 984 697 1014 ut
715 978 984 1016 commentitiis
998 980 1285 1019 causationibus
1298 996 1358 1021 me
1373 991 1487 1021 vexet
1504 991 1619 1034 atque

167 1037 349 1086 exagitet,
365 1048 432 1072 vos
452 1042 593 1081 autem,
609 1050 695 1087 quae
715 1044 774 1075 est
792 1052 813 1076 a
831 1039 980 1089 legibus
1002 1041 1207 1079 abhorrens
1234 1043 1407 1089 audacia,
1427 1045 1617 1095 decipiat?

167 1096 319 1137 Jubebo
340 1097 455 1148 igitur
474 1110 559 1135 eum
575 1098 647 1136 hoc
664 1099 702 1136 in
717 1100 879 1138 tribunal
896 1101 1132 1140 adscendere
1151 1111 1264 1154 atque
1282 1105 1336 1141 sic
1355 1105 1616 1156 interrogabo,

167 1158 331 1197 formula
359 1158 454 1208 legis
483 1166 571 1197 ante
599 1160 801 1210 praelecta:
838 1161 911 1199 hoc
936 1163 1036 1200 enim
1063 1171 1178 1213 pacto
1206 1165 1427 1215 intelligetis
1455 1168 1613 1217 optime,

168 1234 260 1259 num
280 1234 399 1272 puero
419 1221 507 1259 huic
534 1222 614 1259 ulla
639 1235 723 1272 pars
749 1222 970 1262 hereditatis
995 1226 1043 1262 ab
1065 1226 1219 1276 Hagnia
1246 1227 1388 1265 relictae
1409 1228 1486 1265 ullo
1505 1229 1616 1267 titulo

168 1289 376 1333 competat,
408 1295 478 1320 nec
509 1295 571 1320 ne.
629 1283 733 1333 Cape
764 1290 803 1321 tu
832 1284 962 1335 itaque
988 1285 1147 1336 [scriba]
1176 1287 1245 1325 has
1270 1288 1389 1339 leges,
1416 1302 1510 1339 quas
1539 1289 1615 1327 illis

166 1342 391 1394 [judicibus]
421 1343 628 1394 praelegas:
665 1352 706 1381 tu
732 1350 859 1382 autem
886 1347 968 1396 [qui
997 1347 1181 1385 adversus
1207 1362 1267 1386 me
1293 1350 1433 1398 certas]
1459 1350 1537 1388 huc
1566 1350 1616 1388 ad

165 1404 478 1454 respondendum
494 1404 583 1441 mihi
602 1404 814 1448 adscende;
845 1419 933 1443 nam
952 1407 1095 1458 linguae
1110 1409 1346 1448 volubilitate
1362 1411 1485 1461 polles
1501 1411 1620 1449 cavil-

165 1464 429 1516 lationumque
455 1473 572 1516 atque
597 1466 999 1506 conclusiuncularum
1025 1476 1175 1507 tuarum
1203 1469 1373 1509 ludibriis
1394 1473 1616 1523 perturbare

164 1534 279 1578 atque
299 1527 497 1578 perplexas
517 1526 675 1564 reddere
695 1535 843 1566 mentes
863 1528 1060 1567 hominum
1074 1530 1281 1581 legumque
1296 1532 1505 1584 depravare
1526 1547 1615 1572 sen-

165 1590 321 1627 tentiam
342 1589 457 1627 nosti.

802 1691 986 1730 LEGES.

170 1771 319 1810 Insiste.
379 1770 463 1820 Ego
483 1783 574 1808 vero
598 1777 634 1808 te
658 1770 727 1820 [mi
753 1769 962 1818 adversari]
987 1770 1244 1821 interrogabo.
1302 1772 1403 1810 Puer
1425 1773 1487 1812 hic
1506 1780 1613 1812 estne

165 1834 282 1872 frater
302 1831 493 1882 Hagniae'?
530 1844 578 1869 an
606 1837 667 1869 est
691 1844 711 1869 e
737 1830 852 1868 fratre
879 1830 1020 1898 nepos?
1057 1838 1125 1869 aut
1151 1844 1204 1869 ex¹
1226 1844 1354 1871 sorore
1375 1835 1517 1885 nepos?
1546 1840 1613 1873 aut

163 1893 415 1933 consobrinus
436 1893 515 1931 sive
534 1905 583 1931 ex
605 1898 713 1942 parte
729 1899 901 1930 materna
916 1892 993 1929 sive
1015 1905 1064 1929 ex
1085 1893 1267 1943 paterna?
1297 1894 1503 1937 Quodnam
1524 1896 1613 1935 huic

163 1968 301 1995 nomen
329 1968 446 1995 unum
470 1954 653 2004 competit
678 1966 808 1990 eorum
838 1952 1031 1990 nominum
1057 1954 1243 2001 omnium,
1267 1955 1405 2006 quibus
1435 1957 1495 1995 lex
1522 1971 1609 2009 pro-

161 2016 413 2068 pinquitatem
440 2014 634 2053 attribuit?
665 2013 794 2052 Nolim
815 2013 854 2051 id
875 2026 896 2051 a
917 2020 954 2051 te
981 2000 1072 2051 mihi
1099 2016 1298 2066 objectari,
1320 2030 1479 2067 puerum
1507 2017 1610 2057 hunc

165 2091 293 2118 meum
309 2090 396 2116 esse
416 2083 593 2128 nepotem
614 2090 633 2115 e
656 2089 797 2115 sorore.
842 2075 959 2113 Nunc
976 2078 1074 2113 enim
1095 2090 1171 2114 non
1190 2077 1239 2116 de
1256 2091 1343 2116 mea
1361 2080 1487 2130 agitur
1506 2080 1612 2119 here—

164 2139 296 2185 ditate,
316 2140 381 2189 qui
401 2138 629 2177 adhucdum:
644 2137 683 2175 in
703 2137 794 2174 vivjs
814 2150 1029 2187 supersum.
1088 2138 1152 2176 Sin
1179 2145 1306 2177 autem
1327 2153 1400 2190 ego
1421 2141 1611 2180 decessis-

163 2213 258 2246 sem,
290 2206 406 2251 atque
439 2200 501 2237 hie
535 2212 640 2250 puer,
673 2205 819 2248 partein
851 2198 1037 2236 bonorum
1070 2213 1241 2237 meorum
1274 2201 1311 2238 in
1338 2201 1426 2252 jure
1459 2210 1609 2253 petensss

162 2261 462 2312 interrogaretur
481 2262 587 2312 cujas
603 2267 718 2304 esset,
736 2266 814 2297 tum
831 2259 1051 2297 conveniret
1063 2273 1151 2298 eum
1172 2262 1403 2312 respondere
1424 2276 1463 2301 se
1483 2272 1609 2301 meum

162 2336 182 2362 e
209 2335 338 2362 sorore
367 2329 542 2373 nepotem
563 2334 662 2360 esse.
719 2321 810 2359 Jam-
828 2334 917 2358 vero
943 2321 997 2359 ais
1025 2335 1142 2373 puero
1168 2324 1361 2361 semissem
1386 2324 1609 2363 hereditatis

164 2384 330 2434 Hagniae
354 2390 591 2435 competere:
623 2383 726 2433 atqui
747 2382 819 2420 hoc
841 2383 945 2421 aiens
966 2383 1085 2421 debes
1105 2384 1274 2423 indicare
1300 2398 1376 2434 quo
1403 2386 1525 2435 gradu
1545 2399 1608 2424 co-

162 2445 355 2496 gnationis
370 2445 432 2483 hic
454 2445 561 2482 illum
580 2444 789 2494 conti-ngat.
845 2444 1012 2491 Nomen,
1031 2447 1179 2490 amabo,
1199 2446 1259 2483 his
1281 2446 1514 2496 [judicibus]
1527 2448 1606 2486 elo·

160 2519 289 2557 quere.

213 2569 252 2606 2.
283 2566 485 2617 Percipitis
513 2578 643 2604 vocem
674 2566 883 2605 adversarii
909 2579 994 2605 esse
1022 2566 1070 2604 de
1096 2567 1325 2618 cognatione
1353 2575 1513 2614 mutam,
1541 2571 1606 2620 qui

162 2629 237 2669 alia
254 2629 382 2667 omnia
400 2629 527 2679 potius
547 2628 753 2680 respondet
769 2642 883 2680 quam
905 2629 941 2666 id
959 2629 1061 2680 quod
1082 2629 1338 2681 interrogatur
1356 2637 1394 2668 et
1413 2632 1517 2681 quod
1536 2646 1604 2672 vos

161 2689 329 2730 docendi,
349 2689 454 2727 estis.
509 2689 626 2740 Atqui
655 2690 715 2728 cui
745 2704 865 2728 causa
890 2690 1000 2740 justa
1030 2697 1067 2727 et
1092 2703 1201 2741 aequa
1229 2699 1356 2742 coepta
1385 2700 1486 2738 sunt,
1516 2707 1604 2732 eum

161 2752 264 2790 haud
284 2752 461 2789 convenit
479 2751 667 2797 haesitare,
695 2753 765 2790 sed·
789 2753 914 2790 statim
943 2752 1023 2790 sine
1050 2754 1294 2791 cunctatione
1317 2755 1498 2806 expedite
1518 2770 1605 2808 pro·

159 2815 281 2866 loquir
294 2827 424 2864 nequo
440 2813 514 2856 boc
533 2815 786 2860 solummodo,
804 2814 870 2856 sed
891 2814 1003 2853 etiam
1022 2815 1269 2866 jurejurando
1286 2817 1472 2858 affirmare
1488 2833 1602 2871 gene-

160 2878 388 2926 risque-ane
406 2874 514 2913 editi-1·
523 2876 746 2916 testimonia
766 2882 962 2928 praestare,
988 2888 1065 2926 quo
1087 2878 1286 2916 certiorem
1307 2879 1347 2917 ei‘
1361 2879 1476 2918 fflem
1497 2881 1604 2919 adhi-

849 2938 868 2969 3
891 2948 916 2972 G
