1870 3277
235 168 313 203 430
820 163 1093 203 DINARCHI

236 267 357 306 civem
377 280 459 306 esse
474 269 602 319 jussit.
661 268 807 306 Harum
828 281 920 320 ergo
941 282 1063 307 rerum
1082 275 1198 306 testes
1220 269 1325 307 vobis
1347 276 1436 307 sunt
1450 270 1606 316 citandi,
1626 271 1679 308 uti

236 329 286 367 de
306 330 453 367 caeteris
473 342 569 380 quos
587 330 657 368 iste
685 330 855 380 hospites
876 337 915 368 et
928 330 1182 367 Athenienses
1199 342 1280 367 esse
1296 330 1435 380 jussit?
1480 331 1680 381 Nunquid,

236 389 331 441 proh
357 390 486 428 divum
516 391 643 436 fidem,
663 392 807 442 putatis
836 404 922 428 eum
949 392 1011 441 qui
1033 398 1192 441 argento
1220 391 1442 441 accipiendo
1471 391 1679 430 delectetur

237 451 318 489 auri
343 451 474 502 viginti
496 452 638 489 talenta
659 451 909 502 repudiasse?
937 460 1002 490 aut
1028 453 1174 490 minuta
1194 452 1422 490 munuscula
1441 460 1679 503 acceptasse,

235 519 382 550 tantam
399 514 572 564 pecuniae
588 514 660 550 vim
681 526 768 551 esse
789 514 1064 564 aspernatum?
1093 521 1159 551 aut
1175 514 1484 564 Areopagiticum
1505 521 1678 551 senatum

236 581 324 625 post
350 582 570 612 semestrem
600 575 880 625 inquisitionem
910 575 1062 612 nomina
1083 575 1355 612 Demosthenis
1382 582 1418 612 et
1438 575 1622 613 Demadis
1643 582 1681 613 et

241 636 567 687 Cephisophontis
589 649 658 687 per
678 636 849 685 injuriam
871 635 919 674 ad
940 649 1007 675 vos
1027 636 1234 674 detulisse?

294 699 330 735 8.
362 698 490 743 Multi,
512 698 677 749 judices,
707 698 815 736 multi
846 698 981 736 civium
1012 705 1050 735 et
1080 698 1238 736 aliorum
1268 697 1617 735 Graecorum—ut
1642 704 1681 735 et

238 759 343 811 prius
373 758 729 797 dixi—observant
758 772 823 796 vos
854 771 930 809 quo
961 766 1073 809 pacto
1105 759 1203 797 hanc
1236 771 1390 796 causam
1421 758 1680 808 disceptaturi,

239 827 356 872 atque
384 829 510 858 utrum
533 820 690 859 aliorum
717 821 831 859 etiam
857 820 1092 870 corruptelas
1119 821 1154 856 in
1179 819 1367 870 judicium
1387 819 1603 863 adducturi,
1633 832 1681 856 an

239 895 330 920 vero
361 882 440 919 sine
474 888 578 919 metu
611 881 824 932 accipiendi
853 894 1012 918 munera
1037 887 1170 918 contra
1200 894 1267 918 vos
1299 888 1524 930 potestatem
1559 881 1681 918 daturi

242 944 337 988 sitis,
351 956 398 980 an
418 955 463 980 ea
481 956 567 992 quae
588 943 691 992 prius
709 943 814 979 firma
828 948 864 979 et
885 949 967 980 rata
982 943 1212 992 putabantur
1227 955 1326 979 nunc
1341 943 1387 979 ob
1412 941 1682 979 Demosthenis

240 1005 339 1042 hanc
358 1016 486 1041 causae
505 1003 708 1040 dictionem
727 1003 993 1041 auctoritatem
1013 1016 1163 1040 omnem
1185 1003 1260 1040 sint
1280 1004 1476 1048 amissura,
1498 1015 1611 1053 quem
1633 1003 1682 1040 ob

242 1065 336 1103 alias
369 1064 719 1102 administrationes
756 1076 844 1102 suas
882 1064 1041 1115 periisse
1073 1065 1284 1114 oportebat,
1320 1064 1386 1114 qui
1422 1071 1536 1115 caput
1571 1077 1682 1102 suum

242 1127 418 1164 omnibus
455 1126 779 1163 exsecrationibus
811 1138 897 1176 quae
928 1126 964 1163 in
992 1126 1083 1162 urbe
1109 1126 1221 1163 factae
1248 1132 1338 1163 sunt
1369 1125 1582 1169 obstrinxit,
1618 1125 1683 1176 qui

242 1187 440 1225 Furiarum
456 1199 597 1225 numen
613 1193 911 1236 caeterorumque
929 1187 1087 1224 deorum
1104 1199 1200 1237 quos
1223 1188 1261 1225 in
1278 1188 1481 1238 Areopago
1501 1187 1683 1225 obtestari

241 1248 356 1286 moris
375 1255 431 1286 est
450 1248 611 1299 perjurio
626 1248 792 1294 violavit,
808 1248 874 1298 qui
891 1248 1052 1298 singulis
1066 1249 1314 1286 concionibus
1331 1248 1420 1286 diris
1436 1256 1494 1287 est
1509 1248 1684 1295 devotus,

243 1312 308 1362 qui
332 1322 490 1348 munera
508 1310 656 1361 cepisse
680 1316 814 1347 contra
839 1310 1108 1360 rempublicam
1129 1318 1189 1348 est
1214 1317 1447 1361 compertus,
1465 1310 1529 1361 qui
1550 1318 1588 1348 et
1615 1324 1684 1361 po-

241 1373 332 1424 pulo
352 1379 391 1410 et
416 1372 565 1409 senatui
584 1372 700 1409 verba
726 1371 832 1409 dedit
849 1379 984 1409 contra
1012 1372 1311 1409 exsecrationem
1334 1385 1419 1409 cum
1441 1371 1516 1410 alia
1545 1373 1685 1410 sentiat

241 1433 316 1472 alia
334 1432 449 1478 dicat,
475 1432 539 1483 qui
559 1432 733 1482 privatim
753 1431 975 1469 Aristarcho
994 1433 1138 1470 atrocia
1156 1439 1195 1470 et
1211 1433 1403 1471 contraria
1429 1433 1575 1484 legibus
1596 1447 1685 1472 con-

243 1495 328 1533 silia
357 1493 477 1540 dedit,
498 1506 565 1544 pro
588 1493 724 1543 quibus
741 1515 791 1521 -—
806 1492 836 1530 si
858 1505 934 1543 qua
953 1501 1012 1530 est
1031 1493 1138 1544 justa
1155 1493 1195 1530 in
1222 1494 1391 1544 perjuros
1420 1501 1459 1532 et
1477 1493 1683 1533 sceleratos

243 1555 423 1600 vindicta,
444 1554 542 1592 sicut
572 1560 840 1604 est—poenas
866 1553 936 1592 iste
962 1554 1069 1592 dabit
1097 1567 1241 1605 easque
1261 1554 1333 1593 hoc
1359 1549 1441 1606 ipso
1460 1555 1538 1594 die.
1599 1557 1683 1594 Au-

242 1617 332 1663 dite,
348 1616 512 1668 judices,
528 1616 842 1653 exsecrationem.

781 1718 1137 1757 EXSECRATIO.

242 1802 385 1839 Tamen
406 1800 688 1839 Demosthenes
707 1799 757 1838 ad
776 1799 1038 1838 mentiendum
1064 1806 1102 1838 et
1130 1799 1404 1839 absurdissima
1434 1813 1597 1852 quaeque
1626 1801 1684 1839 di—

243 1862 368 1900 cenda
402 1862 454 1900 ita
484 1869 636 1913 paratus
664 1868 736 1906 est,
770 1862 866 1899 adeo
900 1861 1065 1899 frontem
1093 1861 1288 1912 perfricuit
1315 1875 1385 1900 nec
1414 1863 1683 1900 demonstratae

244 1924 411 1962 veritatis
427 1936 500 1961 nec
519 1922 787 1961 exsecrationis
808 1922 922 1961 ullius
939 1923 1123 1960 rationem
1142 1923 1303 1969 habens,
1323 1931 1365 1961 ut
1385 1924 1432 1962 de
1452 1937 1511 1962 me
1531 1937 1684 1974 quoque

243 1985 369 2024 dicere
400 1998 478 2023 non
508 1985 699 2022 dubitabit
730 1991 773 2023 ut
799 1984 925 2030 audio,
955 1998 1015 2022 me
1041 1997 1194 2035 quoque
1227 1985 1332 2035 prius
1366 1986 1413 2023 ab
1440 1986 1513 2024 hoc
1546 1993 1684 2023 senatu

243 2047 560 2090 condemnatun13
591 2059 745 2097 remque
765 2046 890 2084 facere
910 2045 1077 2083 omnium
1098 2045 1424 2093 absurdissimam,
1444 2053 1487 2084 ut
1511 2046 1592 2097 ipse
1620 2046 1685 2093 ait,

242 2108 307 2159 qui
327 2109 430 2159 prius
448 2115 579 2146 contra
600 2114 757 2146 senatus
778 2108 890 2156 hujus
908 2108 1091 2146 indicium
1109 2121 1265 2146 causam
1287 2107 1458 2153 dixerim,
1480 2122 1581 2146 nunc
1596 2121 1684 2146 vero

243 2170 278 2207 ei
296 2169 521 2220 patrociner‚
540 2182 656 2219 seque
677 2182 854 2207 accusem
874 2169 922 2206 de
941 2168 1044 2206 facto
1070 2167 1142 2206 isto
1162 2167 1324 2205 indicio:
1353 2168 1391 2206 in
1417 2181 1493 2219 quo
1517 2168 1579 2205 ille
1605 2182 1682 2206 rem

244 2243 320 2269 non
342 2231 480 2268 factam
504 2230 721 2274 concinnat,
742 2237 781 2267 et
799 2230 901 2280 apud
921 2229 1112 2280 quosdam
1128 2229 1276 2266 mentiri
1296 2229 1424 2266 audet.
1484 2229 1535 2266 Ut
1555 2229 1684 2279 igitur,

242 2294 308 2331 ubi
320 2305 360 2330 se
373 2294 420 2330 ad
433 2293 543 2330 istam
556 2292 762 2329 orationem
779 2292 1019 2336 converterit,
1032 2303 1107 2328 non
1122 2291 1328 2341 patiamini,
1347 2290 1415 2328 sed
1431 2297 1535 2328 certo
1555 2291 1684 2329 sciatis
1722 2306 1725 2309 ·

244 2361 421 2392 senatum
441 2367 566 2391 meum
586 2365 725 2391 nomen
741 2365 818 2390 non
834 2352 1021 2390 detulisse
1036 2365 1160 2402 neque
1176 2351 1394 2390 delaturum
1407 2352 1539 2397 fuisse,
1557 2351 1622 2390 sed
1637 2352 1684 2390 ab

243 2429 321 2454 uno
340 2416 494 2453 homine
514 2414 684 2465 improbo
702 2420 741 2450 et
761 2412 864 2463 apud
884 2425 951 2450 vos
971 2426 1087 2463 poena
1115 2412 1254 2451 affecto
1281 2413 1453 2461 injuriam
1479 2413 1568 2451 mihi
1598 2426 1682 2451 esse

244 2478 399 2522 factam,
415 2477 546 2529 paucis
560 2489 620 2514 me
636 2475 782 2517 audite:
812 2481 898 2525 post
915 2474 1051 2511 iterum
1070 2474 1182 2511 istum
1199 2474 1412 2525 aggrediar.

297 2541 334 2577 9.
366 2539 533 2577 Necesse
558 2537 674 2575 habet
703 2536 868 2574 Senatus
894 2535 1187 2585 Areopagiticus
1212 2536 1363 2572 duobus
1393 2533 1532 2572 indicia
1557 2535 1685 2572 omnia

242 2601 380 2639 referre
399 2600 537 2638 modis.
594 2599 743 2642 Quibus
761 2596 868 2635 istis?
898 2596 957 2634 vel
977 2603 1113 2647 suopte
1135 2597 1292 2633 consilio
1310 2596 1412 2633 facta
1426 2594 1684 2644 inquisitione,

243 2661 302 2698 vel
321 2675 370 2699 ex
390 2661 570 2699 mandato
595 2659 739 2710 populi.
795 2658 939 2696 Praeter
958 2657 1029 2696 hos
1048 2656 1176 2695 nullus
1197 2657 1292 2694 alius
1313 2663 1384 2693 est.
1441 2655 1556 2699 Quod
1577 2656 1607 2693 si
1626 2663 1681 2702 tu,

245 2722 390 2760 nefaria
409 2722 547 2767 bellua,
567 2721 679 2768 dicis,
694 2720 838 2771 populo
860 2718 1064 2757 mandante
1080 2718 1265 2756 Senatum
1286 2717 1489 2766 inquisisse
1510 2729 1554 2754 ac
1575 2717 1684 2754 detu-

243 2783 334 2820 lisse
352 2796 490 2820 nomen
508 2796 647 2829 meum,
661 2781 854 2819 ostendito
875 2780 1129 2832 plebiscitum,
1143 2785 1182 2816 et
1195 2778 1259 2830 qui
1274 2779 1346 2816 mei
1364 2778 1505 2816 fuerint.
1524 2790 1682 2816 accusa-

243 2852 342 2882 tores
370 2844 562 2883 delatione
589 2844 706 2889 facta,
735 2841 1060 2894 quemadmodum
1089 2853 1189 2879 nunc
1218 2847 1420 2890 utrumque
1440 2840 1584 2877 factum
1612 2847 1682 2885 est,

242 2913 323 2944 tum
341 2905 535 2944 decretum
553 2919 629 2956 quo
648 2905 842 2955 inquisivit
862 2905 1040 2950 Senatus,
1062 2910 1141 2942 tum
1158 2909 1403 2942 accusatores
1420 2901 1558 2941 delecti
1573 2915 1595 2940 a
1611 2915 1680 2953 po·
