1870 3277
618 169 690 206 DE
723 170 1167 207 PERMUTATIONE.
1550 169 1623 206 ‘217

179 269 457 307 recensebis
489 270 635 309 factis
668 285 822 310 eorum
850 271 985 309 nullo
1013 271 1151 308 modo
1178 278 1520 316 consentanea,
1541 272 1622 309 sed

177 332 338 382 qualia
369 333 493 383 apud
528 347 593 371 me
629 333 836 371 recitas?
893 334 1127 371 Ostendis
1162 334 1340 384 quippe
1372 342 1418 371 et
1452 334 1623 371 oratio-

176 406 256 430 nes
288 408 404 444 quas
442 397 686 447 scripsisti
715 410 804 433 non
837 396 1202 446 vituperatione
1232 397 1315 433 sed
1350 398 1508 446 gratia
1541 410 1618 434 ma-

175 454 295 492 xima
321 469 425 494 esse
446 456 904 507 dignas‚eorumque
932 456 1012 506 qui
1040 465 1119 494 tua
1147 456 1485 494 familiaritate
1510 465 1620 494 sunt

176 518 249 556 usi
280 519 400 557 alios
430 521 615 572 quidem
646 520 827 557 nullius
849 520 919 557 vel
949 520 1138 571 injuriae
1165 520 1239 557 vel
1274 521 1464 570 peccati
1500 534 1619 566 reos,

177 579 300 617 alios
323 595 432 619 vero
459 589 653 632 propter
672 581 891 618 virtutem
913 595 934 618 a
954 581 1159 619 civitate
1180 589 1460 624 coronatos;
1494 588 1619 618 tuam

175 654 314 691 porro
335 643 477 681 vitam
498 642 832 692 quotidianam
855 643 920 679 ita
947 642 1209 680 modestam
1233 655 1284 680 ac
1307 643 1618 693 compositam

175 703 364 751 qualem
390 703 514 740 haud
543 703 644 741 scio
676 717 731 741 an
765 703 889 741 alius
917 704 1161 753 quisquam
1190 717 1209 741 e
1236 704 1424 741 civibus
1455 704 1620 754 degat:

174 770 406 813 praeterea
447 777 598 814 neque
637 764 781 802 litem.
806 771 849 802 te
889 765 1036 802 alicui
1071 765 1302 802 intulisse
1338 777 1486 815 neque
1518 778 1620 815 pas-

173 838 268 862 sum
297 839 401 863 esse
431 833 635 877 excepta
659 826 745 863 hac
772 826 828 864 de
858 827 1228 876 permutatione,
1248 839 1402 877 neque
1428 826 1539 864 aliis
1564 827 1619 864 ad

174 887 219 925 id
247 889 400 927 fuisse
428 896 685 939 patronum
712 902 865 939 neque
895 889 1220 926 testimonium
1252 888 1620 938 dixisse,neque

175 949 306 987 aliud
344 950 538 1000 quidvis
574 963 732 988 eorum
771 950 963 995 fecisse,
998 950 1044 988 in
1081 950 1256 1000 quibus
1294 950 1423 988 cives
1462 963 1620 988 omnes

176 1018 446 1049 versantur.
521 1011 700 1048 Praeter
742 1010 841 1049 haec
885 1018 976 1048 tam
1018 1012 1088 1048 tui
1130 1010 1324 1062 propria
1363 1018 1410 1048 et
1449 1011 1621 1048 eximia

175 1071 299 1109 illud
335 1085 525 1123 quoque
565 1071 701 1117 dicis,
737 1078 780 1110 te
814 1086 836 1109 a
876 1072 1247 1123 magistratibus
1290 1079 1337 1109 et
1370 1085 1472 1122 quae
1508 1072 1618 1110 hinc

173 1132 394 1171 oriuntur
419 1133 759 1171 emolumentis
787 1141 932 1184 atque
961 1134 1014 1171 ab
1035 1133 1376 1185 omnipublica
1406 1147 1451 1171 re
1473 1133 1621 1171 absti-

175 1194 361 1242 nuisse;
405 1195 531 1233 inter
561 1194 693 1232 mille
730 1202 775 1232 et
812 1195 1051 1233 ducentos
1085 1201 1242 1233 autern
1277 1195 1355 1245 qui
1384 1196 1616 1233 tributum

175 1255 383 1294 militare
422 1256 684 1294 conferunt
721 1263 767 1293 et
804 1270 999 1294 munera
1037 1258 1217 1295 obeunt
1253 1270 1343 1294 non
1383 1264 1425 1294 te
1465 1257 1617 1307 ipsum

175 1317 326 1354 solum
357 1317 602 1362 exhibere,
628 1317 711 1354 sed
741 1317 883 1354 etiam
916 1317 1085 1362 filium,
1107 1324 1275 1367 terque
1302 1317 1396 1368 jam
1426 1318 1619 1355 trierar-

174 1377 280 1416 chia
313 1378 466 1415 functi
494 1378 825 1422 estis,caetera
846 1391 958 1416 vero
988 1378 1260 1416 ministeria
1290 1379 1618 1429 sumptuosius

173 1439 403 1488 gessistis
435 1446 481 1476 et
514 1438 726 1489 pulcrius
755 1452 889 1489 quam
916 1439 1051 1490 leges
1076 1438 1261 1490 jubent.
1333 1439 1442 1476 Haec
1473 1440 1508 1477 si
1544 1453 1618 1477 au-

174 1500 310 1538 diant
338 1500 368 1538 ii
399 1501 477 1551 qui
510 1500 580 1538 his
609 1501 860 1538 contraria
887 1501 1123 1546 fecerunt,
1145 1514 1299 1539 nonne
1325 1514 1496 1538 censes
1523 1515 1620 1552 gra-

175 1562 299 1600 viter
332 1562 517 1600 laturos
548 1569 592 1600 et
627 1575 758 1600 suain
790 1563 934 1600 vitam
969 1575 1059 1600 non
1092 1575 1205 1600 sane
1242 1562 1434 1613 probam
1467 1575 1618 1613 repre-

175 1623 319 1661 hendi
352 1623 634 1674 putaturos?
693 1623 808 1661 Nam
843 1625 879 1661 si
913 1631 1172 1662 cernerent
1202 1632 1248 1661 te
1278 1637 1401 1674 aegre
1433 1631 1478 1662 et
1517 1637 1617 1662 cum

174 1685 473 1723 incommodo
517 1685 729 1735 publicis
775 1685 1053 1722 muneribus
1098 1692 1143 1722 et
1183 1685 1380 1735 reliquae
1425 1685 1619 1722 admini-

175 1746 405 1784 strationi
447 1747 562 1797 reip.
596 1747 687 1785 haec
725 1747 1058 1797 suppeditare,
1097 1759 1187 1783 non
1224 1746 1312 1784 hoc
1354 1745 1456 1784 illis
1501 1745 1619 1784 adeo

173 1821 295 1846 curae
329 1815 482 1846 esset:
523 1821 644 1845 nunc
678 1816 832 1845 autem
873 1815 1042 1858 putant
1077 1807 1226 1845 multo
1260 1807 1467 1858 majores
1506 1821 1619 1858 opes

176 1876 220 1907 te
246 1870 300 1908 ab
329 1869 576 1908 extraneis
605 1870 855 1920 accepisse
888 1883 1023 1920 quain
1051 1869 1338 1915 contuleris,
1360 1876 1504 1920 teque
1533 1869 1619 1907 oti-

175 1931 307 1969 osius
334 1932 492 1969 vivere
522 1931 836 1968 creduntnon
863 1931 1057 1973 caeteris
1085 1932 1250 1977 solum,
1281 1931 1365 1968 sed
1392 1932 1508 1969 etiis
1539 1933 1618 1982 qui

176 1992 500 2044 philosophia:
539 1999 584 2029 et
616 1991 784 2030 iisdem
818 2005 869 2031 ac
898 2000 946 2030 tu
979 1993 1159 2030 studiis
1194 2000 1381 2031 vacant.
1441 1993 1621 2032 Vident

176 2055 298 2093 enim
328 2054 558 2106 plurimos
593 2066 764 2099 eorum,
796 2054 851 2091 iis
886 2055 1105 2105 exceptis
1139 2054 1216 2104 qui
1251 2061 1380 2092 tuum
1409 2055 1515 2092 vitae
1547 2069 1619 2106 ge«

175 2130 261 2154 nus
294 2116 671 2166 institutumque
701 2122 1046 2167 praeoptarunt,
1078 2115 1122 2152 in
1153 2115 1366 2166 publicis
1395 2117 1617 2168 etpriva-

174 2179 235 2217 tis
273 2178 596 2222 conventibus
630 2177 981 2215 ostentationis
1015 2190 1162 2215 causa
1197 2177 1372 2222 dicere,
1406 2177 1530 2216 inter
1571 2192 1619 2217 se

175 2247 362 2279 certare
409 2239 654 2284 acerrime,
699 2239 940 2289 polliceri,
981 2239 1292 2283 contendere,
1340 2239 1618 2287 conviciari,

175 2302 297 2340 nihil
331 2302 385 2340 ab
419 2300 652 2351 improbis
683 2301 899 2346 differre,
931 2300 1015 2338 sed
1049 2307 1209 2338 mutuo
1245 2301 1338 2339 sibi
1372 2301 1618 2351 negotium

175 2364 442 2406 facessere;
473 2362 788 2400 audientibus
810 2375 921 2400 vero
941 2368 1235 2413 potestatem
1258 2362 1484 2407 tribuere,
1507 2362 1617 2400 aliis

175 2425 364 2476 quidem
399 2423 530 2462 dicta
556 2423 940 2468 irridendi,aliis
973 2423 1459 2474 laudandi,plurimis
1491 2437 1617 2462 aver-

177 2487 330 2532 sandi,
364 2485 476 2523 aliis
507 2492 647 2535 prout
679 2485 923 2523 voluerint
957 2485 1011 2523 de
1049 2498 1097 2522 se
1129 2484 1394 2527 sentiendi:
1433 2491 1477 2521 te
1507 2497 1618 2523 vero

173 2550 297 2588 ,nihil
327 2549 502 2587 habere
535 2561 636 2585 cuin
668 2547 739 2585 his
770 2561 1032 2591 commune,
1055 2547 1136 2584 sed
1163 2554 1257 2585 tuni
1289 2546 1618 2596 sophistarum

178 2619 270 2651 tum
313 2610 587 2655 idiotarum,
622 2617 715 2646 tum
760 2609 927 2647 ditium
974 2616 1067 2647 tum
1103 2620 1375 2659 pauperum,
1408 2607 1617 2646 dissimi-

176 2674 267 2713 lem
299 2673 471 2711 vivere.
544 2672 672 2713 Quas
713 2671 768 2709 ob
802 2684 874 2709 res
908 2677 955 2708 te
993 2670 1205 2707 fortasse
1243 2667 1511 2707 laudabunt
1538 2671 1618 2720 qui

180 2734 365 2773 ratione
396 2733 465 2771 uti
503 2738 711 2784 possunt
748 2740 793 2770 et
826 2731 1013 2782 aliquid
1049 2730 1258 2781 sapiunt,
1288 2730 1365 2780 qui
1395 2743 1505 2768 vero
1545 2731 1618 2769 de-

177 2797 355 2833 teriore
387 2794 670 2833 conditione
699 2800 810 2831 sunt
842 2792 1091 2843 magisque
1121 2791 1323 2829 aliorum
1354 2791 1617 2830 virtutibus

179 2868 316 2908 quam
344 2856 442 2894 suis
475 2855 679 2894 miseriis
709 2855 818 2906 angi
848 2854 1022 2898 solent,
1054 2851 1163 2891 fieri
1195 2865 1286 2891 non
1318 2859 1482 2904 potest
1508 2866 1617 2904 quo-

177 2918 333 2960 minus
372 2916 459 2954 tibi
499 2916 869 2954 subirascantur
907 2927 1128 2965 aegroque
1167 2914 1323 2952 auimo
1364 2914 1406 2952 id
1448 2914 1617 2953 ferant.

867 2978 887 3011 ‘2
914 2988 935 3013 F
