1870 3277
284 164 358 199 ‘256
866 165 1145 203 tSOCRATls

284 278 368 301 cum
400 265 448 302 dc
480 266 647 316 pecuniis
677 266 811 303 refert:
849 268 878 303 is
905 267 950 303 ad
984 268 1151 317 collegas
1184 269 1337 304 istorum
1372 277 1570 318 utrumque
1599 268 1717 305 ducit.

282 327 357 370 Qui
377 341 494 377 quum
514 335 669 366 senatus
691 328 906 365 auctoritati
928 342 1004 366 rem
1026 329 1295 380 permisissent,
1312 329 1570 379 factojudicio
1590 328 1719 366 ‹lecre-

283 396 361 425 tum
382 395 440 426 est
460 389 661 439 pecuniam
688 388 788 425 illam
809 402 891 427 esse
912 391 1117 441 publicam.
1175 390 1283 436 Post,
1305 403 1421 441 quum
1443 391 1593 428 exsules
1614 404 1633 428 e
1656 391 1718 427 Pi-

282 462 382 487 raeeo
412 449 626 495 rediissent,
647 450 693 488 de
721 450 894 488 Patrocle
921 453 1147 502 querebatur
1176 465 1338 502 eumque
1364 453 1572 489 accusabat
1591 459 1632 489 ut
1651 464 1717 489 au-

281 518 423 548 ctorem
444 511 544 549 illius
562 511 811 549 calamitatis:
843 524 881 549 re
896 525 984 550 vero
1005 526 1090 550 cum
1112 513 1174 549 illo
1193 519 1395 558 transacta,
1412 520 1446 549 et
1462 512 1593 550 decem
1609 511 1718 549 minis

281 572 450 616 extortis,
473 571 736 622 Lysimachum
763 571 1056 610 criminabatur:
1088 574 1334 624 acceptisque
1364 574 1410 611 ab
1437 586 1481 610 eo
1507 574 1618 610 etiam
1648 572 1718 609 du-

281 633 399 670 centis
429 633 632 678 drachmis,
664 633 753 670 mihi
778 634 972 684 negotium
1002 635 1226 672 facessebat.
1295 635 1348 672 Ac
1379 635 1538 685 primum
1566 634 1719 684 quidem

282 693 374 731 illud
402 693 578 732 afferebat
606 707 666 732 me
691 695 900 743 adJutorem
929 696 1003 734 illis
1033 696 1167 740 fuisse,
1197 696 1350 734 tandem
1380 707 1505 734 autem
1537 696 1588 733 ita
1618 696 1719 733 fron-

280 762 355 792 tem
381 756 624 806 perfricabat,
649 763 690 793 ut
721 770 873 795 ornnem
903 757 1054 808 culpam
1084 757 1120 794 in
1151 771 1210 796 me
1239 771 1356 795 unum
1386 758 1596 796 conferret:
1632 771 1719 807 quae

280 815 451 854 fortassis
471 816 583 854 etiam
613 829 716 855 nunc
743 817 877 856 afferre
898 819 1066 856 audebit.
1127 819 1210 869 Ego
1232 832 1318 856 vero
1338 826 1456 857 testes
1478 819 1523 857 ad
1546 832 1611 856 vos
1631 832 1719 870 pro-

281 879 432 926 ducam,
453 893 518 917 eos
538 881 699 931 primum
718 881 783 930 qui
803 882 850 919 ab
871 881 976 919 initio
1004 881 1269 926 interfuerunt,
1289 882 1344 919 uti
1370 888 1522 920 constet
1547 895 1606 919 me
1632 895 1718 919 eum

281 953 351 978 nec
372 941 668 992 apprehendisse
688 955 811 993 neque
830 944 1028 993 pecuniam
1050 944 1238 995 attigisse,
1251 945 1390 983 deinde
1406 945 1576 996 collegas
1592 946 1718 991 etiam,

280 1002 344 1051 qui
371 1003 497 1039 sciunt
523 1001 739 1040 Patroclem
767 1016 844 1041 non
867 1017 927 1042 me
954 1018 1032 1043 rem
1059 1005 1106 1042 ad
1133 1006 1236 1056 ipsos
1265 1006 1454 1052 retulisse,
1474 1015 1586 1057 atque
1605 1007 1718 1044 etiam

280 1069 488 1108 senatores,
514 1076 534 1100 e
564 1076 723 1115 quorum
759 1064 986 1103 testimoniis
1016 1066 1258 1117 cognoscetis
1288 1067 1393 1105 illum
1421 1067 1537 1107 fuisse
1562 1081 1719 1106 accusa—

279 1130 411 1163 torem.
468 1125 566 1176 Age,
587 1139 682 1164 voca
701 1139 825 1165 rerum
846 1127 980 1166 harum
995 1135 1124 1167 testes,

894 1262 1101 1300 TESTES.

340 1358 378 1392 4.
408 1355 536 1399 Quum
565 1356 681 1406 igitur
713 1363 790 1393 tam
822 1355 929 1394 multi
964 1356 1058 1394 actis
1092 1356 1165 1394 illis
1198 1356 1448 1400 interfuerint,
1477 1364 1601 1395 tamen
1631 1357 1715 1403 iste,

277 1417 434 1468 perinde
454 1430 498 1455 ac
518 1417 549 1454 si
567 1430 679 1455 nemo
698 1424 800 1455 esset
826 1417 1021 1462 conscius,
1046 1424 1126 1455 tum
1153 1418 1234 1469 ipse
1262 1418 1298 1455 in
1325 1418 1487 1456 circulos
1508 1432 1588 1456 sese
1608 1420 1714 1469 inge—

278 1491 364 1517 rens
383 1486 422 1516 et
440 1478 474 1515 in
497 1478 654 1516 officinis
676 1478 814 1516 sedens
830 1480 944 1516 verba
962 1479 1127 1517 faciebat
1144 1485 1187 1516 ut
1205 1479 1268 1530 qui
1287 1480 1447 1529 pessime
1464 1492 1485 1517 a
1503 1493 1560 1517 me
1575 1487 1715 1518 tracta-

278 1549 340 1577 tus
361 1540 608 1591 pecuniisque
629 1539 813 1590 spoliatus
831 1547 944 1585 esset,
960 1547 1041 1578 tum
1061 1543 1141 1588 ejus
1161 1540 1365 1579 familiares
1386 1541 1539 1591 quidam
1556 1554 1615 1579 me
1631 1554 1717 1579 con—

276 1602 480 1640 veniebant
513 1601 719 1639 suadentes
745 1608 787 1638 ut
809 1614 896 1638 cum
921 1614 966 1638 eo
991 1602 1287 1639 controversiam
1318 1602 1420 1639 illam
1452 1602 1714 1652 transigerem,

277 1676 349 1701 nec
373 1663 472 1701 male
495 1662 625 1700 audire
651 1662 786 1699 vellem
817 1669 883 1700 aut
907 1663 944 1700 in
973 1676 1122 1714 magnae
1146 1663 1317 1714 pecuniae
1342 1663 1548 1714 periculum
1575 1663 1716 1709 venire,

277 1724 425 1762 etiarnsi
441 1724 530 1762 mihi
547 1724 728 1775 optimam
742 1723 881 1762 habere
896 1737 1049 1762 causam
1065 1725 1234 1770 viderer;
1262 1725 1380 1763 multa
1395 1725 1494 1763 enim
1511 1725 1547 1762 in
1559 1725 1714 1776 judiciis

277 1792 413 1836 praeter
436 1785 652 1836 opinionem
673 1785 834 1830 evenire,
854 1793 892 1823 et
911 1787 1012 1835 apud
1031 1799 1100 1823 vos
1124 1786 1160 1823 in
1188 1786 1353 1824 ferendis
1377 1786 1565 1837 suffragiis
1584 1800 1714 1824 casum

277 1847 403 1899 potius
432 1859 545 1897 quam
579 1846 800 1896 aequitatem
830 1846 1030 1891 dominari,
1061 1860 1179 1897 quare
1212 1847 1339 1885 utilius
1371 1855 1409 1886 et
1435 1847 1714 1886 conducibilius

277 1923 360 1948 esse
380 1909 470 1947 mihi
489 1923 604 1961 parvo
624 1917 779 1960 sumptu
803 1909 950 1961 magnis
975 1909 1190 1947 criminibus
1216 1909 1365 1947 liberari
1391 1922 1504 1960 quam
1525 1909 1630 1947 nulla
1647 1922 1714 1961 pe-

276 1972 390 2009 cunia
416 1978 614 2008 numerata
641 1977 788 2008 tantum
820 1970 1028 2021 periculum
1058 1970 1195 2008 subire.
1252 1970 1354 2014 Quid
1374 1971 1477 2008 vobis
1510 1984 1555 2008 ea
1582 1971 1713 2021 singu-

276 2034 381 2071 latim
399 2045 705 2078 commemorem,
725 2045 811 2084 quae
831 2045 853 2070 a
872 2045 933 2070 me
952 2032 1132 2083 pleraque
1156 2031 1413 2083 praetermissa
1432 2032 1479 2069 de
1497 2031 1713 2082 hujusmodi

278 2094 441 2144 negotiis
458 2093 534 2132 dici
553 2093 703 2132 solent?
743 2093 912 2132 Tandem
929 2093 1043 2144 igitur
1062 2094 1170 2144 parui
1183 2107 1333 2132 —nam
1351 2107 1500 2133 omnem
1519 2094 1713 2132 veritatem

278 2155 386 2193 vobis
406 2155 531 2192 dicam
545 2178 597 2183 —
612 2168 656 2193 ac
673 2155 858 2193 ducentas
873 2154 932 2193 isti
949 2154 1152 2193 drachmas
1169 2155 1270 2193 dedi.
1328 2155 1388 2193 Ne
1402 2168 1489 2193 vero
1505 2155 1551 2193 de
1566 2156 1714 2205 integro

278 2216 498 2255 calumniari
517 2216 660 2262 liceret,
677 2217 857 2255 arbitrum
878 2217 992 2256 certis
1013 2216 1296 2256 conditionibus
1316 2217 1617 2256 Nichomachum
1639 2218 1712 2255 Ba·

278 2285 426 2316 tensem
447 2278 687 2329 sumpsimus.
1715 2272 1718 2275 ‘

894 2390 1102 2429 TESTES.

342 2479 379 2515 5.
409 2481 465 2513 Ae
494 2474 798 2526 primum'pacta
826 2474 898 2512 iste
927 2477 1116 2522 servabat,
1145 2476 1282 2514 deinde
1313 2476 1472 2515 consilio
1501 2477 1593 2514 inito
1625 2488 1713 2514 cum

280 2539 495 2584 Xenotimo,
514 2537 578 2588 qui
593 2544 631 2574 et
643 2536 748 2586 leges
764 2536 954 2574 adulterat
973 2545 1010 2575 et
1024 2538 1171 2588 judicia
1190 2539 1397 2589 corrumpit
1414 2546 1452 2576 et
1471 2538 1713 2589 magistratus

280 2608 404 2646 vexat,
424 2600 607 2638 malorum
629 2598 792 2648 denique
813 2599 976 2636 omnium
998 2606 1130 2636 auctor
1149 2607 1217 2644 est,
1240 2600 1300 2637 die
1320 2600 1423 2638 dicta
1442 2599 1575 2637 decem
1597 2599 1714 2638 millia

270 2662 543 2700 drachmarum
560 2675 582 2699 a
601 2674 662 2698 me
676 2660 857 2712 postulat.
912 2661 1038 2704 Quum
1055 2668 1181 2698 autem
1196 2674 1268 2712 ego
1283 2668 1374 2699 teste
1388 2662 1577 2732 producto
1596 2663 1712 2701 actio-

278 2736 366 2760 nem
385 2723 465 2760 dari
485 2736 598 2773 posse
615 2734 791 2772 negarem
811 2721 915 2772 quod
934 2721 1128 2760 arbitrium
1148 2707 1438 2767 intercessisset,
1455 2729 1590 2761 testem
1608 2736 1711 2761 reum

278 2797 458 2835 peragere
484 2784 626 2826 noluit3
666 2783 810 2821 sciebat
838 2783 951 2827 enim,
977 2783 1047 2821 nisi
1073 2783 1242 2833 quintam
1269 2783 1533 2834 suffragiorum
1564 2792 1711 2836 partem

277 2846 440 2891 tulisset,
462 2846 532 2882 sibi
559 2845 740 2883 mulctam
759 2845 839 2884 fore
864 2845 1110 2884 solvendam:
1141 2845 1208 2883 sed
1229 2845 1366 2896 agendi
1385 2853 1572 2897 potestate
1593 2860 1614 2885 a
1633 2859 1712 2885 ma—

277 2907 438 2959 gistratu
458 2906 657 2957 impetrata
672 2920 800 2946 rursus
819 2907 978 2946 eandem
995 2907 1084 2946 mihi
1103 2907 1292 2946 actionem
1312 2908 1490 2954 intendit,
1508 2916 1548 2947 ut
1567 2909 1710 2947 minore
