1870 3277
535 171 608 209 DE
639 172 845 209 PYRRHI
878 170 1248 209 HEREDITATE.
1535 171 1604 205 321

169 273 468 311 luculentissime
494 275 738 324 coarguimus
762 282 801 311 et
829 274 1017 311 actionem
1046 273 1092 309 de
1119 272 1216 309 falso
1243 271 1462 309 testimonio
1483 272 1517 307 in
1536 270 1611 307 hoc

167 335 302 372 eodem
318 342 445 373 vestro
465 336 545 373 foro
561 336 731 379 vicimus,
749 334 815 379 sed
835 334 948 371 etiam
968 333 1071 370 hunc
1089 332 1338 370 Nicodemum
1361 340 1438 369 turn
1458 344 1611 382 quoque

165 397 204 433 in
231 396 440 434 continenti
465 397 722 446 coarguimus,
742 396 807 445 qui
833 407 962 432 coram
989 395 1122 431 iisdem
1139 394 1335 443 judicibus
1356 393 1494 430 falsum
1517 393 1610 429 illud

169 456 347 495 Xenoclis
375 457 632 495 testimonium
662 469 731 494 suo
760 455 912 505 perinde
946 455 1041 492 falso
1078 454 1216 491 fultum
1253 461 1292 490 et
1328 454 1611 490 constabilitum

150 518 274 562 ierat,
296 518 400 555 aiens
429 532 451 555 a
481 532 521 555 se
548 530 711 555 sororem
743 529 862 560 suam,
893 516 1003 566 hujus
1029 515 1196 552 mulieris
1229 523 1400 558 matrem,
1423 515 1612 551 avunculo

167 588 297 618 nostro
327 579 507 631 [Pyrrho]
538 580 606 616 rite
633 579 861 628 desponsam
888 585 926 615 et
948 578 985 614 in
1015 590 1148 614 manus
1175 576 1352 614 traditam
1385 575 1515 617 fuisse,
1537 589 1612 625 quo

167 655 261 679 uxor
281 643 362 693 ejus
384 642 469 692 jure
488 654 601 691 quam
620 647 744 690 potest
763 640 903 689 optimo
923 647 1039 676 esset.
1094 638 1368 676 Testimonium
1389 637 1462 674 hoc
1483 637 1616 686 [Nico-

166 704 285 752 demi]
299 705 380 755 jam
393 704 430 740 in
446 704 567 753 priore
583 703 733 741 actione
747 701 942 752 judicibus
958 702 1116 751 quitum
1136 701 1323 738 sedebant
1344 699 1480 736 falsum
1498 699 1616 735 fuisse

167 766 300 806 visum,
333 765 445 801 docet
479 764 587 800 testis
626 770 706 799 tum
744 761 1020 799 condemnatus
1056 760 1300 810 [Xenocles]
1359 758 1458 796 Nam
1493 759 1523 795 si
1555 758 1616 795 hic

169 824 439 875 [Nicodemus]
467 832 547 862 tum
573 825 676 861 visus
703 824 778 860 non
802 822 938 860 fuisset
957 822 1056 859 falsa
1076 829 1236 859 testatus
1258 833 1358 866 esse,
1377 826 1527 857 constat
1545 819 1618 857 hoc

166 893 391 922 eventurum
416 885 536 922 fuisse
564 892 607 922 ut
633 892 671 922 et
695 884 758 921 ille
778 883 1006 934 [Xenocles]
1029 883 1065 919 in
1086 895 1204 920 causa
1224 881 1487 920 obtestationis
1508 882 1619 918 abso-

149 946 271 983 ·lutus
292 946 423 990 abiret,
444 954 483 983 et
503 945 649 991 mulier,
667 958 781 996 quam
803 944 984 982 Xenoclis
1005 945 1206 981 obtestatio
1226 944 1341 980 filiam
1371 942 1505 992 Pyrrhi
1525 941 1620 991 legi-

167 1008 297 1045 timam
323 1007 495 1058 perhibet
519 1020 615 1052 esse,
644 1006 822 1044 avunculi
848 1006 965 1042 nostri
994 1007 1181 1042 bonorum
1213 1004 1322 1042 heres
1349 1003 1618 1049 declararetur,

169 1081 245 1105 non
263 1076 382 1105 mater
403 1076 546 1105 nostra.
605 1067 682 1105 Sed
700 1067 822 1105 victus
844 1074 882 1103 et
900 1065 1178 1103 condemnatus
1197 1065 1375 1103 discessit
1393 1064 1503 1102 testis
1525 1063 1620 1115 [Xe-

172 1129 333 1178 nocles]‚
352 1137 390 1167 et
410 1130 542 1167 mulier
559 1129 624 1166 illa
642 1142 727 1179 quae
751 1128 885 1179 Pyrrhi
906 1140 946 1164 se
967 1128 1037 1164 fert
1055 1127 1172 1164 filiam
1198 1127 1246 1165 ab
1273 1126 1483 1164 hereditate
1503 1138 1618 1175 quarn

170 1192 354 1241 poscebat
373 1191 518 1228 destitit
534 1204 543 1233 ;
575 1190 674 1227 unde
691 1190 894 1241 perspicua
909 1196 946 1226 et
961 1188 1102 1226 invicta
1118 1188 1267 1225 exsistit
1282 1187 1489 1224 necessitas
1504 1186 1618 1237 hujus

171 1254 408 1305 [Nicodemi]
441 1267 590 1304 quoque
621 1253 881 1291 testimonium
913 1252 992 1302 jam
1031 1259 1111 1289 tum
1146 1251 1328 1301 temporis
1361 1250 1620 1300 reprobatum,

169 1315 479 1358 condemnatum,
500 1323 538 1352 et
564 1327 631 1365 pro
655 1313 760 1351 nullo
779 1313 1017 1351 declaratum
1039 1313 1172 1350 fuisse.
1232 1312 1346 1356 Nam,
1367 1311 1430 1361 qui
1452 1312 1622 1348 obtesta-

170 1377 310 1414 tionem
331 1376 440 1413 nobis
460 1377 651 1426 objecerat
670 1374 915 1426 [Xenocles]‚
935 1373 1008 1411 hoc
1025 1375 1074 1411 de
1095 1374 1178 1424 ipso
1200 1374 1391 1411 actionem
1411 1372 1497 1409 falsi
1517 1373 1624 1410 testi-

170 1437 286 1475 monii
305 1438 489 1482 certabat,
505 1446 626 1474 utrum
648 1435 781 1474 mulier
801 1435 1051 1473 hereditatem
1070 1441 1205 1485 petens
1228 1434 1375 1485 Pyrrho
1391 1447 1411 1470 e
1427 1434 1624 1470 meretrice

171 1513 218 1537 an
243 1512 289 1537 ex
315 1513 429 1537 uxore
458 1499 628 1550 legitima
656 1505 747 1536 nata
773 1504 890 1535 esset.
947 1497 1100 1534 Statum
1127 1509 1256 1534 causae
1283 1495 1529 1546 cognoscetis
1553 1495 1622 1545 ipsi

171 1575 237 1599 vos
256 1561 467 1611 perspicue,
489 1561 551 1598 ubi
571 1559 789 1597 audiveritis
809 1566 847 1596 et.
859 1557 1134 1610 jusjurandum
1156 1571 1178 1595 a
1198 1558 1307 1595 nobis
1327 1557 1472 1595 dictum
1488 1556 1624 1606 juriju-

172 1622 292 1661 rando
313 1624 360 1659 ab
380 1622 455 1659 illis
476 1622 579 1659 dicto
599 1621 818 1672 oppositum
844 1627 882 1657 et
903 1620 1017 1670 hujus
1043 1618 1280 1668 [Nicodemi]
1309 1618 1565 1656 testimonium
1587 1625 1625 1654 et

172 1684 338 1734 denique
365 1683 626 1733 interpositam
656 1684 695 1732 [a
719 1681 910 1730 Xenocle]
939 1680 1250 1725 obtestationem,
1268 1679 1373 1716 illam
1393 1679 1482 1716 dico
1501 1680 1538 1714 in
1559 1677 1625 1715 illo

156 1745 297 1796 priore
324 1744 472 1794 judicio
502 1744 680 1781 falsitatis
711 1743 928 1780 convictam
957 1748 1070 1790 atque
1098 1741 1352 1791 repudiatam.
1412 1739 1550 1777 Recita
1583 1746 1624 1776 tu

171 1807 276 1844 hisce
297 1805 524 1856 [judicibus]
545 1805 658 1842 hasce
680 1812 753 1841 tres
775 1803 954 1849 schedas,
973 1814 1069 1852 quas
1089 1802 1156 1839 tibi
1175 1802 1210 1838 in
1233 1815 1369 1839 manus
1392 1800 1515 1837 trad0.

172 1939 798 1979 CONTRAJURAMENTUM.
832 1936 1239 1974 TESTIMONIUM.
1271 1936 1372 1973 OB]
1388 1935 1626 1972 ESTATlO.

238 2044 274 2078 2.
307 2041 560 2078 Nicodemum
588 2053 679 2089 ergo
699 2040 776 2090 jam
805 2047 884 2076 tum
913 2038 1041 2076 statim
1071 2039 1108 2075 in
1132 2038 1343 2075 continenti
1367 2039 1490 2076 visum
1511 2038 1628 2075 fuisse

176 2104 311 2141 salsum
340 2111 484 2146 testem,
505 2101 540 2139 id
572 2100 716 2150 liquido
743 2109 822 2138 tum
845 2101 1149 2138 demonstratum
1170 2100 1242 2136 fuit
1263 2100 1438 2137 omnibus
1457 2113 1464 2136 :
1497 2111 1626 2136 verum

173 2165 285 2203 etiam
316 2177 442 2201 coram
476 2164 597 2208 vobis,
624 2161 787 2213 judices,
822 2163 1002 2199 convenit
1035 2161 1293 2198 testimonium
1327 2161 1407 2211 ejus
1439 2161 1627 2198 mendacii

175 2228 346 2277 coargui,
375 2228 514 2277 quippe
541 2225 604 2276 qui
633 2225 705 2262 hcc
734 2224 780 2261 de
809 2224 890 2275 ipso
924 2224 1090 2262 sedeatis
1116 2224 1342 2274 judicaturi,
1373 2224 1470 2260 sitne
1501 2237 1628 2261 verum

176 2289 270 2326 illud
296 2302 343 2325 an
371 2288 510 2325 falsum
538 2286 810 2324 testimonium.
867 2286 966 2323 Ante
994 2286 1120 2322 omnia
1145 2285 1274 2336 itaque
1295 2299 1380 2322 eum
1403 2286 1524 2336 ipsum
1548 2299 1630 2336 per-

177 2350 321 2386 contari
342 2348 441 2391 volo,
468 2360 674 2397 quamnam
710 2346 839 2383 dotem
873 2359 895 2383 a
924 2359 964 2383 se
994 2346 1110 2383 sorori
1142 2346 1218 2383 aiat
1250 2346 1418 2382 additam
1454 2345 1570 2382 fuisse
1601 2347 1631 2382 is

178 2410 466 2462 [Nicodemus]‚
487 2409 551 2460 qui
569 2408 786 2466 testjmonio
806 2408 843 2444 in
865 2407 1017 2458 publico
1040 2408 1142 2445 dicto
1163 2409 1405 2450 asseveravit,
1429 2420 1594 2443 sororem
1612 2421 1633 2444 a

178 2486 218 2510 se
239 2471 388 2521 Pyrrho
406 2471 474 2507 rite
495 2470 723 2520 desponsam
745 2476 781 2506 et
799 2469 984 2506 elocatam
1003 2469 1137 2512 fuisse,
1155 2468 1404 2506 substantiam
1427 2468 1632 2518 possidenti

178 2534 295 2571 tribus
325 2532 478 2569 talentis
511 2529 846 2580 oequipznrabilem3
876 2530 1013 2568 deinde
1044 2529 1258 2580 percontari
1287 2528 1385 2574 volo,
1415 2540 1540 2565 utrum
1570 2528 1634 2566 illa

179 2602 372 2646 praetensa
403 2594 537 2645 Pyrrhi
574 2606 668 2630 uxor
699 2593 816 2630 virum
853 2592 978 2629 adhuc
1015 2592 1255 2642 superstitem
1289 2604 1335 2628 an
1369 2604 1415 2628 eo
1445 2591 1634 2628 exstincto

180 2657 334 2694 domum
355 2656 437 2707 ejus
458 2655 684 2703 deseruerit,
702 2663 753 2695 et,
771 2655 956 2704 posterius
978 2653 1049 2690 hoc
1071 2654 1100 2689 si
1123 2653 1261 2695 evenit,
1279 2665 1300 2688 a
1321 2665 1484 2702 quonam
1506 2651 1633 2689 dotem

182 2717 300 2754 sorori
322 2717 574 2754 contributam
602 2716 834 2766 recuperarit
854 2723 939 2765 post
961 2713 1042 2764 ejus
1064 2726 1265 2750 excessum
1289 2714 1347 2749 cui
1375 2727 1412 2749 se
1437 2713 1540 2750 illam
1568 2712 1636 2749 de-

182 2778 381 2829 spondisse
403 2778 468 2822 ait,
488 2784 554 2814 aut
575 2777 603 2814 si
626 2778 753 2814 dotem
783 2777 906 2812 minus
938 2775 1185 2824 recuperarit,
1207 2787 1412 2823 quamnam
1441 2775 1632 2812 actionem

184 2841 262 2877 sive
285 2838 394 2876 titulo
416 2838 679 2875 alimentorum
704 2837 847 2875 mulieri
876 2835 1170 2887 praebendorum
1193 2836 1269 2872 sive
1291 2835 1389 2873 dotis
1412 2837 1529 2886 ipsius
1551 2837 1635 2872 red-

179 2901 317 2939 ‹lendoe
347 2901 442 2937 intra
466 2899 595 2947 viginti
618 2913 800 2937 annornm
824 2899 1027 2934 ‹lm-ursum
1051 2898 1083 2933 in
1109 2910 1192 2933 cum
1216 2897 1404 2934 intentarit
1434 2899 1494 2948 qni
1519 2910 1637 2947 nupti·

881 2961 901 2994 Q
935 2972 955 2995 ἰ’
