1870 3277
277 152 353 188 254
639 151 918 190 ISOCRATIS
949 153 1347 194 TRAPEZITICUS.

274 254 362 291 vitae
387 265 466 290 suae
486 260 638 304 tempus
659 268 845 294 summam
871 257 977 294 istius
1005 256 1271 295 crudelitatem
1302 258 1417 297 fuisse
1436 261 1714 310 perferendam,

273 316 331 353 sin
352 315 467 353 animi
480 317 692 354 constantia
710 323 982 356 tormentorum
1003 319 1245 356 acerbitatem
1261 328 1488 370 superasset,
1504 329 1582 360 tum
1604 323 1714 360 liber-

271 384 353 415 tate
378 377 599 416 donandum
629 386 708 416 tum
739 380 925 418 fraudatae
951 380 1125 431 pecuniae
1144 380 1365 432 participem
1394 382 1562 420 futurum
1582 383 1713 422 fuisse.

209 431 211 433 ¹
275 438 357 477 Etsi
373 446 499 478 autem
519 447 626 479 tanto
646 441 800 479 meliore
817 441 1035 480 conditione
1055 441 1206 479 futurus
1222 448 1316 488 erat,
1335 443 1568 481 conscientia
1587 450 1714 482 tamen

272 499 484 539 facinorum
520 508 687 540 aestuans
719 510 756 540 et
779 502 966 553 judicium
996 503 1209 542 detrectare
1238 511 1275 541 et
1311 504 1402 541 alias
1433 504 1713 544 criminationes

273 562 402 602 subire
428 563 574 610 maluit,
603 571 645 601 ut
664 577 711 602 ne
739 564 832 614 quid
860 564 952 602 certi
976 564 1024 603 de
1053 565 1207 616 negotio
1226 578 1293 617 per
1313 566 1542 617 quaestiones
1561 579 1712 618 compe-

273 625 420 663 riretur.

326 688 390 723 28.
421 686 555 737 Itaque
575 698 640 725 vos
659 699 765 737 rogo,
786 687 952 738 judices,
976 694 1018 725 ut
1036 687 1170 726 horum
1196 701 1381 726 memores
1402 688 1603 727 Pasionem
1621 702 1713 727 con-

273 747 475 795 demnetis,
495 761 619 799 neque
636 748 867 787 arbitremini
883 762 941 786 me
962 749 1014 787 ita
1033 762 1118 788 esse
1138 752 1350 801 improbum
1371 757 1425 795 ut,
1445 751 1510 800 qui
1531 750 1567 787 in
1589 750 1712 788 Ponto

272 808 453 856 habitem,
473 817 510 848 et
531 816 658 848 tantas
688 823 778 861 opes
805 811 963 848 habeam
990 819 1034 849 ut
1058 812 1140 850 aliis
1169 813 1283 850 etiarn
1303 813 1529 851 benefacere
1557 813 1710 863 possim,

273 870 476 909 Pasionem
491 871 759 909 calumniatum
775 872 990 910 advenerim
1007 881 1046 911 et
1063 873 1111 910 de
1122 872 1227 911 falsis
1242 873 1422 925 depositis
1441 882 1677 913 accusatum.

323 934 388 972 29.
419 934 488 971 Est
511 934 622 972 etiam
644 934 768 985 Satyri
787 941 826 971 et
849 935 966 985 patris
988 935 1060 973 mei
1080 935 1256 973 habenda
1281 937 1390 982 ratio,
1410 937 1474 987 qui
1499 937 1707 988 longojam

270 1003 441 1047 tempore
457 1009 522 1033 vos
541 996 638 1033 inter
657 1008 788 1033 omnes
809 995 967 1034 Graecos
986 996 1137 1033 maximi
1163 996 1321 1041 faciunt,
1342 997 1407 1047 qui
1426 1010 1541 1047 quum
1562 999 1610 1035 ob
1631 998 1709 1035 fru-

269 1059 386 1097 menti
403 1059 602 1110 penuriam
621 1070 725 1108 saepe
743 1070 858 1095 naves
877 1057 1034 1096 aliorum
1060 1064 1311 1096 mercatorum
1330 1070 1469 1096 vacuas
1489 1057 1710 1105 dimiserint,

268 1120 375 1159 vobis
402 1119 627 1172 exportandi
659 1119 883 1157 facultatem
912 1119 1127 1158 dederunt:
1168 1120 1206 1157 in
1235 1119 1390 1170 privatis
1420 1120 1533 1157 etiam
1564 1127 1711 1158 contra-

267 1183 406 1229 ctibus,
425 1194 584 1233 quorum
610 1181 664 1218 illi
683 1180 832 1232 judices
862 1188 966 1225 sunt,
988 1194 1064 1219 non
1083 1187 1231 1219 tantum
1249 1181 1330 1232 pari
1350 1181 1418 1219 sed
1438 1181 1552 1219 etiam
1573 1181 1708 1219 libera·

267 1232 360 1283 liore
382 1245 467 1296 jure
496 1242 706 1282 disceditis.
762 1242 890 1287 Quare
917 1256 985 1281 vos
1017 1256 1147 1281 eorum
1180 1243 1307 1281 literas
1338 1244 1441 1294 parvi
1474 1243 1600 1281 facere
1631 1257 1708 1282 non

267 1306 390 1344 decet.
446 1306 590 1350 Quaeso
608 1305 722 1356 igitur
739 1318 820 1352 vos,
842 1312 882 1343 ut
899 1312 938 1343 et
956 1313 1109 1357 propter
1134 1318 1194 1343 me
1218 1312 1257 1343 et
1275 1312 1431 1357 propter
1448 1305 1533 1344 illos
1556 1318 1603 1343 ea
1620 1319 1708 1356 quae

253 1368 369 1415 justa
397 1375 488 1405 sunt
519 1366 746 1412 decernatis,
775 1380 897 1417 neque
932 1366 1103 1404 Pasionis
1133 1366 1351 1405 ementitam
1382 1367 1592 1405 orationem
1621 1367 1707 1418 plus

267 1441 383 1480 quam
401 1441 530 1467 causae
544 1441 638 1466 meae
658 1427 854 1466 veritatem
869 1427 994 1467 valere
1013 1427 1220 1480 patiamini.
