1870 3277
518 215 798 253 ADVERSUS
830 213 1244 254 CALLulecHUM.
1525 212 1598 256 2257

163 315 328 365 periculo
348 316 603 366 sportularum
623 317 809 354 duntaxat
827 315 1072 364 experiretur.
1129 316 1211 365 Ego
1231 329 1318 354 vero
1334 319 1445 355 animi
1461 314 1598 356 dubius

162 390 237 427 quo
267 377 304 414 in
331 377 390 414 his
421 377 526 416 malis
558 392 617 416 me
639 386 833 420 verterem,
859 375 1013 412 tandem
1044 376 1369 415 consultissimum
1400 392 1481 417 esse
1508 381 1596 417 duxi

161 446 313 488 aequato
332 439 521 489 utrimque
548 439 766 477 discrimine
793 438 830 474 in
851 436 1038 488 judicium
1059 438 1199 475 venire.
1258 440 1314 475 Ac
1340 452 1398 476 res
1424 442 1475 478 ita
1503 449 1598 478 actm

161 507 261 536 sunt.

213 562 250 599 6.
281 562 409 599 Audio
430 568 554 598 autem
577 559 852 598 Callimachum
873 560 910 596 in
931 559 1056 597 animo
1077 559 1216 597 habere
1237 573 1313 596 non
1336 567 1482 597 tantum
1504 562 1598 599 falsa

159 621 249 658 mihi
269 623 426 659 crimina
446 623 668 673 impingere,
691 621 759 658 sed
780 621 972 658 arbitrium
999 621 1112 658 etiam
1142 628 1381 671 negaturum,
1401 629 1439 659 et
1467 623 1599 673 hujus-

157 683 259 721 modi
288 684 496 721 orationem
525 696 612 721 esse
640 682 881 726 meditatum,
904 695 944 719 se
969 695 1163 732 nunquam
1186 683 1467 721 ¹Nicomachum
1494 697 1597 721 sum-

158 751 309 794 pturum
343 744 522 781 arbitrum
552 744 684 790 fuisse,
704 756 817 794 quem
848 743 935 780 olirn
971 744 1080 780 nobis
1110 743 1330 781 familiarem
1361 757 1443 782 esse
1475 744 1599 789 sciret,

158 819 230 844 nec
256 818 338 843 esse
366 813 664 844 consentaneum
692 805 876 843 ducentas
903 818 970 856 pro
998 805 1124 843 decies
1149 805 1253 843 mille
1279 807 1470 845 drachmis
1498 807 1600 845 acci-

155 879 242 916 pere
261 865 441 904 voluisse.

210 930 245 963 7.
276 928 356 965 Vos
377 935 502 965 autem
520 927 765 965 consideretis
779 928 890 965 velim
907 928 1067 978 primum
1088 941 1158 966 nos
1181 929 1229 967 ad
1251 930 1432 967 arbitrum
1448 930 1600 969 venisse

155 1001 195 1025 re
215 1001 290 1025 non
318 995 564 1026 controversa
589 989 657 1026 sed
683 990 861 1039 pactione
885 989 1001 1027 facta.
1061 990 1188 1033 Quare
1214 991 1308 1027 nihil
1335 991 1490 1029 absurdi
1511 992 1602 1030 fecit

156 1049 186 1086 si
208 1049 488 1087 Nicomachum
509 1050 691 1087 arbitrum
712 1050 830 1095 dedit,
849 1050 916 1088 sed
938 1051 974 1088 id
993 1050 1120 1101 potius
1140 1058 1244 1089 esset
1263 1051 1548 1098 inconveniens,
1569 1055 1598 1090 si

156 1122 194 1148 re
209 1111 288 1162 jam
305 1118 499 1150 transacta
517 1112 564 1149 de
585 1112 727 1150 arbitro
747 1112 944 1150 rixaretur.
1001 1113 1165 1159 Deinde,
1182 1114 1211 1151 si
1231 1114 1385 1164 quidem
1402 1115 1452 1152 illi
1470 1116 1596 1154 decies

155 1172 257 1213 mille
277 1173 469 1210 drachmae
490 1173 731 1219 deberentur,
751 1185 829 1210 non
849 1175 924 1211 veri
946 1180 1049 1211 esset
1068 1174 1204 1221 simile,
1220 1175 1371 1214 duabus
1390 1177 1499 1214 minis
1520 1178 1598 1215 fore

154 1240 397 1272 contentum:
428 1230 509 1279 sed,
525 1247 643 1284 quum
659 1234 798 1284 injuste
819 1234 1079 1272 criminaretur
1100 1243 1139 1273 et
1158 1249 1227 1286 per
1246 1236 1490 1283 calumniam,
1506 1237 1597 1274 nihil

155 1295 237 1332 miri
257 1302 316 1332 est
336 1295 526 1332 tantillum
548 1295 720 1345 accipere
735 1295 916 1332 voluisse.
975 1295 1166 1333 Praeterea
1186 1296 1217 1334 si
1235 1297 1357 1334 multa
1375 1298 1599 1347 postulavit,

154 1369 279 1406 pauca
298 1357 439 1406 exegit,
458 1369 533 1393 non
551 1368 596 1393 eo
617 1363 843 1405 argumento
861 1357 999 1405 probat
1018 1357 1209 1394 arbitrium
1225 1371 1302 1395 non
1323 1358 1598 1402 intercessisse,

155 1417 223 1455 sed
243 1417 337 1455 illud
357 1417 499 1467 potius,
518 1429 558 1454 se
574 1429 643 1454 nos
659 1417 763 1454 initio
778 1429 845 1467 per
861 1416 1034 1466 injuriam
1052 1431 1271 1455 accusasse.
1330 1419 1450 1457 Miror
1470 1427 1597 1457 autem

153 1493 254 1524 eum,
276 1480 341 1530 qui
370 1493 409 1517 se
430 1492 543 1530 posse
569 1478 782 1529 intelligere
808 1485 932 1529 putet,
952 1492 1028 1516 non
1057 1493 1141 1517 esse
1161 1480 1362 1518 verisimile
1384 1495 1424 1519 se
1445 1494 1513 1532 pro
1533 1482 1600 1519 de-

155 1541 232 1579 cies
253 1541 354 1578 mille
375 1540 565 1578 drachmis
585 1540 773 1577 ducentas
799 1540 970 1590 accipere
989 1540 1173 1586 voluisse,
1192 1554 1252 1578 me
1279 1542 1497 1593 excogitare
1522 1554 1605 1580 non'

152 1603 320 1653 potuisse
345 1602 511 1647 credere,
531 1602 563 1638 si
589 1601 736 1639 mentiri
758 1602 978 1646 voluissem,
1010 1601 1217 1640 dicendum
1247 1603 1366 1640 fuisse
1396 1616 1456 1641 me
1484 1604 1600 1654 longe

153 1663 238 1715 plus
258 1676 491 1701 numerasse.
548 1662 645 1700 Peto
664 1669 805 1707 autem,
824 1669 1011 1712 quantum
1033 1663 1065 1700 ei
1085 1670 1351 1714 argumentum
1371 1671 1430 1702 est
1458 1665 1598 1702 arbitrii

155 1738 230 1763 non
258 1725 482 1775 interpositi,
510 1725 612 1774 quod
639 1724 676 1760 in
705 1724 950 1762 accusatione
978 1725 1188 1775 perscripta
1216 1738 1292 1762 non
1321 1725 1538 1770 obtinuerit,
1561 1732 1602 1763 ut

154 1794 303 1824 tantum
331 1785 421 1822 mihi
448 1798 601 1835 quoque
624 1784 719 1821 illud
747 1786 899 1835 signum
930 1787 979 1824 sit
1008 1800 1067 1823 me
1096 1786 1143 1823 de
1173 1787 1324 1824 arbitrio
1344 1800 1432 1825 vera
1457 1788 1599 1833 dicere,

153 1848 255 1898 quod
274 1853 410 1884 testem
430 1858 536 1883 reum
560 1858 740 1896 peragere
759 1859 806 1883 ne
828 1846 995 1884 voluisse
1016 1847 1170 1896 quidem
1192 1847 1298 1884 illum
1318 1854 1482 1886 constat.
1586 1842 1592 1846 ⁵

209 1910 245 1945 8.
276 1909 481 1953 Caeterum,
504 1908 533 1944 si
553 1921 623 1944 nec
643 1907 837 1944 arbitrium
857 1908 1000 1944 factum
1017 1916 1119 1946 esset
1137 1921 1208 1946 nec
1227 1909 1295 1946 ulli
1314 1910 1363 1947 de
1379 1923 1418 1947 re
1435 1911 1602 1948 testimo-

154 1970 255 2007 nium
285 1970 466 2013 dicerent,
501 1969 568 2006 sed
603 1968 835 2018 conjecturis
869 1969 1058 2006 duntaxat
1093 1970 1292 2008 nitendum
1324 1979 1440 2014 esset,
1473 1984 1519 2009 ne
1549 1972 1603 2008 sic

154 2031 307 2082 quidem
328 2043 395 2068 vos
415 2043 492 2067 non
508 2029 618 2067 facile
638 2029 728 2079 quid
741 2029 889 2080 justum
906 2036 1007 2067 esset
1027 2030 1250 2080 cognituros
1271 2032 1442 2069 arbitror.
1501 2034 1600 2070 Nam

154 2093 185 2130 si
203 2092 387 2130 hactenus
407 2091 502 2129 alios
522 2090 635 2128 etiam
656 2090 854 2136 laesissem,
874 2103 951 2127 non
972 2091 1158 2129 immerito
1179 2093 1410 2136 statueretis,
1432 2106 1490 2131 me
1510 2102 1602 2144 erga

153 2155 268 2192 istum
289 2152 401 2190 etiam
419 2152 646 2202 deliquisse:
676 2165 778 2189 nunc
794 2165 854 2190 me
875 2152 1063 2190 neminem
1081 2153 1220 2191 civium
1236 2155 1295 2192 vel
1312 2155 1486 2205 pecuniis
1505 2157 1601 2193 mul-

154 2222 281 2254 ctasse
301 2215 358 2253 vel
389 2215 427 2252 in
452 2214 666 2265 periculum
698 2214 834 2265 capitis
862 2214 1082 2262 adduxisse,
1104 2216 1162 2253 vel
1189 2216 1356 2255 deletum
1377 2230 1397 2255 e
1418 2219 1602 2257 societate

155 2277 373 2330 reipublicae
401 2278 440 2315 in
471 2276 656 2328 Lysandri
687 2276 906 2327 catalogum
937 2277 1190 2329 inscripsisse,
1218 2280 1423 2317 constabit.
1481 2281 1599 2331 Atqui

153 2340 308 2390 triginta
335 2345 581 2389 tyrannorum
613 2338 833 2387 improbitas
863 2338 1000 2376 multos
1030 2339 1180 2390 impulit
1207 2340 1256 2378 ad
1282 2341 1373 2379 talia
1399 2341 1600 2381 facienda:

154 2401 391 2439 facinorosos
417 2399 516 2437 enim
543 2411 619 2436 non
647 2398 761 2435 modo
788 2410 862 2436 non
892 2400 1116 2450 puniebant,
1137 2401 1204 2439 sed
1230 2402 1460 2452 quibusdam
1485 2402 1596 2439 etiam

155 2462 302 2502 scelera
327 2462 576 2512 imperabant.
636 2460 757 2498 Nemo
781 2467 908 2499 autern
930 2474 990 2498 me
1008 2462 1066 2500 vel
1086 2463 1157 2500 sub
1178 2463 1323 2500 illorum
1344 2464 1501 2513 imperio
1522 2463 1598 2501 tale

154 2524 359 2575 quicquam
389 2521 587 2559 admisisse
614 2520 803 2558 inveniet:
832 2520 903 2559 iste
929 2534 1018 2559 vero
1045 2523 1114 2560 sibi
1138 2524 1278 2560 factam
1308 2524 1479 2574 injuriam
1505 2537 1598 2562 eon-

154 2586 333 2637 queritur‚
349 2583 571 2635 ejectisjam
591 2583 746 2634 triginta
761 2584 944 2634 tyrannis,
961 2591 1000 2621 et
1017 2583 1161 2621 Piraeeo
1182 2592 1385 2635 occupato,
1403 2592 1439 2622 et
1456 2587 1598 2637 populo

146 2660 277 2685 rerum
295 2646 479 2697 potiente,
499 2657 616 2696 quum
632 2644 711 2696 jam
733 2645 781 2682 de
801 2645 1064 2695 pacificatione
1084 2653 1275 2696 ageretur.
1333 2647 1392 2683 An
1407 2659 1497 2685 vero
1515 2661 1598 2686 cre-

157 2708 262 2753 ditis,
283 2720 367 2745 eum
386 2707 450 2758 qui
471 2707 541 2744 sub
561 2707 718 2757 triginta
745 2707 914 2758 tyrannis
941 2707 1113 2744 modeste
1135 2719 1176 2744 se
1197 2707 1370 2758 gesserit,
1385 2708 1539 2759 injurias
1559 2710 1596 2748 in

156 2770 193 2809 id
227 2776 378 2819 tempus
406 2767 605 2806 faciendas
636 2780 867 2813 reservasse,
905 2780 981 2817 quo
1011 2774 1171 2805 caeteros
1201 2781 1355 2806 suorum
1386 2770 1597 2809 facinorum

158 2829 397 2884 paenitebat?
436 2829 538 2873 Quid
553 2843 643 2868 vero
659 2830 732 2868 dici
746 2836 875 2881 potest
890 2843 912 2867 a
925 2829 1082 2868 veritate
1099 2813 1378 2879 abhorrentius,
1394 2846 1507 2884 quam
1524 2848 1596 2880 me,

157 2895 222 2946 qui
242 2891 474 2930 inimicorum
502 2891 637 2930 ulcisci
664 2893 854 2930 neminem
873 2891 1070 2939 voluerim,
1087 2892 1199 2931 istum
1215 2891 1355 2933 laedere
1375 2895 1600 2940 instituisse,

159 2968 246 2993 cum
267 2965 344 3003 quo
361 2951 449 2989 nihil
470 2965 639 3002 unquam
660 2953 713 2991 rei
733 2953 822 2990 mihi
843 2952 993 2990 fuerat?

840 3016 862 3048 ‘2
893 3025 915 3050 L
