1870 3277
268 182 347 218 2390
936 185 1050 223 lSAEI

269 295 432 328 sororeS,
452 295 526 321 non
546 283 678 322 eodem
698 284 851 334 quidem
871 294 980 337 patre
999 299 1085 324 cum
1110 287 1206 337 ipso,
1230 293 1269 324 at
1287 287 1421 324 eadem
1442 293 1570 325 tamen
1591 292 1711 324 matre

269 345 407 384 editae:
437 345 504 384 has
524 359 671 385 sorores
693 347 848 385 Diocles
868 348 1078 387 hereditate
1095 362 1117 386 a
1137 357 1245 400 patre
1265 349 1356 400 ipsis
1375 349 1506 386 relicta
1524 348 1712 386 fraudavit

268 419 313 444 eo
333 407 437 457 quod
458 407 658 445 affirmavit
677 409 723 446 ab
745 409 910 459 ipsarum
931 418 1038 460 patre
1059 410 1177 448 filium
1198 423 1238 447 se
1256 417 1369 459 atque
1396 409 1571 447 heredem
1589 410 1708 446 bono·

266 480 348 505 rum
377 481 460 506 esse
486 468 667 519 scriptum
697 469 732 506 in
765 476 1008 514 testamento,
1036 471 1139 521 quod
1165 471 1227 509 ille
1261 471 1406 508 nullum
1431 471 1654 520 scripsisset,
1674 477 1712 507 et

267 528 322 566 sic
360 529 508 568 furatus
540 538 599 568 est
633 530 872 581 splendidam
907 544 991 581 quae
1024 534 1057 570 ei
1096 546 1197 571 nunc
1229 540 1287 570 est
1323 533 1587 570 substantiam.
1662 531 1709 568 Et

268 603 355 628 cum
383 592 463 642 ejus
492 592 543 628 rei
565 603 683 629 causa
706 592 829 630 mariti
859 592 1017 630 duarum
1047 594 1095 631 de
1124 594 1182 631 his
1203 594 1321 632 tribus
1350 593 1540 631 sororibus
1569 593 1604 632 in
1628 593 1711 643 jure

267 664 351 688 eum
382 659 650 702 persequentes
681 653 863 703 pecunias
895 663 1149 704 reposcerent,
1181 655 1337 692 alterum
1371 654 1538 705 quidem,
1559 653 1710 703 majoris

268 719 359 750 natu
380 713 517 750 sororis
546 713 738 758 maritum,
759 714 810 751 ita
838 714 982 765 laqueis
1009 716 1191 766 captiosae
1217 715 1530 766 jurisprudentiae
1551 713 1710 751 forensis

265 773 422 811 irretivit
440 780 483 811 ut
504 773 658 811 tandem
680 775 925 814 damnaretur
945 785 1059 827 atque
1084 778 1235 815 infamia
1256 785 1462 822 notaretur,
1484 778 1563 827 ipse
1583 783 1710 814 autem

267 834 424 874 Diocles
459 836 506 873 ab
539 836 613 875 isto
647 837 797 874 actione
827 839 1070 876 contumeliae
1103 840 1242 876 oblatae
1274 840 1489 889 exagitatus
1514 839 1546 875 ei
1578 849 1710 888 poenas

264 896 390 935 nullas
417 910 583 947 unquam
604 898 736 936 dedit:
764 900 903 936 sororis
924 907 1050 937 autem
1072 900 1242 944 alterius,
1262 901 1308 937 ab
1337 901 1401 937 illa
1423 900 1603 937 seeundae
1625 900 1710 949 [seu

265 959 433 1007 mediae],
456 960 633 996 maritum
659 973 727 1011 per
756 973 903 997 servum
934 961 981 998 de
1009 961 1132 999 medio
1159 961 1326 1006 sustulit,
1345 974 1458 1011 quem
1488 974 1636 998 servum
1664 974 1710 998 ex

264 1020 357 1056 urbe
376 1020 475 1057 clam
509 1021 725 1071 exportavit
752 1029 791 1058 et
821 1021 895 1059 alio
915 1021 1108 1072 ablegavit
1135 1024 1198 1073 [ne
1219 1035 1286 1072 per
1315 1022 1397 1073 ejus
1422 1021 1603 1059 indicium
1630 1028 1711 1059 tor·

262 1080 402 1135 mentis
423 1081 583 1132 subjecti
614 1094 724 1119 suum
755 1082 881 1121 scelus
901 1084 1150 1134 patesceret],
1170 1084 1322 1122 sceleris
1347 1091 1472 1122 autem
1498 1096 1652 1121 causam
1672 1083 1710 1120 in

263 1150 431 1181 sororem
457 1155 564 1181 suam
594 1145 867 1194 retorquebat3
899 1158 977 1195 qua
1001 1145 1220 1196 impuritate
1247 1152 1362 1196 atque
1382 1145 1617 1182 immanitate
1641 1156 1712 1181 sua

267 1216 352 1241 cum
373 1217 457 1242 eam
477 1204 706 1255 perculisset
733 1207 792 1256 [ut
811 1206 877 1244 illa
895 1207 1095 1258 perterrita
1125 1207 1328 1245 desisteret
1354 1207 1530 1245 ulteriore
1558 1206 1710 1244 sceleris

265 1265 491 1316 quaesitione
511 1273 625 1316 atque
645 1266 828 1319 ultione],
849 1268 973 1306 sactus
993 1277 1097 1306 tutor
1117 1268 1182 1305 filii
1203 1281 1316 1319 quem
1346 1268 1412 1306 illa
1429 1275 1627 1319 perempto
1644 1280 1710 1318 pe-

261 1333 424 1377 pererat,
441 1327 544 1364 hunc
564 1340 676 1365 suum
695 1341 714 1365 e
735 1342 862 1367 sorore
882 1336 1059 1380 nepotem
1081 1330 1237 1368 Diocles
1263 1330 1372 1367 bonis
1393 1330 1567 1368 omnibus
1587 1329 1709 1366 denu-

263 1388 381 1434 davit,
401 1388 542 1426 fundos
569 1389 603 1426 ei
622 1389 765 1428 ademit
784 1392 936 1436 uberes,
958 1405 1165 1442 eorumque
1183 1392 1268 1429 loco
1296 1391 1391 1429 alios
1411 1392 1449 1428 in
1469 1391 1552 1428 solo
1573 1403 1710 1428 saxoso

263 1449 357 1487 sitos
378 1449 497 1487 dedit.
554 1449 650 1488 Haec
672 1465 693 1489 a
714 1464 773 1489 me
799 1465 890 1490 vera
918 1453 993 1490 dici
1012 1453 1142 1490 testari
1162 1460 1326 1504 possunt
1345 1452 1381 1489 hi
1403 1459 1546 1495 testes;
1577 1463 1710 1489 verum

260 1523 393 1548 vereor
421 1523 469 1547 ne
501 1511 710 1561 potentiam
742 1512 893 1550 Dioclis
925 1513 1217 1551 reformidantes
1251 1527 1381 1551 verum
1417 1513 1546 1550 dicere
1573 1512 1709 1559 nolint,

262 1585 480 1623 quanquam
508 1572 602 1610 alias
623 1586 689 1611 eos
717 1575 802 1611 novi
822 1575 984 1612 libenter
1002 1588 1132 1612 verum
1152 1575 1336 1613 dicturos.
1392 1574 1542 1616 Quodsi
1562 1587 1653 1624 ergo
1671 1574 1710 1611 hi

262 1634 368 1672 citati
388 1647 517 1684 parere
534 1640 648 1684 atque
667 1636 799 1672 testari
819 1643 1013 1681 recusent,
1028 1636 1123 1674 alios
1144 1635 1333 1674 exhibebo
1352 1648 1429 1675 non
1449 1636 1575 1673 minus
1596 1635 1712 1687 probe

263 1696 347 1734 haec
365 1695 492 1734 omnia
511 1702 698 1733 tenentes.
756 1696 843 1734 Cita
863 1705 903 1735 tu
924 1697 1013 1734 mihi
1034 1697 1104 1735 hos
1124 1697 1280 1748 primos.
1443 1692 1451 1698 ²

884 1800 1097 1839 TESTES.

321 1879 385 1916 15.
415 1877 543 1915 Homo
569 1878 698 1929 itaque
724 1886 802 1916 tam
834 1879 939 1916 ferox
966 1886 1004 1916 et
1029 1879 1222 1916 violentus
1250 1886 1292 1915 ut
1317 1880 1417 1929 ipsas
1446 1891 1590 1917 sorores
1621 1890 1710 1916 suas

264 1941 371 1979 bonis
399 1940 566 1991 paternis
596 1947 795 1986 everteret,
816 1953 861 1978 eo
887 1941 991 1991 quod
1015 1940 1128 1992 hujus
1162 1940 1315 1979 sceleris
1341 1953 1471 1990 poenas
1492 1940 1565 1977 illis
1586 1940 1710 1978 nullas

264 2003 386 2047 dedit,
402 2002 622 2053 cupiditatis
642 2010 756 2053 atque
776 2003 947 2040 audaciae
967 2002 1158 2053 processit
1176 2002 1266 2039 illuc
1287 2009 1327 2040 ut
1347 2002 1501 2040 nuncin
1521 2002 1580 2039 avi
1594 2001 1710 2040 nostri

264 2066 366 2102 bona
385 2064 595 2101 involatum
622 2076 744 2114 eaque
764 2064 874 2102 nobis
896 2071 1072 2114 ereptum
1090 2071 1177 2108 eat;
1207 2064 1312 2114 quod
1332 2071 1374 2101 ut
1399 2071 1712 2114 consequeretur,

263 2128 366 2165 hunc
387 2127 695 2177 [competitorem
722 2127 864 2177 meum]
884 2127 1192 2178 promissa—ut
1212 2127 1325 2166 audio
1340 2127 1563 2164 —duarum
1591 2126 1710 2164 mina-

266 2201 348 2226 rum
377 2188 555 2241 mercede
575 2195 797 2240 corruptum
824 2189 974 2226 induxit
1001 2197 1044 2226 ut
1072 2202 1222 2226 mecum
1247 2188 1294 2226 de
1313 2188 1524 2226 hereditate
1551 2187 1710 2225 nihilad

264 2263 351 2288 eum
379 2248 563 2286 attinente
588 2250 861 2294 contenderet;
892 2263 980 2300 quae
1010 2249 1204 2288 contentio
1225 2249 1257 2287 si
1280 2248 1559 2287 exitum-nobis
1577 2248 1711 2286 adver-

264 2324 350 2350 sum
369 2311 561 2356 sortiatur,
581 2310 618 2347 in
642 2310 846 2348 discrimen
864 2324 934 2349 nos
955 2311 1136 2356 adducet,
1155 2324 1231 2348 non
1252 2310 1477 2348 substantiae
1495 2310 1625 2355 modo,
1639 2309 1710 2348 sed
1726 2311 1728 2314 ’

262 2374 383 2425 ipsius
399 2372 496 2410 adeo
510 2372 644 2423 patriae
659 2372 890 2410 amittendae.
948 2374 1050 2411 Nam
1069 2373 1186 2411 sivos
1204 2373 1314 2421 liujus
1334 2372 1546 2410 mendaciis
1561 2371 1710 2422 decepti

263 2435 430 2474 credatis
447 2434 482 2472 ei
502 2434 660 2484 neganti
679 2442 839 2471 matrem
857 2441 1028 2472 nostram
1044 2435 1165 2472 civem
1181 2434 1314 2480 fuisse,
1327 2447 1398 2472 nos
1418 2434 1552 2471 fratres
1572 2432 1711 2484 pariter

263 2508 417 2547 quoque
444 2495 547 2533 cives
568 2507 644 2532 non
668 2494 829 2539 erimus,
847 2495 986 2546 quippe
1013 2502 1102 2545 post
1128 2495 1328 2533 Euclidem
1353 2494 1589 2532 Archontem
1613 2492 1707 2530 nati.

264 2558 476 2596 Videturne
500 2557 715 2605 Jamvobis
742 2556 898 2594 Diocles
927 2556 1049 2594 levem
1077 2556 1168 2594 mihi
1193 2557 1297 2594 litem
1323 2554 1515 2594 movisse?
1563 2553 1616 2591 Et
1636 2567 1708 2592 avo

263 2618 415 2669 quidem
445 2618 609 2668 itemque
634 2624 740 2668 patre
771 2624 902 2655 nostro
922 2616 1049 2654 adhuc
1078 2617 1346 2667 superstitibus
1366 2616 1456 2653 vitio
1482 2615 1708 2653 carebamus

264 2679 368 2718 omui
387 2693 396 2722 ;
446 2678 495 2716 de
524 2679 612 2730 jure
650 2677 751 2716 civili
783 2691 896 2716 nemo
929 2678 1039 2715 nobis
1072 2676 1367 2715 controversiam
1400 2676 1592 2713 movebat:
1635 2675 1709 2713 illis

266 2747 393 2780 autem
428 2740 603 2785 sublatis,
632 2740 784 2777 tametsi
815 2739 915 2778 hanc
947 2739 1044 2777 adeo
1073 2751 1227 2777 causam
1262 2737 1477 2782 vincamus,
1501 2736 1710 2787 ignominia

265 2810 393 2841 tamen
411 2802 484 2840 hac
503 2801 775 2847 laborabimus,
795 2801 962 2852 quodde
981 2807 1083 2838 statu
1100 2799 1201 2838 civili
1216 2806 1321 2836 mota
1334 2798 1444 2836 nobis
1465 2798 1601 2835 suisset
1614 2810 1707 2836 con-

266 2862 449 2902 troversia
466 2875 533 2914 per
551 2863 655 2902 hunc
677 2864 853 2901 Orestem
872 2862 1092 2914 [furiosum]
1110 2873 1224 2912 quem
1244 2860 1296 2898 dii
1315 2860 1414 2898 male
1436 2859 1612 2911 perdant,
1631 2859 1708 2909 qui,
1750 2873 1752 2876 ’

268 2938 487 2976 quanquam
516 2925 687 2964 moechus
707 2925 743 2963 in
765 2925 954 2964 adulterio
973 2923 1234 2975 deprehensus
1252 2922 1419 2972 ideoque·
1441 2934 1578 2972 passus
1599 2919 1711 2959 easit
