1870 3277
274 169 346 205 388
936 162 1053 201 ISAEI

274 269 398 305 serens
418 279 489 316 ego
510 265 615 304 vobis
645 265 830 304 molestus
850 267 951 303 fiam.
1010 265 1152 303 Omnes
1180 266 1281 304 enim
1308 279 1376 304 vos
1407 274 1597 317 paternas,
1627 278 1663 306 et
1684 270 1713 307 si

270 342 358 378 quae
381 328 465 366 aliae
485 327 613 366 adhuc
638 327 847 365 anteriores
869 334 959 365 sunt
985 326 1225 372 hereditates,
1254 327 1366 366 aditis
1392 330 1713 380 propinquitatem

273 392 401 442 adepti
431 403 479 429 ex
510 404 649 442 genere
676 391 1001 429 incontestabilem
1038 398 1151 441 atque
1181 391 1503 442 incompetibilem
1531 393 1588 443 [h.
1608 407 1641 431 e.
1668 408 1713 432 ex

272 454 383 492 titulo
401 454 709 504 propinquitatis,
729 453 820 502 quia
847 465 974 491 eorum
996 453 1154 503 proximi
1175 453 1280 497 estis,
1307 466 1374 503 per
1394 453 1590 503 sanguinis
1610 468 1714 493 com·

273 514 518 559 munionem;
548 528 626 565 quo
648 515 689 552 fit
714 522 755 552 ut
776 526 933 551 necesse
963 526 1039 551 non
1059 514 1232 552 habeatis
1250 513 1436 563 ejusmodi
1458 514 1711 553 hereditatum

273 577 438 627 aliquam
462 577 499 614 in
515 580 599 625 jure
621 575 787 626 petere]:
817 583 856 613 et
874 575 1048 626 profecto
1070 576 1198 614 nescio
1217 588 1266 613 an
1285 575 1381 612 nulli
1402 575 1563 614 antehac
1583 576 1712 625 huJus-

273 639 376 678 modi
405 647 597 677 certamen
629 651 795 689 unquam
816 637 1091 676 decertandum
1119 637 1244 677 fuerit.
1302 638 1440 676 Recita
1458 644 1498 676 tu
1524 638 1649 689 legem
1667 639 1715 677 de

272 700 398 739 liberis
424 708 601 751 parentes
629 700 725 738 male
758 699 999 745 habentibus,
1029 712 1106 750 quo
1133 700 1239 738 facto
1265 713 1332 738 vos
1361 700 1522 745 docebo,
1549 701 1714 752 judices.

272 763 517 811 quamobrem
537 761 574 799 in
595 761 707 812 liujus
727 761 940 800 certaminis
960 761 1172 799 molestiam
1188 761 1387 812 conjectus
1407 762 1557 800 fuerim.

935 864 1053 900 LEX.

331 945 390 980 13.
421 942 553 980 Cironi
586 941 760 978 nimirum
791 941 874 978 haec
897 949 1008 998 erant
1035 940 1073 976 in
1103 940 1370 978 facultatibus:
1402 941 1584 992 praedium
1615 944 1715 994 apud

275 1003 417 1055 Phylas
449 1003 560 1042 facile
593 1002 781 1041 talentum
811 1001 956 1046 valens,
989 1008 1070 1038 tum
1100 1001 1188 1039 duae
1217 1001 1354 1040 domus
1386 1001 1425 1039 in
1459 1002 1567 1048 urbe,
1599 1003 1719 1042 altera

272 1065 478 1111 elocatitia,
494 1064 597 1117 apud
612 1065 743 1103 fanum
759 1063 900 1102 Bacchi
915 1063 953 1100 in
971 1063 1123 1109 Limnis,
1139 1063 1272 1114 viginti
1285 1064 1407 1101 minas
1422 1064 1569 1109 valens,
1587 1065 1718 1110 altera,

272 1139 388 1176 quarn
419 1127 502 1177 ipse
530 1125 736 1170 incolebat,
765 1123 948 1162 tredecim
981 1124 1104 1161 minas
1130 1123 1290 1161 valens:
1321 1131 1506 1175 praeterea
1532 1126 1721 1176 mancipia

273 1187 488 1226 mercedem
508 1187 669 1225 ferentia
687 1196 727 1225 et
741 1186 829 1224 duae
851 1185 1001 1224 ancillae
1020 1192 1057 1224 et
1077 1198 1154 1222 una
1173 1185 1316 1236 puella,
1338 1194 1377 1224 et
1396 1187 1567 1237 supellex
1587 1188 1718 1226 dome-

272 1250 368 1291 stica
395 1249 548 1287 tuendae
567 1251 619 1287 rei
638 1248 813 1288 familiari
834 1246 1062 1293 necessaria,
1084 1247 1264 1285 tredecim
1290 1248 1366 1286 fere
1388 1249 1509 1287 minas
1528 1249 1718 1293 valentia;

273 1311 450 1349 universa
469 1318 596 1349 autem
623 1312 726 1348 bona
751 1309 972 1355 immobilia,
991 1308 1075 1360 plus
1103 1321 1217 1358 quam
1238 1311 1448 1361 nonaginta
1474 1311 1624 1350 minas:
1655 1312 1722 1350 de-

273 1373 387 1423 nique
413 1385 652 1410 nummorum
675 1378 757 1409 erat
780 1370 884 1408 haud
904 1383 1038 1421 parum
1067 1369 1202 1407 foenori
1222 1369 1426 1417 elocatum,
1453 1372 1554 1410 unde
1584 1385 1721 1411 usuras

272 1434 496 1473 aufferebat.
554 1433 670 1471 Bonis
695 1433 800 1471 hisce
827 1431 983 1470 Diocles
1012 1444 1087 1469 una
1104 1444 1192 1468 cum
1217 1443 1347 1469 sorore
1371 1432 1599 1483 jamdudum
1631 1433 1721 1471 insi-

271 1495 398 1534 diatus
417 1503 495 1539 est;
526 1496 566 1533 id
585 1495 690 1546 quod
709 1507 756 1533 ex
773 1507 819 1532 eo
845 1499 1010 1531 constat.
1060 1492 1333 1530 Moriebantur
1354 1495 1466 1532 ambo
1485 1494 1605 1544 pueri,
1624 1508 1720 1545 quos

274 1557 388 1597 Ciron
411 1571 432 1595 e
453 1570 580 1596 sorore
597 1556 741 1594 Dioclis
764 1561 1009 1605 susceperat;
1030 1560 1207 1604 potuerat
1226 1554 1356 1603 itaque
1375 1554 1533 1593 Diocles
1553 1568 1718 1594 sororem

273 1632 384 1658 suam
403 1619 531 1657 statim
549 1631 572 1656 a
599 1624 718 1655 morte
745 1616 895 1654 illorum
922 1626 1128 1666 puerorum
1154 1626 1178 1650 a
1198 1614 1338 1652 Cirone
1358 1614 1525 1653 ablatam
1555 1616 1618 1654 alii
1638 1618 1720 1655 cui-

269 1683 372 1733 piam
393 1680 529 1732 nuptui
548 1679 739 1718 collocare
758 1678 821 1728 qui
841 1690 890 1716 ex
910 1689 957 1714 ea
974 1676 1114 1714 liberos
1131 1682 1342 1726 quaererem
1372 1683 1453 1716 erat
1471 1678 1572 1716 enim
1587 1679 1722 1717 mulier

272 1757 318 1783 ea
343 1750 425 1782 tum
446 1748 560 1781 aetate
589 1748 632 1779 ut
650 1741 843 1792 potuisset
861 1737 989 1777 adhuc
1016 1751 1061 1776 ex
1093 1737 1168 1776 alio
1194 1750 1348 1789 parere:
1380 1739 1497 1777 Ciron
1515 1740 1615 1778 enim
1636 1742 1719 1792 jam

272 1805 427 1845 effoetus
446 1810 555 1843 erat:
583 1815 711 1841 verum
733 1800 890 1839 Diocles
909 1800 948 1838 id
964 1799 1090 1837 facere
1109 1799 1246 1846 noluit,
1258 1799 1377 1851 idque
1395 1800 1484 1839 ideo
1503 1814 1580 1852 quo
1602 1801 1717 1841 Ciron

272 1869 321 1907 de
349 1867 461 1907 bonis
489 1866 568 1904 suis
594 1878 640 1903 ne
670 1863 763 1914 quid
793 1862 1044 1901 constitueret
1074 1874 1191 1899 uxore
1224 1861 1298 1900 alio
1328 1861 1500 1906 elocata;
1531 1863 1722 1914 persuasit

271 1932 401 1981 itaque
422 1928 579 1967 Diocles
596 1926 712 1965 sorori
734 1932 775 1963 ut
792 1937 911 1976 penes
933 1924 1112 1961 Cironem
1128 1931 1314 1968 maneret,
1328 1923 1537 1962 identidem
1557 1937 1721 1963 causans

272 2006 320 2032 ex
339 2006 386 2031 eo
405 2005 445 2030 se
472 1989 669 2042 gravidam
697 2001 794 2035 esse,
815 1987 884 2025 sed
913 1987 1089 2024 abortum
1108 1998 1261 2037 passam
1280 1993 1320 2023 at
1345 1986 1529 2027 invitam:
1560 1987 1599 2025 id
1618 1987 1721 2038 quod

272 2069 318 2094 eo
346 2054 529 2099 faciebat,
558 2064 633 2102 quo
660 2050 776 2088 Ciron
797 2063 843 2087 ex
867 2048 941 2087 alio
961 2048 999 2086 in
1028 2047 1131 2086 aliud
1160 2055 1313 2098 tempus
1337 2060 1436 2086 vana
1456 2048 1619 2087 lactatus
1651 2062 1721 2101 spe

273 2129 384 2154 novae
409 2114 525 2166 prolis
545 2111 805 2164 adipiscendae
831 2117 1008 2148 neutrum
1029 2117 1198 2156 nostrum
1227 2109 1282 2160 [h.
1302 2122 1337 2147 e.
1357 2123 1484 2161 neque
1507 2123 1568 2148 me
1594 2124 1721 2163 neque

272 2179 427 2217 fratrem
459 2174 603 2223 meum]
641 2174 756 2211 filium
790 2173 1014 2224 adoptaret;
1044 2179 1192 2222 patrem
1223 2183 1377 2222 quoque
1409 2184 1537 2210 meum
1567 2172 1723 2212 Diocles

273 2250 471 2289 nunquam
513 2249 591 2274 non
632 2235 830 2273 malitiosis
866 2233 1191 2273 criminationibus
1233 2232 1460 2270 insectando
1500 2241 1721 2284 suspectum

275 2299 409 2339 Cironi
434 2299 687 2348 infestumque
705 2297 865 2334 reddere
890 2295 1051 2340 studuit,
1073 2301 1116 2333 ut
1143 2293 1253 2332 bonis
1272 2294 1354 2345 ejus
1373 2293 1582 2333 inhiantem
1606 2302 1730 2347 atque·

273 2361 529 2401 insidiantem.
597 2356 727 2396 Cironi
758 2357 912 2408 quidem
941 2356 1211 2394 blandimentis
1242 2363 1280 2394 et
1311 2355 1510 2395 lenociniis
1540 2357 1722 2395 orationis

273 2422 479 2476 persuasit,
498 2428 541 2460 ut
560 2428 642 2460 tum
659 2419 842 2471 pecunias
861 2420 901 2457 in
928 2419 1053 2456 foenus
1080 2418 1252 2457 elocatas
1278 2431 1490 2469 usurasque
1517 2418 1609 2457 inde
1633 2419 1719 2457 red-

273 2492 410 2525 euntes
440 2492 521 2523 tum
551 2484 655 2521 bona
679 2481 887 2520 immobilia
912 2493 935 2518 a
959 2494 999 2518 se
1024 2480 1278 2518 administrari
1308 2486 1530 2531 pateretur;
1565 2487 1603 2518 et
1631 2493 1718 2532 pro-

273 2548 378 2586 fecto
403 2558 586 2599 perquam
607 2544 719 2583 facile
745 2543 847 2582 factu
867 2549 961 2588 erat,
983 2548 1026 2579 ut
1045 2541 1237 2580 hominem
1257 2548 1350 2579 natu
1371 2541 1451 2592 jam
1475 2540 1717 2591 grandiorem

274 2608 412 2647 studiis
432 2615 470 2646 et
503 2606 706 2646 sedulitate
732 2605 810 2643 otio
837 2604 920 2656 ejus
946 2609 1060 2653 atque
1084 2602 1346 2641 commoditati
1372 2602 1604 2641 inserviendi
1631 2604 1720 2642 irre-

275 2670 383 2708 tiret:
425 2677 463 2709 et
493 2669 567 2707 hoc
597 2667 712 2706 modo
740 2668 842 2705 bona
870 2665 1020 2704 Cironis
1051 2664 1179 2702 omnia
1210 2664 1366 2702 Diocles
1401 2663 1457 2702 sui
1483 2664 1580 2715 juris
1614 2665 1719 2704 feeit.

276 2730 430 2768 Gnarus
451 2737 579 2768 autem
599 2742 660 2768 me
683 2727 889 2780 aliquando
907 2738 1035 2766 eorum
1063 2725 1112 2763 de
1126 2725 1211 2776 jure
1228 2725 1398 2762 futurum
1418 2739 1503 2764 esse
1523 2726 1720 2775 arbitrum,

275 2805 348 2831 avo
367 2805 388 2828 e
415 2791 509 2830 vivis
527 2791 693 2837 sublato,
712 2803 790 2829 non
817 2789 924 2828 aditu
943 2788 1100 2840 quidem
1120 2787 1169 2826 ad
1194 2799 1307 2826 avum
1328 2800 1388 2825 me
1409 2787 1574 2826 exclusit
1591 2802 1719 2840 neque

274 2852 542 2903 congressibus
563 2861 603 2890 et
628 2852 907 2891 consuetudine
926 2852 1007 2903 ejus
1027 2862 1087 2888 me
1106 2848 1249 2892 arcum
1280 2856 1383 2887 metu
1406 2863 1453 2887 ne
1480 2849 1535 2887 ira
1552 2850 1719 2900 percitus

276 2914 490 2954 simultates
512 2928 644 2953 secum
665 2915 919 2966 susciperem:
948 2918 1207 2952 verumtamen
1229 2911 1391 2962 aliquem
1411 2911 1500 2951 mihi
1521 2912 1718 2951 suscitavit
