1870 3277
613 213 831 251 CONTRA
862 212 1201 250 LEOCRATEM.
1546 217 1622 254 475

192 323 304 369 pacto
321 317 435 367 igitur
453 317 669 354 videbimini
687 316 758 354 orti
777 327 860 352 esse
880 314 926 351 ab
943 313 1014 350 illis
1033 312 1142 350 viris?
1173 313 1340 363 Dignum
1361 319 1420 352 est
1440 323 1622 365 praeterea

190 378 319 415 audire
335 378 438 428 quod
455 378 501 416 de
516 390 560 415 eo
575 378 639 427 qui
658 378 694 414 in
714 375 903 414 Salamine
920 374 1012 411 obiit
1031 374 1171 411 factum
1193 380 1250 411 est
1269 374 1476 420 decretum,
1491 390 1619 427 quem,

191 440 279 489 quia
299 439 380 476 solo
402 451 572 476 sermone
590 437 740 476 tentarit
761 435 919 487 prodere
935 436 1077 480 urbem,
1093 440 1247 472 senatus
1264 435 1437 473 auferens
1459 450 1618 475 coronas

190 513 260 538 sua
280 513 393 537 manu
413 499 564 537 occidit.

747 589 1059 627 DECRETUM.

191 680 416 717 Praeclarum
449 687 506 717 est
537 679 744 721 decretum,
772 677 935 728 judiceS‚
968 676 1202 727 (lignumque
1232 678 1362 715 vestris
1397 679 1612 729 majoribus.

189 741 244 777 Ac
269 748 370 777 recte
390 740 562 789 quidemz
591 744 772 787 cognatas
793 737 891 774 enim
921 750 993 773 non
1023 737 1144 774 solum
1172 737 1330 782 animas,
1352 751 1480 776 verum
1501 741 1613 778 etiam

188 802 462 851 flagitiosorum
484 800 681 850 supplicia,
708 798 967 848 possederunt.
1026 798 1126 841 Quid
1149 797 1274 848 igitur,
1292 799 1470 849 judices?
1499 802 1615 839 Vide—

191 870 297 900 turne
318 862 422 899 vobis
443 861 575 898 imitari
598 861 811 898 volentibus
831 859 989 909 majores
1011 873 1055 897 ex
1077 860 1208 910 patriae
1228 873 1328 897 more
1349 873 1435 898 esse
1456 862 1615 900 Leocra-

186 933 260 961 tem
282 937 355 960 non
377 923 572 961 occidere?
612 922 776 966 Quando
795 921 894 958 enim
913 922 966 958 illi
986 922 1149 959 desertae
1168 922 1267 959 urbis
1287 922 1367 959 solo
1385 924 1499 960 verbo
1527 937 1627 974 pro·.

186 985 343 1022 ditorem
372 997 417 1022 ea
444 985 589 1022 ratione
615 983 848 1028 occiderunt,
874 982 964 1032 quid
990 995 1057 1019 vos
1086 983 1259 1020 convenit
1286 983 1409 1020 facere
1436 984 1469 1020 ei
1490 984 1553 1034 qui
1576 997 1613 1022 re

184 1052 222 1083 et
240 1059 316 1083 non
336 1047 449 1082 verbo
471 1046 518 1082 ab
538 1045 708 1082 habitata
728 1043 892 1081 defecit?
922 1043 1058 1080 Nonne
1078 1056 1147 1081 nos
1169 1043 1352 1081 excellere
1372 1043 1455 1081 illos
1475 1044 1616 1095 suppli-

183 1107 242 1144 cio
268 1105 400 1144 decet?
439 1113 478 1143 et
504 1119 621 1155 quum
650 1105 702 1141 illi
729 1111 887 1141 conatos
916 1104 1008 1142 alios
1038 1104 1209 1154 populari
1237 1104 1358 1142 salute
1388 1105 1533 1155 privare
1562 1107 1614 1144 ita

183 1167 419 1218 puniverunt,
439 1166 529 1216 quid
547 1179 612 1203 vos
634 1166 747 1203 decet
765 1166 815 1202 illi
833 1166 956 1202 facere
979 1166 1040 1215 qui
1060 1164 1176 1215 ipsius
1197 1165 1326 1216 populi
1347 1166 1507 1204 salutem
1528 1180 1613 1217 pro-

183 1228 301 1265 didit?
344 1235 382 1265 et
414 1227 566 1277 quando
594 1227 647 1264 illi
679 1240 745 1277 pro
779 1226 996 1264 celebritate
1026 1226 1137 1263 famae
1169 1239 1248 1263 suae
1279 1227 1421 1264 tuenda
1449 1241 1532 1265 reos
1561 1229 1614 1265 ita

183 1289 368 1339 supplicio
387 1288 617 1331 afficiebant,
637 1288 726 1337 quid
749 1300 816 1324 vos
835 1300 902 1338 pro
922 1286 1040 1337 patria
1057 1299 1184 1338 operae
1206 1294 1264 1324 est
1282 1287 1441 1337 pretium
1464 1288 1613 1326 facere?

184 1350 408 1386 Sufficerent
438 1349 519 1385 haec
548 1348 699 1398 quidem
732 1349 780 1385 ad
811 1348 1120 1398 cognoscendam
1153 1348 1335 1398 majorum
1373 1350 1612 1396 sententiam,

182 1410 244 1459 qui
274 1423 358 1447 sese
391 1423 481 1458 erga
511 1409 776 1458 delinquentes
808 1409 845 1445 in
877 1409 1006 1446 urbem
1042 1408 1265 1458 gessissent.
1333 1409 1456 1460 Cupio
1486 1417 1612 1448 tamen

179 1470 304 1507 adhuc
324 1477 365 1507 ut
384 1470 600 1507 columnam
620 1469 795 1514 audiatis,
815 1481 901 1519 quae
929 1468 963 1504 in
994 1468 1099 1505 curia
1117 1475 1174 1505 est
1192 1475 1319 1506 erecta
1344 1469 1393 1506 de
1411 1470 1611 1520 proditori-

177 1530 250 1567 bus
278 1530 458 1580 populum
488 1529 801 1567 dissolventibus:
843 1541 930 1565 nam
958 1528 1087 1565 multis
1117 1541 1182 1565 vos
1209 1529 1391 1579 exemplis
1421 1531 1613 1570 informari

178 1590 324 1628 facilem
345 1591 449 1627 vobis
466 1590 738 1640 judicationem
759 1589 968 1626 constituit.
1026 1589 1118 1626 Post
1136 1590 1290 1639 triginta
1315 1590 1412 1628 enim
1432 1598 1612 1642 tyranno-

179 1665 310 1689 norum
342 1657 604 1701 tempestatem
633 1656 758 1700 patres
786 1649 897 1688 vestri
926 1662 948 1687 a
974 1649 1118 1687 civibus
1144 1662 1188 1687 ea
1215 1650 1316 1700 passi
1344 1651 1471 1700 qualia
1500 1665 1612 1691 nemo

180 1725 343 1762 unquam
366 1711 587 1749 Graecorum
608 1711 764 1760 dignum
785 1710 1010 1760 judicasset,
1041 1717 1079 1747 et
1104 1724 1204 1761 aegre
1229 1711 1276 1748 ad
1299 1724 1405 1748 suam
1424 1713 1553 1750 urbem
1575 1720 1613 1751 et

179 1781 319 1811 statum
348 1772 506 1822 reipubl.
533 1772 686 1816 reversi,
712 1784 844 1809 omnes
863 1772 943 1809 vias
973 1771 1157 1809 scelerum
1185 1772 1468 1819 obstruxerunt,
1494 1787 1609 1824 quum

177 1834 321 1884 experti
340 1840 467 1871 essent
484 1833 666 1883 principia
687 1845 731 1870 ac
752 1832 894 1870 scirent
912 1832 1036 1870 aditus
1057 1832 1115 1870 vel
1137 1834 1292 1871 exordia
1310 1847 1438 1872 eorum
1458 1835 1520 1884 qui
1544 1849 1610 1885 po-

178 1895 311 1946 pulum
344 1894 560 1945 proderent.
627 1894 893 1931 Deereverunt
926 1893 1024 1930 enim
1062 1894 1164 1931 edito
1196 1898 1428 1942 juramento,
1464 1896 1494 1932 si
1527 1896 1610 1946 quis

178 1955 414 2006 tyrannidem
442 1954 635 1995 affectaret
665 1962 730 1991 aut
761 1954 890 1991 urbem
918 1954 1094 2004 proderet
1125 1962 1190 1992 aut
1219 1956 1440 2006 popularem
1470 1964 1608 1994 statum

180 2018 425 2060 subverteret,
449 2023 489 2052 ut
508 2016 552 2061 is,
572 2016 635 2065 qui
665 2016 790 2052 isthuc
821 2015 1029 2065 perciperet
1047 2023 1160 2066 atque
1181 2030 1284 2054 reum
1305 2018 1436 2068 flagitii
1458 2018 1610 2056 occide-

180 2086 251 2122 ret,
270 2090 292 2114 a
310 2077 418 2114 caede
438 2090 552 2128 purus
574 2084 688 2114 esset.
746 2076 872 2113 Satius
898 2077 996 2113 enim
1018 2077 1136 2114 visum
1163 2087 1223 2116 est
1247 2079 1315 2123 eis,
1342 2086 1383 2115 ut
1403 2080 1465 2129 qui
1491 2081 1613 2130 suspi-

178 2139 284 2176 cione
319 2145 536 2175 tenerentur
569 2145 806 2174 morerentur
836 2137 973 2186 potius,
1009 2151 1121 2187 quam
1157 2146 1197 2177 ut
1227 2141 1367 2190 experti
1403 2152 1531 2178 revera
1563 2141 1609 2178 ad

178 2199 392 2237 servitutem
414 2199 688 2248 redigerentur:
720 2199 874 2235 omnino
895 2199 994 2236 enim
1016 2201 1202 2249 putabant
1221 2208 1394 2251 oportere
1419 2201 1469 2239 ita
1488 2201 1610 2239 vivere

178 2261 291 2305 cives,
313 2269 353 2298 ut
372 2273 420 2297 ne
448 2261 485 2297 in
513 2259 767 2310 suspicionem
787 2260 988 2309 quisquam
1014 2260 1146 2298 horum
1175 2262 1358 2300 scelerum
1386 2263 1609 2312 perveniret.

179 2322 234 2359 Ac
255 2321 344 2359 mihi
365 2322 489 2372 recipe
509 2321 719 2358 decretum.

739 2422 1053 2460 DECRETUM.

180 2503 291 2547 Haec,
310 2500 389 2545 viri,
409 2500 640 2550 scripserunt
660 2500 695 2536 in
717 2499 945 2545 columnam,
966 2500 1142 2549 hancque
1162 2500 1394 2539 collocarunt
1413 2502 1448 2539 in
1468 2503 1608 2541 curiam

180 2563 453 2600 monimentum
479 2562 515 2597 in
543 2561 712 2610 singulos
731 2560 809 2598 dies
831 2560 1145 2598 convenientibus
1172 2568 1287 2611 atque
1307 2563 1611 2601 consultantibus

178 2636 244 2673 pro
264 2623 384 2673 patria
404 2622 656 2667 senatoribus,
676 2635 751 2672 quo
772 2621 1063 2660 admonerentur
1081 2622 1273 2670 quomodo
1300 2635 1386 2662 sese
1407 2637 1497 2674 erga
1517 2625 1611 2662 tales

179 2695 310 2733 gerere
330 2683 524 2720 deberent.
581 2683 636 2720 Ac
656 2690 867 2733 propterea,
887 2681 917 2719 si
937 2681 1021 2731 quis
1037 2682 1225 2718 sensisset
1244 2690 1389 2719 tantum
1407 2684 1612 2722 nonnullos

180 2745 312 2781 horum
333 2745 535 2793 quicquam
562 2743 744 2787 facturos,
772 2742 944 2780 occidere
970 2742 1084 2779 talem
1104 2741 1241 2780 debere
1269 2756 1334 2780 eos
1353 2744 1612 2795 conjurarunt.

181 2805 302 2855 quue
330 2816 405 2842 non
438 2804 623 2842 immerito
652 2804 810 2841 aliorum
842 2803 939 2840 enim
968 2802 1192 2840 delictorum
1225 2811 1374 2854 oportet
1404 2809 1613 2855 posteriora

180 2878 266 2903 esse
299 2864 498 2915 supplicia,
531 2864 754 2913 proditionis
788 2870 913 2901 autem
945 2863 1149 2914 populique
1183 2864 1440 2915 dissipationis
1475 2868 1610 2917 priora.

182 2926 282 2964 Nam
303 2926 332 2963 si
353 2924 568 2963 remiseritis
590 2925 627 2962 id
648 2934 797 2976 tempus
817 2938 892 2974 quo
921 2933 1008 2962 sunt
1035 2925 1086 2962 illi
1114 2926 1214 2975 pravi
1235 2927 1412 2977 quiddam
1434 2929 1612 2965 adversus
