1870 3277
581 179 816 218 HELENAE
846 181 1140 219 LAUDATIO.
1526 183 1599 220 133

127 281 267 333 quibus
295 280 377 331 ipse
403 279 510 317 solus
538 280 739 331 pugnavit,
759 281 814 318 rei
834 281 1007 320 militaris
1028 288 1157 319 autem
1180 282 1382 320 scientiam
1402 282 1440 319 in
1459 283 1600 334 praeliis

128 341 308 387 ostendit,
330 354 419 392 quae
449 341 565 379 totius
591 341 757 379 civitatis
789 342 910 392 copiis
940 343 1112 380 munitus
1142 342 1247 388 fecit,
1277 343 1460 393 pietatem
1485 357 1601 395 porro

128 416 220 454 erga
246 403 340 441 deos
364 403 601 441 immortales
625 403 663 441 in
682 403 843 441 Adrasti
864 411 903 442 et
921 404 1129 442 liberorum
1150 404 1330 442 Herculis
1353 406 1600 456 supplicatio-

127 466 240 503 nibus
256 488 309 496 -—
324 478 414 502 nam
433 465 504 502 hos
525 464 659 516 praelio
680 465 789 503 victis
807 465 1170 516 Peloponnensibus
1191 467 1446 510 conservavit,
1466 467 1520 504 illi
1536 481 1601 506 eos

128 527 193 578 qui
216 528 287 564 sub
305 526 479 564 Cadmea
498 526 718 564 ceciderant
733 527 927 564 Thebanis
949 528 1074 565 invitis
1097 527 1344 578 sepeliendos
1362 528 1522 565 tradidit
1536 551 1601 576 —-,

127 595 289 626 caeteras
312 600 401 625 vero
422 587 582 625 virtutes
605 594 644 625 et
664 588 968 626 moderationem
988 597 1070 627 tum
1091 589 1130 626 in
1150 589 1208 627 his
1229 603 1317 640 quae
1332 589 1413 640 jam
1435 589 1601 628 diximus

129 657 209 687 tum
231 649 270 686 in
290 649 393 686 urbis
415 649 730 686 administrandae
751 650 910 688 ratione.

184 711 246 748 16.
277 710 406 753 Quum
429 709 530 747 enim
553 710 874 748 animadverteret
894 724 961 749 eos
982 712 1048 761 qui
1069 710 1215 749 civibus
1235 725 1302 762 per
1321 712 1397 749 vim
1418 711 1603 762 imperare

129 771 331 810 studerent
354 771 493 809 servire
522 771 619 817 aliis,
644 779 683 810 et
708 773 774 822 qui
801 773 951 810 caeteris
976 773 1092 810 vitam
1118 772 1372 823 periculosam
1398 773 1605 813 redderent

128 841 234 871 metu
264 834 485 884 perterritos
512 833 828 885 vivere'cogique
859 835 959 872 bella
981 848 1127 885 gerere,
1149 834 1295 873 civibus
1316 835 1474 886 quidem
1495 835 1603 886 adju-

128 897 275 934 toribus
306 903 441 934 contra
468 904 651 934 externos
678 897 827 944 hostes,
848 897 968 948 copiis
994 910 1084 934 vero
1114 896 1272 934 aliunde
1298 896 1441 946 paratis
1469 904 1605 934 contra

127 956 234 1009 ipsos
261 958 381 1001 cives,
401 964 589 1008 praeterea
618 958 783 1008 spoliare
812 959 957 1010 templa
985 958 1144 996 deorum
1172 965 1210 995 et
1238 958 1403 1009 optimos
1430 971 1605 1009 quosque

129 1017 234 1056 cives
263 1018 478 1056 interficere
504 1025 543 1056 et
568 1018 743 1057 diffidere
770 1019 1113 1070 conjunctissimis,
1135 1027 1175 1056 et
1204 1019 1323 1057 nihilo
1347 1020 1472 1057 vivere
1499 1026 1604 1057 tran-

128 1079 286 1129 quillius
315 1092 430 1129 quam
453 1093 520 1117 eos
546 1080 613 1130 qui
642 1081 680 1118 in
700 1081 858 1119 vincula
881 1081 1049 1130 conjecti
1074 1080 1264 1131 judicium
1285 1080 1422 1131 capitis
1444 1081 1606 1119 subituri

130 1148 234 1186 sunt,
255 1147 293 1178 et
307 1153 427 1190 quum
446 1141 538 1179 foris
559 1142 690 1180 felices
711 1143 927 1187 videantur,
946 1143 1050 1193 ipsos
1067 1142 1168 1179 intra
1188 1155 1270 1179 sese
1292 1142 1467 1192 pluribus
1488 1155 1603 1192 quam

129 1202 228 1240 alios
248 1203 386 1240 confici
409 1203 593 1241 molestiis
608 1227 660 1231 ——
675 1205 767 1254 quid
789 1205 889 1242 enim
911 1205 1085 1242 acerbius
1102 1210 1162 1241 est
1176 1217 1291 1254 quam
1308 1203 1343 1240 in
1362 1210 1465 1241 metu
1482 1204 1606 1241 vivere

130 1276 178 1300 ne
202 1276 224 1300 a
248 1263 419 1313 proximo
448 1277 603 1312 quoque
626 1265 835 1314 juguleris,
861 1272 900 1302 et
927 1265 1112 1303 custodes
1141 1278 1218 1301 non
1246 1264 1372 1301 minus
1402 1265 1606 1302 formidare

129 1336 246 1374 quam
268 1323 511 1361 insidiatores
526 1346 590 1370 —‚
610 1324 669 1361 his
688 1325 804 1374 igitur
820 1325 995 1362 omnibus
1015 1326 1264 1375 contemptis,
1284 1339 1402 1375 quum
1422 1326 1461 1362 id
1483 1339 1606 1376 genus

129 1385 328 1423 hominum
366 1397 442 1422 non
481 1398 566 1422 esse
602 1386 795 1436 principes
837 1386 905 1423 sed
943 1394 1073 1437 pestes
1112 1386 1312 1423 civitatum
1353 1386 1607 1433 existimaret,

129 1445 244 1484 facile
268 1457 355 1483 esse
383 1445 664 1484 demonstravit
690 1447 804 1484 simul
830 1455 868 1485 et
889 1448 1074 1498 imperare
1101 1454 1140 1485 et
1165 1448 1284 1485 nihilo
1311 1448 1499 1486 deteriore
1521 1462 1606 1487 esse

131 1507 350 1546 conditione
379 1520 495 1557 quam
522 1521 588 1546 eos
618 1508 682 1559 qui
719 1509 802 1560 pari
837 1516 876 1547 et
906 1522 1020 1560 aequo
1047 1512 1134 1558 jure
1167 1510 1301 1548 vivunt
1331 1523 1419 1548 cum
1455 1511 1607 1549 caeteris

133 1570 295 1608 civibus.

193 1633 252 1668 17.
274 1632 331 1670 Ac
352 1632 517 1683 primum
535 1631 744 1678 civitatem,
760 1645 849 1682 quae
865 1632 968 1683 prius
986 1633 1146 1683 sparsim
1163 1641 1202 1672 et
1218 1633 1370 1672 vicatim
1391 1635 1607 1682 habitabat,

133 1693 171 1730 in
199 1707 318 1731 unum
346 1695 474 1732 locum
501 1702 953 1744 congregatam-tantam
982 1695 1119 1742 effecit,
1143 1704 1186 1734 nt
1217 1697 1330 1735 etiam
1358 1711 1461 1735 nunc
1489 1711 1536 1736 ex
1562 1713 1608 1737 eo

134 1759 306 1804 tempore
334 1755 561 1793 Graecarum
593 1756 745 1792 urbium
774 1757 823 1793 sit
848 1755 1108 1807 amplissima:
1141 1757 1280 1796 deinde
1306 1759 1469 1810 patriam
1504 1773 1608 1798 com-

133 1828 290 1853 munem
310 1817 489 1854 omnibus
505 1816 719 1862 constituit,
736 1824 774 1854 et
788 1817 961 1854 liberatis
978 1817 1115 1855 civium
1134 1819 1285 1864 animis,
1302 1820 1339 1856 in
1358 1822 1610 1859 contentione

133 1876 320 1915 honorum
349 1891 482 1929 parem
512 1878 658 1915 aditum
686 1878 735 1915 ad
762 1879 1006 1929 magistratus
1032 1880 1209 1918 omnibus
1232 1894 1317 1918 esse
1338 1881 1485 1926 voluit;
1515 1896 1609 1920 con-

133 1938 278 1977 fidebat
297 1941 396 1977 enim
418 1953 460 1978 se
482 1953 557 1977 non
578 1939 704 1977 minus
727 1941 805 1977 fore
830 1940 1042 1991 principem
1071 1942 1102 1978 si
1127 1954 1213 1980 sese
1241 1951 1464 1981 exercerent
1492 1957 1608 1994 quam

135 1999 167 2038 si
187 2000 340 2051 ignavia
357 2008 568 2052 torperent,
589 2007 707 2052 atque
729 2001 876 2039 sciebat
896 2015 961 2039 eos
981 2002 1149 2040 honores
1169 2003 1285 2055 longe
1305 2005 1500 2043 suaviores
1526 2019 1609 2044 esse

135 2061 201 2111 qui
216 2075 238 2100 a
251 2062 341 2101 viris
358 2063 615 2114 magnanimis
629 2063 871 2101 deferrentur
886 2077 1001 2114 quam
1018 2077 1085 2103 eos
1101 2065 1167 2115 qui
1180 2078 1203 2103 a
1218 2066 1400 2104 servitute
1415 2068 1611 2118 oppressis

135 2124 380 2164 haberentur.
435 2127 603 2164 Tantum
624 2132 754 2163 autem
774 2125 900 2164 abfuit
919 2133 962 2164 ut
981 2126 1187 2178 quicquam
1209 2127 1356 2166 civibus
1376 2128 1504 2167 invitis
1523 2142 1614 2181 age-

135 2195 208 2234 ret,
230 2194 272 2225 ut
291 2195 330 2226 et
347 2187 428 2239 ipse
449 2200 638 2225 summam
659 2201 783 2225 rerum
804 2187 1072 2227 administrare
1098 2189 1286 2241 populum
1308 2191 1476 2240 juberet,
1499 2196 1539 2228 et
1559 2190 1613 2228 illi

137 2249 262 2286 solum
278 2262 364 2287 eum
383 2262 544 2301 regnare
560 2249 718 2295 vellent,
735 2250 1001 2287 existimantes
1019 2250 1102 2301 ejus
1118 2251 1384 2289 monarchiam
1401 2251 1611 2290 fideliorem

137 2318 177 2349 et
202 2312 410 2363 aequiorem
439 2325 526 2350 esse
553 2325 669 2363 quarn
699 2325 807 2350 suam
834 2311 1126 2351 democratiam.
1185 2313 1275 2351 Non
1301 2313 1402 2351 enim
1423 2314 1526 2364 quod
1548 2314 1612 2352 alii

137 2372 266 2411 solent
283 2374 436 2411 labores
457 2374 605 2411 civibus
625 2373 851 2419 mandabat,
866 2374 1086 2424 voluptates
1107 2374 1212 2412 solus
1231 2375 1314 2425 ipse
1335 2375 1524 2426 capiebat,
1540 2374 1611 2413 sed

137 2434 311 2485 pericula
330 2435 401 2472 sibi
423 2435 599 2485 privatim
620 2435 864 2481 vendicabat,
880 2435 1063 2473 utilitates
1085 2435 1123 2472 in
1144 2449 1350 2474 commune
1371 2437 1609 2474 conferebat.

139 2495 274 2547 Itaque
292 2496 410 2534 vitam
431 2503 470 2535 et
489 2497 571 2534 sine
594 2496 681 2534 ullis
703 2496 851 2534 insidiis
877 2503 916 2534 et
941 2510 1091 2534 summa
1116 2499 1288 2535 omnium
1313 2498 1472 2535 caritate
1499 2511 1608 2547 pere-

139 2557 215 2607 git;
255 2570 332 2595 non
363 2558 565 2609 peregrino
595 2558 714 2595 milite
746 2558 946 2609 imperium
980 2558 1204 2603 muniendo,
1239 2558 1308 2596 sed
1340 2558 1611 2597 benevolentia

136 2618 274 2657 civium
300 2632 340 2657 se
365 2619 524 2665 tuendo,
543 2625 737 2670 potestate
765 2632 843 2664 rex,
872 2619 1071 2657 beneficiis
1099 2620 1305 2670 popularis.
1362 2620 1488 2658 Tanta
1506 2620 1607 2657 enim

139 2681 321 2731 aequitate
342 2687 418 2719 tarn
446 2680 631 2732 praeclare
659 2681 793 2718 urbem
822 2681 1114 2725 administravit,
1136 2689 1178 2718 nt
1199 2681 1312 2718 etiam
1345 2680 1459 2718 hodie
1486 2681 1610 2731 quod-

139 2741 229 2779 dam
263 2742 346 2793 ejus
383 2742 693 2780 mansuetudinis
724 2742 929 2793 vestigium
964 2743 1001 2779 in
1035 2741 1175 2779 nostris
1207 2742 1389 2780 institutis
1421 2742 1608 2792 reliquum

139 2802 479 2842 animadvertatur.

200 2865 260 2901 18.
292 2864 389 2902 Eam
416 2866 543 2916 igitur,
563 2879 651 2916 quae
679 2872 718 2903 et
745 2865 843 2904 Jove
874 2870 966 2903 nata
990 2872 1029 2902 et
1056 2870 1172 2902 tantae
1194 2864 1320 2903 virtuti
1341 2878 1387 2904 ac
1406 2864 1608 2903 modestiae

141 2925 340 2965 dominata
364 2933 439 2974 est,
458 2940 587 2966 nonne
615 2927 765 2966 laudari
791 2927 906 2965 decet
932 2939 976 2964 ac
1004 2925 1181 2965 honorari
1208 2926 1401 2978 longeque
1430 2926 1608 2965 omnibus
