1870 3277
596 192 813 232 CONTRA
845 190 1172 228 PHILOCLEM.
1525 189 1603 225 449

169 295 345 345 potuerit.
409 294 546 333 Nullas
576 295 689 346 igitur
721 305 863 345 preces,
897 291 1160 337 Athenienses,
1191 302 1314 340 neque
1351 289 1601 328 miserationis

170 367 262 405 erga
281 355 364 394 illos
384 369 536 394 sensum
562 356 599 393 in
620 368 685 393 vos
712 353 966 395 admittentes,
987 364 1113 402 neque
1139 364 1225 388 vero
1246 352 1332 401 ipsis
1353 364 1397 388 ex
1425 351 1598 400 operibus

171 428 215 453 ac
240 418 395 456 veritate
415 427 605 456 ostensam
632 417 738 454 vobis
759 422 890 453 contra
914 427 998 452 reos
1018 413 1223 464 nequitiam
1244 413 1383 450 irritam
1402 413 1601 457 facientes,

170 477 387 528 reipublicae
412 479 561 530 legibus
589 478 794 528 patriaeque
815 475 1067 513 auxiliamini:
1100 475 1180 511 haec
1206 474 1304 511 enim
1332 481 1490 523 utraque
1516 486 1601 510 cum

168 537 279 576 istius
310 541 550 590 improbitate
581 540 617 576 in
647 537 831 588 judicium
863 543 1056 574 vocantur.
1114 535 1174 572 De
1200 535 1373 571 universa
1400 534 1603 584 provincia,

170 599 438 649 Athenienses,
459 600 683 638 sententiam
710 598 819 635 laturi
849 598 953 642 estis,
974 597 1021 634 de
1047 596 1249 634 exstructis
1269 594 1306 632 in
1329 608 1373 632 ea
1398 595 1545 644 templis
1565 602 1603 632 et

170 661 333 711 antiquis
355 662 483 712 legum
504 660 774 705 sanctionibus,
795 660 843 697 de
874 659 1013 697 tradita
1035 672 1057 695 a
1078 657 1281 709 majoribus
1306 656 1440 694 vestris
1460 655 1602 707 politia,

170 735 247 760 non
274 722 321 760 de
348 723 517 760 Philocle
546 721 693 758 solum:
724 720 785 757 ille
814 720 911 758 enim
939 719 1168 771 jampridem
1195 718 1362 768 seipsum
1390 725 1507 754 morte
1535 717 1602 754 da·

172 784 327 821 mnavit.
386 783 480 820 Haec
497 795 562 820 vos
584 795 655 832 ego
672 782 892 832 supplicans
913 781 1117 831 aequiorem
1139 779 1258 816 multo
1276 778 1495 829 petitionem
1514 786 1604 828 peto

171 856 284 894 quam
305 843 328 880 ii
347 843 410 892 qui
431 843 522 881 talia
549 842 668 880 moliti
690 850 791 888 sunt,
811 855 935 892 neque
961 841 1116 879 ulterius
1146 840 1362 891 permittere
1389 839 1565 877 convenit
1583 851 1605 875 a

171 904 309 955 quibus
328 903 491 954 majores
510 904 627 941 nostri
655 903 817 954 plurima
839 903 1008 954 pericula
1024 902 1193 953 perpessi
1215 907 1313 946 sunt,
1332 913 1454 950 neque
1479 899 1517 936 in
1537 899 1606 936 soe-

173 965 262 1003 dam
295 965 461 1016 aliquam
495 965 619 1002 labem
651 964 753 1002 urbis
780 964 1003 1014 dignitatem
1029 963 1232 1014 conjicere,
1263 974 1387 1011 neque
1413 961 1526 998 etiam
1556 960 1604 997 ob

172 1026 339 1077 ipsorum
360 1026 517 1076 gratiam
547 1025 813 1076 aucupandam
833 1025 939 1075 leges
960 1032 998 1062 et
1016 1023 1146 1076 populi
1171 1023 1361 1072 curiaeque
1387 1021 1606 1073 praejudicia

175 1089 372 1126 immutare
409 1088 568 1138 istisque
600 1087 811 1137 indulgere.
883 1087 998 1124 Certo
1031 1086 1130 1123 enim
1160 1085 1307 1129 scitote,
1337 1082 1608 1127 Athenienses,

169 1157 274 1187 certo
293 1150 460 1200 inquam,
479 1150 583 1187 vobis
604 1149 707 1199 apud
733 1161 862 1186 omnes
882 1162 903 1186 e
926 1148 1035 1185 factis
1056 1147 1127 1184 illis
1149 1147 1197 1184 de
1218 1159 1309 1184 auro
1330 1144 1604 1195 quaestionibus

173 1210 326 1248 laudem
355 1210 477 1261 parari
507 1210 730 1253 maximam3
760 1210 799 1247 hi
827 1222 929 1255 vero,
956 1209 1021 1259 qui
1049 1216 1183 1246 contra
1214 1220 1322 1246 suam
1351 1207 1518 1257 ipsorum
1539 1217 1605 1256 pa-

173 1271 282 1309 triam
308 1271 408 1309 dona
433 1271 645 1322 suscepisse
664 1270 828 1308 convicti
853 1277 954 1319 sunt,
974 1282 1138 1320 nequam
1159 1274 1198 1306 et
1223 1267 1348 1316 injusti
1377 1267 1607 1318 publicoque

174 1332 261 1370 odio
291 1332 396 1384 digni
423 1331 616 1376 censendi,
643 1344 769 1370 amare
787 1344 854 1369 vos
885 1344 965 1382 prae
991 1344 1032 1369 se
1054 1330 1218 1368 ferentes
1253 1328 1428 1379 urbisque
1454 1327 1605 1366 studere

176 1396 399 1442 commodis,
415 1403 453 1434 et
471 1408 537 1446 per
555 1408 621 1433 vos
641 1395 731 1433 clari
753 1393 892 1433 effecti.

276 1975 487 2011 LA'rlNAE
518 1973 1035 2009 INTERPRETATIONJS
1073 1973 1145 2007 AD
1186 1972 1507 2009 DINARCHUM

817 2077 972 2115 FINIS‚

854 2980 933 3014 3η
