1870 3277
599 195 835 235 HELENAE
865 196 1156 233 LAUDATIO.
1538 198 1607 234 131

197 301 233 337 8.
266 298 326 336 Ne
346 311 434 336 vero
455 298 491 336 id
517 298 621 348 quod
643 297 866 336 facillimum
888 303 948 335 est
969 297 1097 334 facere
1118 295 1262 342 videar,
1284 303 1326 334 ut
1343 297 1380 334 in
1401 297 1609 348 reprehen—

141 363 248 401 sione
275 362 434 400 aliorum
455 362 548 399 nihil
575 362 655 412 ipse
686 373 812 397 meum
839 360 1044 410 proferam,
1065 359 1114 396 de
1141 358 1213 395 hac
1233 359 1317 408 ipsa
1347 359 1472 397 facere
1493 360 1610 398 verba

141 423 320 466 conabor,
343 423 607 474 praetermissis
630 422 807 460 omnibus
823 421 868 458 iis
890 434 977 471 qnae
997 420 1127 458 caeteri
1145 419 1338 457 dixerunt.

192 487 229 523 9.
261 485 455 523 Orationis
477 493 604 522 autem
625 483 826 521 exordium
849 496 870 520 a
892 482 1099 533 primordio
1120 481 1273 531 generis
1301 481 1422 531 ipsius
1449 482 1605 520 ducam.

140 546 257 591 Nam,
288 560 406 597 quum
443 545 597 583 semidei
631 545 782 595 plurimi
812 557 834 581 a
868 544 966 581 Jove
997 542 1185 593 procreati
1217 542 1307 588 sint,
1340 543 1457 580 solius
1491 543 1606 594 hujus

136 607 306 645 mulieris
328 615 434 658 pater
453 607 581 644 vocari
602 605 735 643 voluit.
795 605 845 641 Et
864 605 1038 654 quamvis
1066 604 1265 641 Alcmenae
1300 603 1420 640 filium
1451 604 1605 641 maximi

136 668 284 713 fecerit,
306 675 415 705 tanto
444 668 532 718 plus
564 674 693 704 tamen
721 665 876 704 honoris
899 666 1062 704 Helenae
1084 665 1234 709 habuit,
1258 672 1300 702 ut
1322 664 1374 702 illi
1401 666 1516 702 robur
1537 666 1604 703 de·

137 730 249 775 derit,
278 731 383 780 quod
413 731 447 768 vi
479 737 641 767 caeteros
672 740 808 766 omnes
828 729 982 765 vincere
1015 733 1160 777 potest,
1190 726 1279 763 huic
1306 726 1602 777 pulcritudinem

135 791 362 837 attribuerit,
383 805 470 841 quae
501 791 572 842 ipsi
593 789 717 827 robori
739 788 836 826 solet
866 790 1066 840 imperare.
1126 788 1226 830 Quia
1248 800 1338 825 vero
1371 800 1448 824 non
1476 788 1604 838 quiete

134 859 174 890 et
192 852 270 890 otio
294 853 361 889 sed
391 852 503 890 bellis
529 859 567 890 et
594 852 770 903 perieulis
799 850 1045 901 splendorem
1067 857 1184 900 atque
1205 849 1475 887 excellentiam
1495 862 1602 887 com-

132 914 254 964 parari
278 914 436 958 sciebat,
464 927 535 951 nec
556 926 687 951 eorum
708 926 873 964 corpora
892 919 1043 949 tantum
1062 910 1352 949 immortalitate
1370 911 1517 948 donare
1534 911 1602 949 sed

131 975 236 1026 ipsos
263 975 375 1012 etiam
408 975 664 1026 perpetuitate
696 974 859 1012 nominis
891 985 1027 1011 ornare
1049 972 1289 1016 decreverat,
1311 971 1468 1009 alterius
1484 971 1601 1009 vitam

130 1035 327 1073 laboribus
349 1043 387 1073 et
416 1035 594 1086 periculis
614 1035 787 1086 plurimis
809 1033 1013 1073 obnoxiam
1036 1046 1120 1071 esse
1142 1032 1272 1076 voluit,
1302 1032 1460 1070 alterius
1487 1039 1601 1070 natu-

133 1109 211 1133 ram
232 1095 418 1133 illustrem
441 1104 479 1134 et
498 1097 756 1147 expetendam
778 1096 956 1134 reddidit.

190 1158 250 1194 10.
281 1157 340 1194 Ac
358 1157 521 1208 primum
538 1157 727 1201 Theseus,
749 1158 864 1207 AEgei
881 1159 1013 1201 verbo,
1036 1158 1160 1207 reipsa
1183 1156 1355 1206 Neptuni
1375 1157 1492 1202 filius,
1521 1157 1601 1194 visa

129 1231 174 1256 ea
195 1219 284 1256 dum
301 1218 456 1268 quidem
477 1219 681 1256 immatura
696 1225 799 1255 esset
817 1219 960 1263 adhuc,
975 1219 1044 1255 sed
1066 1219 1149 1255 aliis
1164 1218 1244 1268 jam
1262 1231 1365 1254 nunc
1385 1225 1601 1268 praestaret,

130 1292 254 1329 usque
289 1278 384 1316 adeo
420 1279 678 1329 pulcritudine
710 1279 792 1330 ejus
827 1285 1031 1329 superatus
1065 1285 1123 1315 est
1158 1278 1189 1314 is
1223 1278 1289 1327 qui
1322 1278 1417 1315 alios
1449 1278 1600 1316 vincere

131 1341 295 1389 solebat,
316 1346 371 1384 ut,
392 1353 512 1390 quum
547 1339 710 1390 patriam
744 1339 905 1377 haberet
937 1338 1215 1389 amplissimam
1242 1346 1280 1376 et
1307 1352 1467 1389 regnum
1489 1340 1602 1377 tutis-

129 1402 281 1446 simum,
301 1401 338 1439 in
360 1401 433 1437 illis
456 1401 546 1452 ipsis
566 1402 677 1438 bonis
700 1401 846 1451 absque
863 1401 977 1449 huJus
995 1399 1252 1438 familiaritate
1266 1399 1382 1439 vitam
1400 1401 1472 1437 sibi
1494 1414 1601 1438 acer-

128 1465 217 1502 bam
238 1465 319 1502 fore
344 1470 522 1514 putaret;
557 1463 626 1501 sed
656 1464 746 1514 quia
777 1477 910 1501 eorum
932 1463 1130 1501 voluntate
1161 1476 1324 1513 quorum
1353 1472 1436 1501 erat
1468 1471 1602 1502 aucto-

127 1526 219 1564 ritas
240 1538 285 1563 ea
304 1525 416 1577 potiri
439 1538 512 1562 non
535 1533 751 1575 poterat—
767 1538 855 1562 nam
874 1525 926 1562 illi
946 1532 986 1563 et
1013 1532 1165 1562 aetatem
1184 1525 1323 1576 puellae
1342 1532 1378 1562 et
1399 1526 1599 1564 oraculum

128 1589 365 1640 Delphicum
390 1590 673 1639 exspectabant
688 1611 753 1636 -,
771 1589 955 1639 despecto
980 1587 1173 1639 Tyndarei
1201 1601 1334 1638 regno,
1362 1595 1400 1625 et
1423 1589 1598 1626 Castoris

130 1651 379 1701 Pollucisque
398 1651 555 1695 viribus,
575 1658 614 1688 et
632 1651 814 1701 periculis
834 1650 1012 1688 omnibus
1043 1663 1130 1700 quae
1152 1663 1174 1687 a
1196 1650 1501 1688 Lacedaemoniis
1533 1652 1599 1689 im-

127 1713 352 1763 pendebant
373 1712 575 1762 neglectis,
593 1712 813 1763 Aphidnam
842 1712 982 1750 Atticae
1004 1712 1191 1762 oppidum
1207 1711 1240 1748 vi
1258 1722 1407 1762 raptam
1429 1713 1598 1762 pertulit,

128 1781 313 1824 tantoque
342 1786 383 1811 se
405 1773 566 1811 Pirithoi
593 1774 782 1811 beneficio
802 1773 866 1824 qui
887 1774 969 1824 ejus
992 1773 1187 1823 rapiendae
1217 1773 1344 1810 socius
1367 1773 1491 1811 fuerat
1511 1775 1599 1812 affe-

125 1844 231 1874 ctum
253 1849 336 1874 esse
357 1837 519 1887 putavit,
540 1842 595 1881 ut,
624 1849 743 1886 quum
778 1836 842 1873 ille
874 1836 1017 1873 ambire
1040 1835 1310 1886 Proserpinam
1334 1836 1441 1873 Jovis
1463 1843 1501 1873 et
1523 1837 1598 1874 Ce-

125 1899 217 1936 reris
233 1898 350 1935 filiam
371 1898 487 1936 vellet
506 1911 673 1949 eumque
700 1905 742 1935 ut
762 1911 892 1935 secum
916 1898 962 1934 ad
993 1898 1135 1935 inferos
1153 1897 1408 1934 descenderet
1430 1907 1596 1948 rogaret,

125 1973 244 2010 quum
279 1959 518 1998 dehortando
547 1966 585 1997 et
615 1959 878 1997 dissuadendo
911 1959 1002 1996 nihil
1037 1959 1277 2008 profecisset,
1310 1971 1528 2008 quanquam
1557 1960 1595 1996 in

125 2027 336 2071 conspectu
353 2028 435 2059 erat
462 2021 662 2059 calamitas
683 2026 811 2057 tamen
830 2032 914 2056 eum
934 2019 1139 2057 comitatus
1163 2019 1224 2063 sit,
1245 2019 1473 2057 existimans
1495 2020 1596 2058 hanc

125 2082 344 2119 mercedem
368 2082 449 2132 ejus
472 2082 603 2120 deberi
623 2081 766 2120 meritis
789 2087 827 2119 et
846 2087 1035 2131 susceptae
1062 2093 1137 2117 uua
1157 2080 1318 2131 periculi
1339 2080 1529 2131 societati,
1548 2094 1594 2118 ne

127 2143 208 2181 ulla
230 2143 512 2194 Pirithoijussa
531 2145 776 2182 detrectaret.

183 2206 244 2242 11.
277 2205 394 2249 Quod
422 2206 453 2243 si
486 2205 514 2242 is
541 2206 606 2255 qui
633 2205 717 2243 haec
739 2206 819 2256 egit
835 2206 1002 2257 vulgaris
1030 2207 1168 2257 aliquis
1199 2206 1334 2245 fuisset
1360 2213 1399 2244 et
1432 2220 1510 2244 non
1540 2207 1594 2243 vir

124 2266 486 2313 excellentissimus,
507 2267 681 2304 nondum
702 2274 901 2304 constaret
921 2275 1047 2304 utrum
1069 2269 1152 2305 haec
1175 2268 1296 2305 oratio
1318 2268 1402 2305 laus
1431 2269 1592 2306 Helenae

125 2339 173 2364 an
191 2327 331 2365 Thesei
351 2328 480 2378 potius
497 2335 603 2365 esset
618 2328 837 2366 accusatio:
869 2342 972 2366 nunc
993 2329 1091 2368 inter
1110 2337 1271 2367 caeteros
1294 2330 1458 2368 illustres
1478 2332 1591 2374 viros,

125 2387 241 2425 alium
262 2388 506 2435 fortitudinis,
527 2389 643 2427 alium
668 2390 865 2439 sapientiae
887 2390 1015 2435 laude,
1038 2391 1133 2428 alios
1163 2391 1246 2428 aliis
1273 2391 1493 2441 hujusmodi
1520 2392 1592 2429 vir-

124 2451 268 2488 tutibus
289 2451 459 2489 caruisse
485 2451 666 2502 reperias,
685 2451 774 2488 huic
790 2464 880 2488 vero
907 2452 977 2489 soli
998 2452 1170 2489 defuisse
1192 2451 1297 2495 nihil,
1326 2453 1394 2489 sed
1413 2452 1590 2489 virtutem

124 2513 291 2550 numeris
312 2514 487 2551 omnibus
509 2514 728 2551 absolutam
750 2514 973 2564 contigisse.
1031 2514 1163 2551 Lubet
1185 2522 1311 2551 autem
1335 2507 1383 2551 de
1401 2527 1446 2551 eo
1463 2515 1593 2554 dicere

123 2573 333 2623 prolixius:
362 2588 451 2612 nam
473 2575 695 2613 laudatores
718 2576 881 2613 Helenae
913 2576 988 2613 hoc
1021 2585 1250 2626 argumento
1284 2576 1487 2614 maximam
1522 2578 1592 2616 sibi

124 2635 238 2673 fidem
254 2637 523 2675 conciliaturos
540 2637 732 2682 existimo,
759 2638 790 2675 si
809 2637 1050 2676 ostenderint
1069 2645 1261 2675 amatores
1281 2645 1319 2675 et
1339 2638 1590 2678 admiratores

128 2697 225 2747 ejus,
240 2697 342 2748 ipsos
364 2699 446 2736 aliis
467 2699 768 2737 admirabiliores
789 2699 997 2736 exstitisse.

180 2759 241 2795 12.
274 2760 374 2797 Nam
395 2774 482 2811 quae
509 2769 638 2798 nostra
653 2768 768 2798 aetate
783 2761 885 2798 facta
900 2767 1001 2805 sunt,
1017 2760 1064 2797 de
1082 2759 1126 2796 iis
1143 2759 1247 2797 haud
1266 2760 1402 2811 injuria
1418 2770 1591 2800 nostrum

117 2818 304 2869 judicium
331 2821 625 2871 interponimus,
646 2822 683 2859 in
715 2822 827 2859 rebus
847 2834 937 2858 vero
964 2834 984 2858 a
1006 2828 1139 2858 nostra
1158 2822 1340 2859 memoria
1364 2823 1416 2860 ita
1437 2824 1592 2862 remotis

122 2892 190 2929 par
210 2892 280 2916 nos
300 2887 363 2918 est
380 2882 531 2920 illorum
552 2890 766 2933 temporum
784 2882 1042 2933 prudentibus
1064 2882 1153 2919 viris
1177 2875 1368 2920 assentiri.
1427 2885 1483 2921 Ac
1504 2886 1589 2935 pul-

124 2940 352 2979 cherrimum
372 2942 420 2980 de
433 2944 582 2982 Theseo
604 2944 732 2982 dicere
754 2944 849 2981 illud
870 2944 1007 2989 habeo,
1023 2942 1130 2994 quod
1149 2943 1330 2981 Herculis
1353 2946 1588 2995 temporibus

125 3007 237 3040 natus
256 3003 309 3041 ita
331 3015 372 3040 se
391 3005 510 3054 gessit
531 3012 571 3042 ut
591 3018 719 3056 parem
741 3019 828 3044 cum
857 3005 921 3042 illo
948 3005 1109 3055 gloriam
1130 3013 1447 3056 consequeretur.
1508 3007 1587 3045 Nec
