1870 3277
229 163 305 200 232
809 161 1101 199 lsoffltATls

231 264 502 316 expeditiores.
561 263 785 303 Insumendi
808 263 923 316 igitur
941 265 979 302 in
994 263 1237 315 disciplinam
1258 262 1359 302 hanc
1379 263 1535 314 aliquod
1552 270 1703 314 tempus

230 333 367 366 auctor
382 340 467 365 sum
489 326 818 373 adolescentibus,
840 339 917 365 non
937 335 1065 365 tamen
1090 325 1241 364 sinendi
1264 334 1304 364 ut
1324 338 1394 364 sua
1413 327 1569 377 ingenia
1589 326 1627 363 in
1643 325 1702 363 his

230 396 471 434 exarescant,
493 395 561 427 aut
580 389 617 426 in
639 388 788 427 fabulas
809 396 981 427 veterum
1002 389 1263 440 sophistarum
1276 387 1519 434 delabantur,
1539 399 1701 439 quorum

231 451 295 490 alii
326 450 515 489 infinitum
543 464 744 489 numerum
769 451 950 489 dixerunt
978 464 1101 489 rerum
1132 451 1414 497 exsistentium,
1444 449 1703 501 Empedocles

233 519 363 551 autem
380 519 560 564 quatuor,
575 526 828 564 pugnamque
844 519 881 549 et
895 512 1018 550 soedus
1033 513 1130 549 inter
1145 525 1225 557 eas,
1244 512 1312 549 Ion
1329 525 1405 550 non
1421 511 1551 563 plures
1569 511 1703 556 tribus,

232 575 435 613 Alcmaeon
464 575 578 621 duas,
609 574 860 612 Parmenides
893 582 933 612 et
964 574 1150 612 Melissus
1181 587 1311 620 unam,
1346 573 1513 624 Gorgias
1549 571 1705 610 omnino

233 636 393 674 nullam.
455 636 644 674 Existimo
670 636 772 674 enim
793 635 1012 687 hujusmodi
1040 635 1261 686 opinionum
1288 647 1414 685 nugas
1435 633 1578 672 similes
1604 646 1702 683 prae-

231 699 354 750 stigiis
384 712 472 749 quae
493 699 635 736 nullius
669 711 763 736 usus
796 704 900 744 sunt,
927 697 995 735 sed
1021 710 1108 748 quae
1135 697 1469 735 circumstantium
1497 695 1702 734 stultorum

230 774 375 799 corona
390 761 619 812 cinguntur;
653 766 833 812 oportere
850 766 978 798 autem
995 761 1043 798 ab
1064 760 1121 804 iis,
1142 760 1209 810 qui
1231 759 1377 810 aliquid
1398 758 1497 809 frugi
1519 763 1702 808 praestare

231 824 383 870 volunt,
403 831 442 861 et
463 836 660 861 sermones
683 836 805 862 vanos
827 830 865 861 et
886 835 944 861 res
965 835 1053 874 quae
1074 822 1166 860 nihil
1189 822 1238 860 ad
1257 823 1376 860 vitam
1395 822 1602 860 conserunt
1621 817 1702 857 tolli

234 898 279 924 ex
297 885 476 923 omnibus
493 885 722 936 disciplinis.

285 947 377 985 26.*
397 947 464 984 26.
494 947 554 985 Ac
575 947 623 984 de
650 947 709 985 his
738 946 830 984 mihi
857 945 1001 984 sufficit
1024 945 1215 984 hactenus
1234 952 1273 983 et
1293 944 1438 983 dixisse
1458 950 1497 982 et
1517 941 1701 982 consulu-

230 1010 328 1047 isse:
360 1008 409 1046 ad
429 1009 605 1060 sophiam
620 1021 710 1047 vero
731 1016 771 1047 et
789 1007 1070 1060 philosophiam
1090 1007 1197 1059 quod
1214 1006 1366 1053 attinet,
1382 1005 1427 1043 iis
1446 1006 1512 1056 qui
1531 1005 1703 1042 diversas

231 1072 280 1109 ab
300 1071 373 1109 hac
394 1084 535 1109 causas
551 1071 687 1109 dieunt
707 1070 813 1121 loqui
834 1077 1095 1121 opportunum
1115 1083 1193 1108 non
1221 1068 1294 1107 erit
1309 1067 1358 1106 de
1379 1066 1598 1105 nominibus
1619 1065 1703 1103 istis

230 1156 284 1162 —
301 1139 395 1171 sunt
412 1133 515 1171 enim
535 1133 662 1172 aliena
688 1134 736 1171 ab
766 1133 947 1171 omnibus
969 1131 1100 1184 litigiis
1117 1154 1168 1159 —
1183 1162 1192 1178 ,
1214 1144 1276 1169 me
1295 1136 1440 1176 autem,
1462 1128 1645 1180 quoniam
1665 1134 1705 1165 et

230 1196 367 1234 harum
395 1208 515 1234 causa
538 1195 732 1247 judicium
754 1196 876 1234 subeo
892 1202 931 1233 et
945 1208 1032 1246 quae
1052 1207 1073 1232 a
1089 1193 1324 1246 quibusdam
1343 1190 1590 1244 philosophia
1610 1189 1704 1228 dici-

231 1267 292 1297 tur
310 1272 395 1297 eam
415 1271 503 1297 esse
518 1271 632 1309 nego,
650 1257 764 1296 decet
782 1270 964 1308 quaenam
978 1257 1065 1309 jure
1086 1257 1174 1295 talis
1196 1262 1395 1307 reputetur
1417 1253 1576 1292 definire
1590 1259 1705 1303 atque

232 1320 338 1371 apud
359 1333 426 1358 vos
447 1319 609 1371 aperire.
667 1319 786 1370 Atqui
809 1319 1055 1370 singulariter
1075 1331 1236 1370 prorsus
1259 1317 1307 1356 de
1333 1318 1377 1355 iis
1405 1315 1543 1354 sentio.
1603 1314 1705 1359 Quia

231 1383 333 1421 enim
355 1389 504 1421 naturae
523 1381 704 1420 humanae
724 1395 802 1420 non
822 1381 912 1420 lieet
932 1395 1015 1420 eam
1045 1381 1250 1419 scientiam
1270 1379 1482 1430 acquirere,
1500 1390 1579 1429 qua
1599 1376 1704 1415 vide-

231 1457 363 1483 remus
384 1444 478 1495 quid
504 1443 687 1495 deinceps
714 1444 936 1482 faciendum
966 1450 1034 1481 aut
1058 1443 1266 1482 dicendum
1293 1442 1354 1487 sit,
1375 1441 1517 1492 sophos
1547 1439 1705 1490 quidem

225 1506 363 1558 judico
383 1506 448 1557 qui
470 1506 664 1543 sententia
683 1505 910 1556 plerumque
932 1511 1097 1556 possunt
1127 1504 1314 1555 optImum
1343 1503 1512 1552 assequi,
1533 1500 1705 1552 philoso-

232 1568 331 1619 phos
345 1575 476 1605 autem
489 1567 554 1617 qui
571 1567 667 1604 iniis
681 1579 723 1603 se
739 1573 934 1612 exercent,
950 1579 998 1603 ex
1012 1566 1154 1615 quibus
1170 1564 1369 1602 celerrime
1385 1563 1488 1601 hanc
1504 1561 1706 1600 scientiam

233 1629 450 1680 acquirent.
508 1630 608 1671 Quae
643 1636 774 1666 autem
806 1627 936 1665 studia
968 1626 1070 1664 hanc
1101 1625 1326 1664 contineant
1345 1625 1434 1671 vim,
1456 1624 1580 1662 habeo
1610 1636 1705 1662 sane

232 1690 377 1737 dicere,
397 1690 466 1729 sed
488 1690 594 1742 piget
614 1688 775 1728 efferre:
806 1695 898 1726 sunt
917 1689 1018 1726 enim
1045 1688 1142 1726 mira
1170 1695 1208 1725 et
1236 1687 1506 1738 inexspectata
1535 1692 1653 1736 atque
1683 1697 1706 1723 a

232 1759 462 1791 caeterorum
481 1752 662 1803 opinione
682 1751 734 1789 ita
753 1757 914 1797 remota,
935 1756 978 1788 ut
997 1762 1128 1787 verear
1147 1762 1197 1786 ne
1218 1761 1348 1787 eorum
1370 1748 1476 1786 initio
1496 1747 1630 1786 audito
1649 1754 1708 1785 tu-

233 1815 358 1853 multu
390 1822 430 1853 et
457 1816 626 1854 clamore
654 1821 777 1853 totum
807 1813 1000 1865 judicium
1031 1812 1262 1864 personetiS.
1319 1812 1399 1850 Sed
1430 1811 1523 1850 licet
1550 1811 1604 1849 ita
1633 1811 1706 1849 sim

233 1876 412 1922 affectus,
435 1877 641 1929 aggrediar
660 1883 786 1914 tamen
808 1876 857 1914 de
878 1875 923 1913 iis
942 1875 1094 1913 dicere:
1124 1873 1288 1925 puderet
1306 1886 1398 1912 vero
1417 1874 1449 1912 si
1469 1873 1705 1924 quibusdam

232 1939 383 1977 viderer
402 1947 558 1991 propter
577 1945 818 1977 senectutem
839 1943 878 1975 et
897 1936 1076 1988 exiguam
1097 1935 1212 1974 vitam
1234 1935 1391 1973 timidus
1411 1935 1589 1974 deserere
1609 1935 1706 1974 veri-

234 2008 367 2039 tatem.
427 2001 604 2039 Obsecro
625 2006 756 2038 autem
774 2012 843 2037 vos
870 2011 918 2036 ne
947 1997 1170 2050 praejudicio
1199 1997 1367 2048 quodam
1396 1997 1540 2048 putetis
1571 2010 1632 2036 me
1652 1997 1707 2036 ita

234 2063 430 2109 insanum,
451 2070 495 2100 ut
515 2063 608 2101 licet
625 2063 663 2100 in
685 2061 835 2114 judicio
854 2060 1061 2113 pericliter,
1084 2072 1342 2110 aggressurus
1361 2072 1487 2097 essem
1508 2059 1558 2097 ad
1577 2060 1705 2111 profe-

218 2125 379 2164 rendos
400 2138 598 2163 sermones
617 2124 822 2163 sententiis
841 2123 976 2162 vestris
994 2122 1224 2169 contrarios,
1244 2121 1315 2160 nisi
1336 2129 1376 2160 et
1395 2121 1592 2173 praedictis
1612 2134 1706 2160 con-

235 2193 444 2226 sentaneos
477 2193 668 2238 putarem,
700 2194 739 2225 et
775 2199 931 2238 possem
962 2198 1052 2224 vere
1085 2198 1133 2223 ac
1167 2191 1297 2236 aperte
1335 2197 1403 2222 eos
1436 2184 1704 2235 comprobare.

235 2249 370 2287 Sentio
390 2248 507 2300 igitur
525 2249 749 2300 hujusmodi
775 2256 913 2297 artem,
933 2261 1022 2299 quae
1046 2248 1240 2299 improbos
1267 2246 1425 2299 adjuvet
1451 2246 1501 2285 ad
1525 2247 1711 2285 virtutem*

228 2310 498 2362 justitiamque
523 2310 814 2362 acquirendam,
834 2323 960 2361 neque
991 2317 1108 2349 antea
1133 2310 1256 2348 fuisse
1283 2323 1412 2361 neque
1442 2322 1547 2348 nunc
1576 2309 1706 2348 adhuc

234 2372 434 2419 exsistere,
462 2385 605 2423 eosque
635 2372 701 2423 qui
731 2372 830 2410 tales
863 2371 1094 2422 sponsiones
1123 2371 1271 2409 faciunt
1298 2371 1404 2409 dicta
1431 2377 1706 2409 retractatur-os

235 2441 354 2485 atque
374 2447 398 2472 a
415 2434 528 2485 nugis
550 2440 770 2472 cessaturos
789 2433 895 2484 prius
918 2446 1035 2483 quam
1055 2433 1277 2484 hujusmodi
1295 2432 1539 2484 disciplinam
1557 2433 1706 2470 inveni-

220 2503 320 2534 ·ant:
343 2504 607 2534 verumtamen
628 2509 697 2534 eos
720 2495 879 2533 arbitror
899 2494 1126 2545 semetipsos
1147 2494 1324 2533 meliores
1344 2494 1506 2532 reddere
1524 2506 1655 2545 posse,
1675 2493 1708 2531 si

232 2559 282 2596 ad
308 2560 408 2596 bene
430 2547 640 2596 dicendum
665 2557 836 2608 impense
857 2557 1099 2603 incumbant,
1119 2562 1335 2607 curentque
1361 2569 1404 2594 se
1420 2555 1514 2593 'fieri
1541 2554 1705 2593 idoneos

234 2621 285 2659 ad
304 2620 616 2672 persuadendum
635 2619 894 2665 audientibus,
906 2624 946 2657 et
960 2619 991 2656 si
1007 2625 1193 2670 praeterea
1207 2619 1391 2657 studeant
1407 2624 1590 2668 praestare
1607 2617 1709 2656 inter

235 2690 400 2721 caeteros
419 2682 611 2728 homines,
629 2696 707 2721 non
733 2681 788 2720 ita
810 2680 968 2733 quidem
988 2687 1032 2718 ut
1050 2679 1158 2718 stulti
1178 2680 1219 2718 id
1240 2679 1473 2730 intelligunt,
1494 2679 1564 2717 sed
1583 2687 1706 2718 ut-re-

234 2757 325 2783 vera
340 2744 610 2795 praecellentes
628 2744 811 2782 evadant.
871 2742 987 2786 Quod
1001 2741 1089 2780 haec
1108 2742 1162 2780 ita
1177 2754 1218 2780 se
1238 2741 1423 2788 habeant,
1440 2741 1584 2788 statim,
1599 2748 1708 2792 puto,

235 2805 398 2858 patebit.
438 2806 497 2844 Ae
515 2806 680 2857 primum
700 2804 858 2856 quidem
879 2804 946 2856 qui
965 2804 1097 2842 dicere
1115 2810 1184 2842 aut
1203 2804 1372 2842 scribere
1392 2803 1617 2855 aggreditur
1632 2815 1710 2842 ser-

236 2880 374 2906 mones
393 2866 509 2905 laude
537 2875 577 2906 et
604 2867 752 2907 honore
770 2867 926 2918 dignos,
946 2866 1026 2905 fieri
1046 2879 1130 2904 non
1146 2872 1272 2917 potest
1290 2871 1334 2903 ut
1356 2872 1485 2903 sumat
1505 2864 1705 2903 materiam

214 2958 217 2963 ⁴
235 2930 420 2982 injustam
433 2935 501 2969 aut
514 2936 679 2969 tenuem
693 2936 761 2969 aut
777 2929 826 2969 de
842 2928 999 2981 privatis
1015 2927 1197 2980 negotiis,
1213 2926 1703 2980 sed-magnam,.puleram,
