1870 3277
240 151 315 185 *250
812 145 1101 183 IsocliA'l‘ls

242 250 386 287 exitum
408 248 603 286 deducta?
661 248 799 286 Annon
827 248 982 285 evidens
1013 255 1084 292 est,
1117 260 1184 284 nos
1206 260 1288 285 earn
1309 249 1524 298 pactionem
1554 249 1607 286 ita
1627 248 1682 285 fe-

243 312 339 350 cisse
360 311 470 360 quasi
499 323 558 347 rcs
588 309 755 347 nondum
788 316 982 347 transacta
1009 315 1123 352 esset,
1154 308 1201 346 de
1223 321 1298 359 qua
1331 310 1443 347 istum
1470 324 1515 347 ex
1545 309 1686 348 tabulis

243 373 333 410 mihi
355 371 573 410 satisfacere
588 369 815 421 oportebat?
870 370 955 408 Jam
969 383 1105 408 causas
1119 383 1190 420 ego
1207 369 1334 407 dicere
1347 383 1514 420 possum,
1525 370 1688 421 judices,

245 435 293 472 ob
314 446 410 485 quas
435 433 504 471 iste
525 433 735 484 promiserit
755 445 794 469 se
815 445 946 469 aurum
977 432 1227 470 redditurum.
1284 432 1411 473 Quum
1435 432 1535 469 enim
1555 443 1622 470 nos
1642 443 1690 468 ex

245 497 463 535 criminibus
487 496 587 547 apud
618 496 797 546 Satyrum
821 494 938 545 erepti
966 508 1137 532 essemus
1164 508 1234 532 nec
1254 495 1333 545 ipse
1355 495 1499 532 Cittum
1527 493 1692 544 depositi

245 559 440 597 conscium
466 558 661 596 occultare
693 563 839 608 posset,
866 556 1110 601 existimavit,
1135 557 1164 593 si
1194 569 1355 607 puerum
1376 556 1412 593 in
1442 555 1690 605 quaestionem

245 619 426 664 dedisset,
446 632 536 656 suas
557 618 856 656 machinationes
878 617 1161 668 deprehensum
1182 617 1239 662 iri,
1273 617 1329 655 sin
1360 617 1396 654 id
1426 630 1501 654 non
1527 616 1693 660 fecisset,

247 694 287 719 se
308 694 391 719 esse
410 679 772 722 condemnandum;
806 679 863 716 his
883 678 996 730 igitur
1016 678 1064 716 de
1083 679 1208 716 causis
1229 691 1376 716 mecum
1399 677 1606 728 transigere
1627 689 1690 715 vo—

246 742 328 779 luit.
384 742 525 780 Jubete
546 748 584 778 et
601 740 714 779 istum
743 740 924 785 indicare,
944 740 1053 791 cujus
1073 752 1146 789 ego
1176 739 1270 777 lucri
1291 752 1357 790 spe
1377 746 1445 776 aut
1464 738 1575 789 cujus
1595 737 1693 789 peri-

247 802 323 840 culi
354 808 458 840 metu
486 803 611 853 ipsum
644 802 799 840 crimine
829 801 1047 840 liberarim?
1104 802 1218 846 Quod
1246 803 1276 840 si
1303 802 1394 840 nihil
1423 802 1558 840 horum
1587 801 1693 839 vobis

248 864 450 902 ostendere
462 865 617 915 poterit,
630 877 756 902 annon
773 864 922 914 aequius
940 864 1009 901 erit
1023 863 1113 900 mihi
1133 864 1235 902 credi
1249 863 1297 902 de
1312 863 1452 902 tabulis
1471 877 1584 914 quam
1607 862 1695 901 isti?

249 925 649 975 Enimvero,judices,
678 925 750 962 hoc
769 924 879 962 facile
909 924 1145 974 intelligitur,
1167 924 1198 962 si
1219 925 1359 962 veritus
1379 937 1504 963 essem
1523 930 1567 967 ut
1593 924 1695 962 actio

250 999 273 1024 a
291 999 350 1024 me
370 986 522 1036 probari
548 993 693 1036 posset,
716 985 864 1023 licuisse
885 985 975 1022 mihi
1003 985 1116 1022 etiam
1136 985 1242 1023 nulla
1261 985 1436 1036 pactione
1456 986 1558 1023 facta
1577 997 1696 1023 causa

248 1047 455 1084 desistere:
485 1048 599 1084 istum
617 1060 707 1085 vero
727 1053 806 1084 tum
827 1053 980 1097 propter
1008 1047 1256 1096 quaestionem
1285 1052 1365 1085 tum
1386 1055 1540 1098 propter
1569 1059 1698 1084 causae

249 1110 457 1148 dictionem
478 1109 581 1160 apud
600 1123 667 1148 vos
688 1122 764 1147 non
785 1115 895 1147 extra
914 1109 1125 1160 periculum
1145 1122 1229 1147 esse
1245 1110 1428 1160 potuisse,
1449 1109 1522 1147 nisi
1541 1121 1614 1160 ego
1627 1121 1697 1146 ,ace

251 1178 406 1210 cusator
426 1172 645 1209 assentirer.
701 1172 829 1215 Quare
845 1184 920 1209 non
941 1184 1000 1209 me
1019 1171 1067 1209 de
1087 1171 1337 1216 absolutione,
1359 1171 1426 1210 sed
1441 1172 1554 1209 istum
1574 1170 1622 1208 de
1638 1183 1699 1208 so-

250 1233 394 1270 lutione
415 1233 662 1283 pecuniarum
693 1232 889 1283 pactiones
919 1233 1048 1271 facere
1075 1233 1255 1284 oportuit.
1313 1232 1464 1271 Deinde
1490 1233 1529 1270 id
1547 1245 1700 1284 quoque

251 1295 411 1333 monstri
441 1295 561 1333 simile
586 1302 657 1339 est,
688 1307 750 1332 me
778 1295 1003 1345 priusquam
1033 1295 1175 1332 tabulae
1206 1294 1537 1332 conscriberentur
1566 1293 1619 1332 rei
1646 1293 1701 1331 sic

253 1356 420 1393 diffisum
440 1368 539 1401 esse,
558 1364 600 1394 ut
621 1355 772 1394 Pasioni
786 1369 863 1393 non
883 1364 1032 1393 tantum
1048 1368 1203 1393 causam
1222 1368 1375 1393 omnem
1395 1354 1613 1399 remiserim,
1630 1354 1700 1393 sed

252 1417 341 1454 etim
368 1415 584 1467 pactionem
614 1416 662 1453 de
693 1429 739 1454 ea
766 1416 943 1454 fecerim:
974 1424 1181 1467 postquam
1201 1429 1289 1454 vero
1315 1416 1600 1454 evidentissimo
1625 1416 1701 1453 isto

252 1478 470 1516 testimonio
488 1491 548 1516 me
574 1479 656 1528 ipse
677 1477 902 1523 damnarim,
920 1486 1000 1516 tum
1030 1477 1183 1516 demum
1204 1478 1308 1529 apud
1326 1491 1394 1515 vos
1416 1477 1563 1528 judicio
1582 1489 1700 1527 expe-

251 1540 313 1577 riri
342 1540 523 1577 voluisse.
579 1540 676 1583 Quis
696 1552 783 1577 vero
812 1548 870 1577 est
890 1539 954 1589 qui
985 1539 1063 1577 suis
1088 1539 1136 1576 de
1166 1540 1279 1577 rebus
1305 1538 1396 1576 talia
1422 1537 1583 1576 consilia
1608 1537 1702 1574 inire

254 1600 373 1639 veht?

313 1664 372 1699 15.
404 1661 506 1698 Illud
527 1668 651 1698 autem
671 1667 936 1710 argumentum
957 1660 1126 1697 omnium
1147 1659 1469 1698 evidentissimum
1491 1666 1550 1698 est
1570 1660 1703 1698 Pasio-

255 1737 343 1761 nem
362 1725 399 1761 in
418 1723 595 1774 pactione
615 1735 692 1759 non
721 1721 953 1767 absolutum,
978 1721 1046 1759 sed
1068 1734 1107 1759 se
1137 1735 1271 1759 aurum
1291 1721 1387 1759 velle
1414 1721 1572 1759 reddere
1594 1721 1704 1772 polli-

257 1787 376 1825 citum
395 1786 535 1824 fuisse:
567 1798 655 1822 nam
675 1796 794 1834 quum
815 1783 848 1821 ei
870 1783 1111 1821 Menexenus
1131 1784 1229 1821 diem
1250 1783 1421 1827 dixisset,
1441 1783 1580 1821 tabulis
1606 1797 1703 1822 non·

259 1848 350 1885 dum
370 1847 606 1892 adulteratis,
627 1847 740 1884 misso
759 1845 964 1897 AgyrrhiO,
983 1846 1046 1895 qui
1062 1852 1122 1883 est
1141 1845 1290 1896 utrique
1310 1852 1482 1883 nostrum
1498 1845 1704 1891 familiaris,

259 1909 414 1960 petebat
432 1915 473 1946 ut
500 1914 566 1945 aut
584 1908 844 1945 Menexenum
869 1907 1061 1958 placarem
1080 1914 1147 1944 aut
1168 1907 1382 1958 pactionem
1411 1920 1543 1945 secum
1573 1907 1705 1946 initam

260 1972 496 2021 abrogarem.
552 1968 682 2019 Atqui,
705 1968 869 2020 judices,
898 1981 988 2005 num
1011 1968 1154 2019 putatis
1174 1981 1261 2007 eum
1280 1968 1398 2006 fuisse
1425 1967 1705 2018 postulaturum

261 2038 303 2068 ut
322 2031 447 2082 pactio
467 2030 696 2075 aboleretur,
715 2042 791 2080 qua
809 2042 879 2067 nos
899 2030 931 2066 si
949 2030 1194 2068 mentiremur
1215 2030 1456 2068 convicturus
1475 2029 1582 2067 erat?
1618 2030 1708 2068 Non

262 2092 328 2130 ille
348 2093 501 2143 quidem
524 2098 672 2130 mutata
685 2092 766 2142 jam
796 2091 980 2142 scriptura
1009 2091 1146 2129 eadem
1172 2091 1238 2129 illa
1258 2091 1365 2138 dixjt,
1387 2092 1456 2130 sed
1474 2092 1512 2130 in
1531 2092 1708 2131 omnibus

265 2152 315 2190 ad
335 2166 417 2191 eam
439 2153 613 2204 confugit
633 2160 671 2191 et
690 2153 839 2191 tabulas
859 2153 1043 2205 resignari
1056 2153 1185 2205 jussit.
1242 2154 1338 2201 Eum
1359 2155 1474 2205 igitur
1491 2155 1707 2205 pactionem

258 2214 428 2265 primum
446 2214 598 2252 abolere
616 2214 784 2252 voluisse
803 2215 858 2252 uti
877 2221 1044 2260 constet,
1063 2215 1190 2266 ipsum
1211 2215 1446 2268 Agyrrhium
1466 2221 1605 2253 testem
1624 2228 1721 2267 pro--

267 2275 420 2314 ducam.
474 2275 694 2314 Adscende.

785 2377 1190 2417 TESTIMONIUM.

330 2454 389 2492 16.
420 2453 501 2492 Nos
520 2454 633 2504 igitur
658 2454 874 2505 pactionem
905 2455 1058 2500 fecisse,
1091 2469 1170 2494 non
1197 2463 1239 2494 ut
1258 2456 1373 2495 Pasio
1393 2457 1518 2495 dicere
1543 2457 1713 2502 audebit,

273 2513 340 2559 sed
363 2521 404 2551 ut
416 2526 488 2565 ego
508 2514 617 2553 vobis
636 2515 809 2566 exposui,
827 2514 919 2553 satis
937 2528 1022 2553 esse
1036 2516 1339 2554 demonstratum
1354 2517 1524 2555 arbitror.
1582 2517 1714 2568 Neque

274 2587 362 2612 vero
381 2575 595 2613 mirandum
615 2583 676 2613 est
693 2589 779 2614 eum
805 2576 957 2615 tabulas
985 2576 1236 2623 adulterasse,
1252 2590 1328 2615 non
1359 2590 1406 2616 eo
1431 2584 1578 2615 tantum
1609 2579 1713 2628 quod

276 2636 395 2675 multa
406 2637 489 2687 jam
506 2637 598 2676 talia
621 2638 724 2676 facta
743 2644 847 2684 sunt,
874 2638 944 2675 sed
971 2637 1082 2676 etiam
1104 2639 1208 2689 quod
1235 2638 1390 2689 quidam
1407 2638 1586 2677 Pasionis
1607 2639 1716 2678 fami-

274 2697 385 2735 liares
407 2698 465 2736 his
483 2698 604 2737 multo
623 2700 794 2750 graviora
812 2702 1096 2739 commiserunt.

336 2760 396 2796 17.
425 2760 689 2812 Pythodorum
708 2762 809 2800 enim
827 2769 1080 2814 cognomento
1092 2762 1376 2808 Tabernarium,
1391 2763 1455 2813 qui
1474 2776 1542 2814 pro
1557 2763 1719 2802 Pasione

281 2821 408 2859 omnia
426 2827 465 2858 et
491 2822 584 2861 dicit
602 2831 640 2861 et
657 2823 760 2869 facit,
788 2823 872 2874 quis
892 2830 1060 2863 vestrum
1090 2824 1242 2874 ignorat
1271 2836 1372 2861 anno
1394 2824 1587 2875 superiore
1614 2825 1718 2868 urnis

279 2882 480 2933 resignatis
511 2896 576 2922 eos
604 2885 792 2925 exemisse
817 2885 970 2934 judices
997 2886 1062 2936 qui
1082 2898 1102 2923 a
1131 2892 1267 2923 senatu
1296 2885 1427 2937 injecti
1451 2885 1627 2924 fuerant?
1682 2886 1719 2933 Is
