1870 3277
669 410 1081 465 ISOCRATIS

372 549 768 598 HELENAE
833 552 1351 602 LAUDATIO.

191 767 224 802 1.
256 766 378 804 SUNT
412 767 477 817 qui
510 767 581 804 sibi
612 767 726 805 valde
751 767 948 817 placeant,
979 767 1011 805 si
1041 774 1313 817 argumentum
1332 769 1544 808 absurdum
1565 781 1604 812 et

131 826 354 865 admirabile
375 828 549 878 aggressi
570 829 618 867 de
635 842 680 867 eo
700 829 949 867 tolerabiliter
964 829 1090 867 dicere
1105 836 1272 879 queant:
1302 837 1340 868 et
1360 845 1429 882 per
1449 845 1602 872 omnem

130 894 285 926 aetatem
305 889 342 926 in
366 902 431 927 ore
457 890 603 928 habent
621 891 684 929 alii
703 904 779 929 non
799 904 913 942 posse
934 891 1084 928 mentiri
1104 904 1338 943 quemquam
1360 901 1426 932 aut
1446 903 1601 936 contra-

130 950 258 988 dicere
280 963 405 1001 neque
431 951 529 989 duas
551 952 599 990 de
620 954 733 990 rebus
755 952 890 990 iisdem
913 952 1125 990 contrarias
1145 953 1338 992 orationes
1358 954 1516 1002 habere,
1539 957 1601 996 alii

126 1012 391 1050 fortitudinem
412 1020 450 1050 et
465 1014 692 1064 sapientiam
709 1020 748 1051 et
761 1013 952 1065 justitiam
973 1013 1074 1052 idem
1091 1027 1193 1060 esse,
1207 1028 1332 1066 neque
1348 1030 1419 1055 nos
1440 1018 1598 1057 istarum

127 1086 251 1111 rerum
273 1081 410 1111 natura
437 1076 645 1125 quicquam
664 1075 821 1122 habere,
850 1075 918 1113 sed
939 1089 1056 1113 unam
1084 1089 1167 1113 esse
1198 1077 1397 1116 scientiam
1417 1093 1496 1130 qua
1514 1080 1600 1120 haec

125 1135 254 1172 omnia
285 1135 512 1180 tradantur;
551 1137 611 1174 alii
638 1144 793 1187 ternpus
825 1136 918 1174 rixis
949 1144 1079 1174 terunt
1110 1150 1198 1187 quae
1231 1138 1390 1188 quidem
1419 1141 1598 1181 utilitatis

126 1196 220 1233 nihil
240 1195 414 1241 afferunt,
433 1198 502 1235 sed
524 1198 682 1248 negotia
697 1198 893 1236 facessere
912 1206 1076 1249 possunt
1093 1199 1349 1238 auditoribus.

179 1259 217 1293 2.
248 1257 336 1306 Ego
354 1270 444 1294 vero
465 1257 497 1295 si
525 1272 648 1309 nuper
667 1258 830 1309 ineptias
852 1258 941 1295 istas
970 1259 1008 1295 in
1037 1259 1269 1309 eloquentiae
1296 1261 1467 1299 studium
1488 1263 1597 1302 inve-

124 1324 205 1356 ctas
225 1318 394 1355 viderem
421 1318 587 1368 illosque
609 1319 849 1357 inventorum
870 1319 1040 1357 novitate
1071 1319 1238 1369 gloriari,
1260 1334 1392 1359 eorum
1424 1322 1597 1362 insolen-

123 1379 214 1417 tiam
245 1393 324 1417 non
350 1380 511 1430 perinde
542 1381 725 1419 mirarer:
756 1394 862 1419 nunc
889 1382 975 1431 quis
1004 1381 1102 1419 adeo
1134 1381 1239 1419 rudis
1267 1391 1328 1421 est
1354 1385 1420 1434 qui
1449 1387 1597 1426 nesciat

124 1440 374 1492 Protagoram
401 1454 446 1480 ac
477 1441 578 1479 illius
605 1442 787 1493 temporis
819 1442 1015 1493 sophistas
1044 1448 1083 1479 et
1110 1441 1205 1479 talia
1225 1449 1264 1480 et
1281 1443 1340 1480 his
1365 1444 1482 1496 longe
1504 1459 1595 1497 ope-

123 1503 270 1540 rosiora
289 1503 432 1552 scripta
453 1503 563 1541 nobis
583 1502 816 1553 reliquisse?
874 1504 975 1541 Nam
996 1503 1062 1553 qui
1082 1503 1255 1553 superari
1283 1505 1331 1542 ab
1355 1505 1433 1543 ullo
1461 1515 1597 1557 posset

124 1562 290 1614 Gorgias
317 1564 383 1614 qui
406 1564 500 1602 nihil
520 1564 558 1601 in
580 1577 705 1602 rerum
725 1570 863 1602 natura
884 1577 971 1602 esse
992 1564 1088 1602 dixit
1111 1565 1216 1615 quod
1237 1565 1301 1613 sit,
1322 1573 1389 1604 aut
1409 1568 1512 1606 Zeno
1533 1569 1598 1620 qui

122 1626 284 1676 probare
311 1632 474 1663 conatur
500 1626 636 1664 eadem
664 1631 704 1663 et
728 1638 846 1677 posse
875 1633 914 1663 et
939 1638 1017 1663 non
1048 1639 1165 1676 posse
1193 1626 1288 1673 fieri,
1310 1635 1378 1666 aut
1407 1628 1594 1669 Melissus

121 1687 200 1736 qui,
225 1699 344 1736 quum
378 1700 440 1724 res
471 1687 634 1726 infinitae
663 1687 753 1733 sint,
776 1686 941 1724 rationes
975 1687 1145 1724 invenire
1176 1696 1338 1726 conatus
1369 1696 1429 1727 est
1455 1691 1593 1742 quibus

120 1746 403 1785 demonstraret
423 1760 544 1785 unum
565 1747 750 1798 quiddam
773 1760 857 1785 esse
878 1753 999 1785 totam
1020 1760 1145 1784 rerum
1167 1749 1488 1789 universitatem?

174 1809 209 1845 3.
243 1807 327 1845 Etsi
348 1816 475 1846 autern
506 1809 559 1846 illi
590 1816 668 1846 tam
688 1808 887 1847 evidenter
908 1808 1165 1847 ostenderunt
1184 1809 1299 1847 facile
1320 1824 1403 1849 esse
1425 1811 1474 1850 de
1495 1827 1592 1864 qua-

117 1882 270 1919 cunque
291 1883 330 1907 re
352 1870 383 1907 si
397 1869 516 1908 libeat
535 1869 671 1908 falsam
687 1869 900 1907 orationem
915 1868 1169 1916 comminisci,
1186 1870 1317 1909 adhuc
1339 1882 1468 1910 tamen
1489 1873 1526 1911 in
1547 1888 1594 1914 eo

119 1929 204 1968 loco
220 1931 470 1968 immorantur
486 1930 573 1969 isti:
606 1943 703 1981 quos
718 1930 849 1968 decuit
868 1930 1018 1968 omissis
1040 1931 1245 1982 praestigiis
1261 1931 1348 1978 illis,
1363 1946 1450 1983 quae
1471 1948 1593 1986 quum

120 1991 244 2029 verbis
274 1991 370 2029 alios
391 1992 621 2029 convincere
650 2004 691 2028 se
710 1992 979 2042 profiteantur,
1002 1991 1129 2041 reipsa
1153 1991 1234 2042 jam
1263 1993 1353 2030 olim
1383 1994 1477 2043 ipsae
1497 2009 1592 2034 con·

116 2054 230 2091 victae
250 2059 352 2097 sunt,
374 2053 524 2090 veritati
552 2052 723 2096 studere,
755 2058 794 2090 et
828 2065 918 2089 suos
948 2051 1141 2090 auditores
1175 2053 1211 2089 in
1239 2052 1283 2091 iis
1305 2055 1420 2093 rebus
1441 2058 1589 2106 quaein

116 2114 195 2151 vita
220 2110 417 2152 communi
448 2127 563 2152 usum
592 2113 738 2152 habent
770 2114 934 2160 erudire,
969 2121 1085 2164 atque
1116 2115 1153 2151 iu
1176 2115 1391 2155 actionibus
1411 2118 1588 2159 civilibus

114 2188 322 2226 earumque
338 2175 473 2227 peritia
492 2189 683 2222 exercere,
703 2175 800 2213 illud
831 2175 1062 2226 cogitantes,
1083 2176 1198 2227 longe
1223 2179 1481 2228 praestabilius
1503 2195 1588 2221 esse

115 2237 164 2276 de
197 2238 311 2275 rebus
348 2237 505 2274 utilibus
535 2237 753 2275 mediocres
788 2238 988 2289 opiniones
1020 2237 1163 2276 habere
1196 2252 1313 2290 quam
1349 2254 1585 2292 supervaca—

113 2311 273 2336 nearum
294 2297 524 2349 exquisitam
545 2298 819 2349 cognitionem,
841 2306 880 2336 et
901 2298 984 2336 aliis
1018 2299 1135 2350 paulo
1159 2301 1396 2351 superiorem
1429 2316 1514 2341 esse
1547 2304 1587 2342 in

114 2360 265 2410 magnis
297 2373 411 2410 quam
445 2360 482 2397 in
517 2361 658 2412 parvis,
693 2360 905 2412 praesertim
938 2361 983 2399 iis
1012 2374 1100 2412 quae
1127 2362 1244 2401 vitam
1272 2363 1363 2401 nihil
1398 2365 1587 2415 adjuvant

112 2421 272 2460 multum
295 2421 500 2461 excellere.

164 2486 202 2520 4.
232 2482 378 2520 Verum
398 2482 480 2520 istis
500 2482 593 2520 nihil
611 2482 716 2520 aliud
736 2495 839 2521 curae
857 2490 930 2528 est,
953 2483 1026 2521 nisi
1045 2490 1087 2521 ut
1112 2484 1161 2522 ab
1183 2484 1495 2525 adolescentibus
1516 2500 1584 2540 pe—

111 2544 263 2582 cuniam
302 2543 491 2582 auferant.
550 2544 671 2595 quue
705 2550 887 2595 praestare
918 2551 1046 2596 potest
1077 2544 1204 2583 rixosa
1235 2545 1299 2582 illa
1329 2546 1582 2598 eloquentia:

110 2619 214 2650 nam.
232 2606 297 2657 qui
326 2619 451 2656 neque
476 2605 670 2657 publicam
699 2619 824 2657 neque
850 2607 1040 2657 privatam
1069 2620 1146 2644 rem
1175 2613 1322 2651 curant,
1343 2606 1380 2643 hi
1408 2607 1582 2659 disputa-

112 2667 276 2705 tionibus
296 2666 371 2705 illis
392 2666 638 2704 delectantur
655 2669 819 2705 maxime
836 2681 925 2719 quae
946 2679 1102 2718 prorsus
1120 2667 1223 2704 omni
1247 2674 1380 2706 carent
1400 2669 1579 2709 utilitate.

163 2731 201 2766 5.
230 2729 288 2767 Ac
309 2728 623 2766 adolescentibus
644 2729 800 2779 quidem
826 2729 981 2767 omnino
1002 2728 1114 2766 venia
1140 2728 1256 2779 hujus
1283 2730 1420 2768 erroris
1448 2730 1580 2770 danda

109 2795 194 2833 est;
225 2802 344 2840 quum
372 2789 551 2827 omnibus
572 2790 609 2827 in
630 2791 744 2828 rebus
766 2803 812 2828 ea
833 2789 986 2828 maximi
1009 2789 1156 2827 faciant
1175 2803 1263 2841 quae
1292 2803 1578 2841 supervacanea

111 2855 204 2888 sunt
227 2857 267 2888 et
284 2863 306 2888 a
323 2851 517 2889 communi
539 2864 658 2890 sensu
683 2851 916 2890 abhorrent:
949 2851 1014 2902 qui
1041 2858 1171 2890 autem
1201 2852 1407 2904 magistros
1428 2867 1468 2893 se
1489 2867 1577 2906 per-

111 2909 230 2948 hiberi
250 2911 384 2950 volunt
408 2912 719 2962 reprehendendi
751 2919 854 2958 sunt,
876 2913 954 2963 qui,
980 2925 1101 2963 quum
1127 2925 1193 2952 eos
1223 2921 1407 2953 accusent
1439 2916 1503 2965 qui
1536 2916 1573 2954 in

836 2985 854 3011 s
