1870 3277
652 183 725 221 AD
759 179 1076 220 PHILIPPUM.
1551 178 1601 215 69

191 285 255 321 63.
288 283 384 322 Haec
406 283 522 335 igitur
542 283 671 322 omnia
697 283 978 335 perpendenda
1005 290 1044 322 et
1073 295 1245 321 seorsum
1277 283 1344 322 tibi
1371 281 1602 321 excutienda

137 351 239 390 sunt,
256 352 308 390 et,
323 345 459 395 siquid
481 345 632 383 mollius
654 352 720 383 aut
739 345 865 383 minus
886 351 1066 383 accurate
1088 345 1235 382 dictum
1255 344 1381 389 fuerit,
1399 351 1494 381 aetas
1515 356 1603 382 mea

136 407 172 443 in
193 407 306 457 culpa
325 415 396 452 est,
419 409 480 445 cui
501 409 634 446 merito
652 408 805 446 veniam
834 408 984 446 dabunt
1009 421 1165 446 omnes:
1204 407 1263 445 sin
1285 407 1329 444 iis
1350 407 1488 445 similia
1512 421 1600 458 quae

137 468 393 519 superioribus
415 469 651 519 temporibus
672 482 695 506 a
715 482 774 506 me
794 469 898 507 edita
925 476 1016 507 sunt
1033 469 1279 512 videbuntur,
1301 467 1599 506 existimandum

136 530 207 566 erit
227 542 272 566 ea
292 542 367 566 non
388 531 575 567 senectuti
597 543 692 567 meae
712 538 873 581 accepta
893 530 1110 576 referenda,
1128 529 1199 567 sed
1219 529 1280 567 dei
1301 528 1464 579 alicujus
1483 530 1600 567 bene-

136 589 330 636 volentiae‚
346 591 501 640 quinon
524 591 572 628 de
593 605 652 629 me
675 591 723 629 sit
744 591 946 637 sollicitus,
968 591 1038 629 sed
1059 591 1224 628 Graeciae
1241 590 1401 628 salutem
1423 603 1516 628 cura
1532 603 1602 628 sua

136 653 431 703 complectatur,
450 651 592 702 quique
623 652 779 690 studeat
808 666 896 690 cum
923 653 1150 703 urgentibus
1172 665 1256 690 eam
1285 651 1395 689 malis
1423 651 1598 695 liberare,

136 720 216 750 tum
236 721 273 750 te
295 713 415 763 gloria
437 726 572 751 ornare
600 727 645 751 ea
665 727 781 764 quam
803 728 906 752 nunc
928 714 1044 752 habes
1067 714 1184 764 longe
1211 713 1370 764 majore.
1427 713 1602 750 Arbitror

136 782 261 812 autem
285 783 321 812 te
343 788 420 812 non
438 775 612 824 ignorare
628 788 705 826 quo
722 782 834 826 paeto
851 775 903 813 dii
921 789 979 813 res
991 775 1180 813 humanas
1196 774 1477 812 administrent.
1509 772 1599 811 Non

134 835 232 872 enim
255 836 326 887 ipsi
348 850 418 874 sua
438 850 551 873 manu
574 837 800 887 impertiunt
818 837 880 874 vel
900 850 1086 889 prospera
1105 836 1166 875 vel
1185 836 1347 874 adversa
1368 848 1455 886 quae
1474 834 1599 872 homi-

133 897 248 935 nibus
268 898 516 948 contingunt,
538 898 608 935 sed
634 912 718 936 eam
747 905 911 936 mentem
941 899 1035 936 dant
1065 898 1243 948 singulis,
1263 904 1306 934 ut
1333 896 1393 934 vel
1420 895 1599 934 cladibus

133 958 232 996 ultro
254 959 426 1009 citroque
443 972 482 996 se
503 959 672 997 afficiant
690 960 751 997 vel
772 973 998 998 communes
1026 959 1213 996 utilitates
1244 958 1278 996 in
1316 957 1485 995 medium
1506 957 1600 996 affe-

131 1027 220 1058 rant
239 1021 449 1058 mutatione
470 1020 693 1059 officiorum.
753 1021 818 1059 Ad
841 1021 941 1059 hunc
969 1021 1124 1059 modum
1154 1020 1238 1058 fieri
1263 1026 1390 1071 potest
1420 1026 1463 1056 ut
1491 1019 1599 1057 nobis

133 1084 344 1121 orationem
367 1084 581 1130 tribuerint,
603 1091 641 1122 te
663 1097 751 1122 vero
768 1084 945 1135 gerendis
966 1085 1080 1122 rebus
1100 1083 1358 1135 praefecerint,
1375 1082 1599 1120 existiman-

133 1154 191 1183 tes
210 1154 248 1183 et
269 1153 304 1183 te
325 1146 579 1196 pulcherrime
599 1147 673 1183 ista
692 1147 898 1191 obiturum,
916 1153 954 1183 et
974 1147 1186 1184 orationem
1209 1157 1330 1182 meam
1353 1144 1599 1182 audientibus

133 1209 285 1246 minime
303 1222 458 1259 gravem
489 1216 527 1246 et
557 1209 760 1246 molestam
790 1208 972 1247 futuram.
1030 1209 1090 1246 Ac
1110 1221 1157 1245 ne
1185 1208 1423 1258 superiorum
1444 1207 1598 1258 quidem

132 1277 345 1320 temporum
379 1283 436 1307 res
469 1278 599 1319 gestas
631 1277 758 1307 tantas
787 1270 907 1307 fuisse
935 1270 1084 1307 futuras
1115 1269 1311 1315 existimo,
1340 1270 1411 1307 nisi
1439 1269 1598 1307 deorum

130 1331 295 1381 aliquem
312 1331 518 1382 propitium
540 1338 579 1369 et
598 1330 816 1381 adjutorem
832 1330 1046 1376 habuisses,
1063 1343 1139 1368 non
1161 1330 1333 1380 profecto
1355 1336 1397 1367 ut
1415 1331 1599 1368 barbaros

133 1393 343 1442 Europaeos
363 1393 474 1430 bellis
495 1393 692 1444 perpetuis
713 1392 931 1439 infestares,
951 1392 1017 1430 sed
1051 1399 1106 1438 ut,
1126 1393 1199 1429 illis
1229 1392 1338 1443 quasi
1365 1392 1597 1430 velitationi-

129 1454 202 1491 bus
223 1455 454 1493 exercitatus
475 1462 664 1505 partaque
692 1454 828 1505 peritia
857 1461 896 1492 et
921 1454 1126 1492 nobilitata
1145 1454 1284 1491 virtute
1304 1461 1384 1499 tua,
1405 1453 1487 1492 haec
1510 1468 1598 1505 quae

130 1529 203 1566 ego
225 1529 330 1554 nunc
360 1516 428 1554 tibi
458 1516 603 1554 suadeo
632 1523 834 1566 expeteres
855 1515 901 1554 ad
925 1528 1047 1566 eaque
1079 1515 1323 1566 capessenda
1342 1515 1510 1553 animum
1532 1529 1598 1553 ex-

130 1576 302 1616 tolleres.
361 1579 490 1628 Turpe
519 1577 634 1628 igitur
655 1577 770 1615 fuerit
795 1578 990 1614 fortunam
1020 1584 1126 1615 recte
1153 1583 1390 1628 praeeuntem
1418 1590 1496 1615 non
1517 1577 1596 1615 ala-

128 1639 241 1677 criter
262 1641 385 1691 sequi,
402 1653 525 1691 neque
548 1639 646 1678 ultro
666 1640 715 1677 ad
737 1640 881 1691 majora
900 1639 1054 1677 vocanti
1072 1640 1356 1690 obtemperare.

181 1703 247 1739 64.
279 1701 446 1751 AEquum
479 1707 606 1738 autem
638 1714 723 1738 esse
752 1713 909 1746 censeo,
936 1708 980 1737 ut
1008 1713 1096 1738 cum
1128 1700 1307 1738 omnibus
1337 1699 1382 1738 iis
1413 1699 1599 1738 honorem

128 1762 280 1800 habeas·
293 1763 357 1813 qui
376 1775 433 1800 res
453 1775 476 1800 a
497 1769 534 1800 te
552 1768 684 1813 gestas
707 1762 935 1813 praedicant,
956 1769 1037 1799 tum
1059 1774 1191 1799 eorum
1213 1761 1419 1800 verissimis
1440 1768 1476 1799 te
1496 1762 1598 1800 cele-

126 1824 225 1860 brari
243 1823 422 1861 laudibus
440 1823 638 1861 existimes
652 1824 717 1874 qui
733 1831 908 1861 naturam
930 1830 1036 1861 tuam
1053 1823 1261 1874 majoribus
1279 1822 1446 1873 negotiis
1465 1836 1597 1873 parem

128 1898 214 1922 esse
242 1891 404 1923 censent
435 1885 630 1936 tantisque
661 1885 776 1923 rebus
806 1885 932 1923 animo
953 1891 992 1922 et
1011 1884 1202 1922 sententia
1223 1897 1294 1922 sua
1322 1891 1359 1921 te
1381 1883 1599 1934 praeficiunt

130 1953 293 1996 quantas
320 1960 394 1997 ego
425 1960 529 1984 nunc
555 1947 737 1998 exposui3
767 1959 895 1996 neque
915 1945 1017 1983 enim
1036 1946 1075 1983 hi
1097 1946 1166 1983 soli
1190 1945 1487 1996 magnifaciendi
1509 1952 1600 1983 sunt

129 2007 193 2057 qui
229 2008 384 2045 auribus
420 2008 457 2044 in
486 2007 693 2058 praesentia
725 2007 991 2052 blandiuntur,
1021 2007 1087 2045 sed
1121 2006 1184 2057 qui
1215 2007 1386 2044 efficient
1421 2014 1461 2045 ut
1493 2006 1597 2058 apud

128 2075 303 2118 posteros
325 2069 362 2106 in
382 2075 491 2106 tanta
517 2069 567 2106 sis
589 2068 839 2107 admiratione
865 2069 901 2105 in
922 2075 1068 2119 quanta
1088 2080 1200 2106 nemo
1222 2081 1390 2118 unquam
1411 2068 1494 2106 suit.
1553 2069 1598 2105 In

129 2130 229 2168 hanc
243 2131 472 2168 sententiam
493 2130 604 2181 plura
616 2130 774 2180 quidem
793 2131 907 2181 cupio
927 2130 1135 2168 disserere:
1158 2129 1224 2167 sed
1239 2143 1355 2180 quam
1370 2130 1419 2168 ob
1439 2142 1598 2169 causam

127 2192 166 2230 id
188 2193 315 2230 facere
337 2206 542 2244 nequeam,
563 2193 650 2245 plus
667 2193 759 2231 satis
779 2200 840 2231 est
859 2193 1018 2231 dictum,

182 2255 247 2291 65.
278 2254 417 2292 Restat
444 2254 559 2305 igitur
588 2261 630 2292 ut
660 2255 696 2291 in
729 2267 919 2292 summam
950 2254 1080 2292 omnia
1099 2267 1252 2305 cogam,
1281 2261 1324 2291 ut
1357 2267 1471 2305 quam
1500 2268 1596 2306 pau-

127 2315 290 2354 cissimis
312 2316 519 2367 perspicias
539 2316 656 2354 totius
673 2316 823 2354 consilii
845 2324 974 2366 caput.
1016 2316 1091 2353 Aio
1107 2316 1222 2366 igitur
1243 2323 1280 2353 et
1297 2315 1456 2354 Graecos
1476 2317 1597 2355 bene-

127 2378 222 2415 ficiis
245 2378 311 2415 tibi
332 2377 603 2429 adjungendos
635 2391 736 2422 esse,
771 2384 809 2415 et
841 2378 1040 2428 imperium
1070 2377 1107 2414 in
1141 2377 1382 2415 Macedones
1414 2390 1597 2416 exercen-

129 2440 234 2484 dum,
265 2448 303 2477 et
332 2440 503 2477 barbaris
535 2452 649 2490 quam
689 2438 861 2490 plurimis
900 2439 1180 2489 imperandum.
1239 2439 1338 2481 Quae
1378 2439 1408 2475 si
1447 2439 1597 2484 feceris,

128 2513 260 2539 omnes
281 2500 346 2538 tibi
376 2499 536 2551 gratiam
557 2500 768 2545 habebunt,
800 2500 928 2538 Graeci
961 2501 1009 2538 ob
1039 2507 1202 2551 accepta
1232 2499 1433 2543 beneficia,
1466 2499 1601 2538 Mace-

127 2563 248 2601 dones
267 2563 316 2601 ob
338 2563 482 2613 regiam
505 2569 544 2600 et
563 2575 639 2599 non
660 2562 900 2613 tyrannicam
921 2561 979 2599 sui
999 2561 1330 2612 gubernationem,
1351 2560 1510 2610 reliquae
1530 2574 1599 2599 na-

127 2625 251 2662 tiones
273 2624 378 2675 quod
407 2623 607 2662 barbarico
628 2623 828 2661 dominatu
857 2623 1027 2661 liberatae
1050 2623 1272 2659 Graecorum
1305 2621 1526 2660 dexteritati
1552 2636 1597 2661 ac

126 2686 213 2724 fidei
233 2685 396 2723 salutem
414 2697 523 2722 suam
548 2684 856 2722 commendatam
873 2684 1047 2722 viderint.
1108 2683 1206 2720 Haec
1226 2694 1340 2732 quam
1362 2685 1598 2733 temporibus

126 2754 214 2796 apte
242 2759 365 2798 quave
393 2745 593 2796 diligentia
614 2746 756 2797 scripta
775 2746 867 2791 sint,
885 2759 904 2783 e
923 2745 1031 2783 vobis
1053 2744 1116 2794 qui
1138 2742 1334 2780 audieritis
1355 2755 1596 2794 cognoscen-

126 2807 218 2844 dum
238 2809 331 2846 erit:
363 2808 431 2846 sed
453 2808 610 2846 meliora
639 2807 696 2846 his
722 2815 759 2845 et
784 2807 833 2845 ad
862 2807 965 2845 hunc
988 2819 1113 2844 rerum
1141 2812 1282 2842 statum
1306 2805 1425 2855 magis
1445 2819 1598 2845 accom-

125 2870 282 2908 modata
298 2870 363 2908 tibi
380 2884 583 2909 suasurum
605 2884 687 2909 csse
710 2870 917 2915 neminem,
941 2869 1033 2907 satis
1057 2867 1145 2905 mihi
1169 2867 1265 2907 scire
1288 2866 1434 2904 videor.
