1870 3277
639 205 1122 243 PANATHENAICUS.
1544 208 1617 244 149

149 306 380 346 audivissem
396 307 544 358 aliquos
558 306 623 345 illa
639 308 744 346 dicta
758 309 1046 359 comprobasse,
1062 309 1228 347 dicendo
1244 311 1430 361 consequi
1443 323 1520 349 non
1534 325 1622 362 pos—

149 381 259 407 sum:
289 369 475 420 putabam
496 370 597 406 enim
619 369 672 406 ita
691 382 776 406 esse
805 375 938 407 notum
970 382 1029 407 me
1057 383 1144 407 cum
1173 370 1349 420 gloriosis
1372 372 1452 410 istis
1472 372 1618 410 bellum

150 443 281 482 gerere
302 437 341 469 et
361 431 409 469 de
429 444 489 469 me
510 431 594 482 ipso
613 430 779 477 modice,
799 431 861 468 vel
889 432 1019 482 potius
1040 432 1141 469 intra
1161 431 1317 469 modum
1346 441 1384 471 et
1412 435 1618 480 submisse,

148 492 286 537 dicere,
308 500 350 531 ut
369 493 511 531 nemini
532 506 700 543 unquam
732 493 849 530 talem
878 493 1124 531 insolentiam
1148 493 1226 531 suis
1248 494 1334 530 mihi
1358 496 1482 532 verbis
1506 497 1618 534 affin-

149 557 254 605 genti
274 556 371 593 fides
387 556 606 593 haberetur.
664 555 806 592 Verum
824 556 929 592 initio
945 570 1021 593 non
1039 556 1121 594 sine
1138 570 1258 594 causa
1274 557 1471 607 deploravi
1492 571 1616 596 meam

146 617 422 662 infelicitatem,
440 630 529 666 quae
550 617 599 653 ab
620 616 691 653 isto
713 630 855 667 genere
876 616 1076 654 hominum
1098 625 1181 655 orta
1200 625 1389 668 perpetuo
1405 631 1466 655 me
1482 627 1617 656 secuta

147 687 232 718 est:
262 679 345 716 haec
373 679 474 716 enim
498 691 615 716 causa
642 685 701 716 est
723 687 761 716 et
784 679 1071 716 mendaciorum
1094 679 1233 729 quibus
1255 692 1338 716 mea
1360 680 1462 716 fama
1481 688 1616 718 conta-

147 741 313 779 minatur
345 747 384 777 et
408 739 691 777 calumniarum
718 746 758 777 et
782 740 951 786 invidiae,
976 741 1193 790 eademque
1219 741 1366 778 obstitit
1391 754 1439 778 ne
1477 741 1525 778 de
1556 755 1616 780 me

146 815 214 854 pro
234 801 370 840 merito
391 814 476 839 meo
497 802 750 847 existimetur,
773 815 900 852 neque
921 802 975 839 ita
995 810 1038 840 ut
1056 803 1183 853 palam
1206 810 1278 848 est,
1296 810 1416 853 utque
1436 803 1617 854 discipuli

146 863 220 902 mei
235 870 274 901 et
294 863 498 900 familiares
516 862 563 900 de
580 876 638 900 me
655 864 826 901 sentiunt
841 863 908 913 qui
926 877 998 902 nos
1014 865 1061 902 ab
1079 863 1180 901 omni
1197 872 1304 915 parte
1323 873 1615 916 perspexerunt.

145 926 291 964 Verum
324 925 408 963 haec
443 926 584 963 mutari
615 938 691 963 non
725 932 900 976 possunt,
931 926 1000 964 sed
1032 939 1078 964 ea
1108 940 1195 977 quae
1226 927 1493 978 praeterierunt
1524 928 1615 966 boni

143 989 346 1028 consulere
367 1001 529 1026 necesse
551 996 622 1026 est.

198 1053 236 1089 9.
267 1052 397 1095 Quum
419 1059 547 1090 autem
570 1051 692 1089 multa
712 1053 749 1090 in
772 1058 941 1090 mentem
964 1051 1056 1089 mihi
1077 1052 1246 1099 veniant,
1267 1053 1433 1091 incertus
1457 1066 1542 1090 sum
1563 1066 1611 1090 an

144 1113 374 1151 recriminari
395 1113 558 1151 debeam
578 1113 678 1158 illos,
700 1113 765 1163 qui
793 1113 841 1151 de
869 1126 930 1150 me
956 1120 1144 1164 perpetuo
1171 1113 1323 1151 mentiri
1346 1114 1473 1151 solent
1492 1127 1614 1164 eaque

144 1175 182 1212 in
203 1188 263 1213 me
284 1175 458 1213 conferre
480 1187 502 1211 a
521 1175 660 1225 quibus
683 1188 766 1212 sum
784 1187 942 1226 prorsus
965 1175 1113 1213 alienus
1135 1188 1210 1212 non
1234 1175 1425 1213 dubitant.
1484 1176 1562 1213 Sed
1583 1176 1614 1214 si

144 1249 222 1274 rem
240 1237 378 1274 seriam
395 1249 509 1287 agere
526 1236 765 1274 instituerem
786 1249 831 1273 ac
852 1236 1037 1286 prolixam
1059 1236 1107 1273 de
1128 1236 1171 1274 iis
1191 1236 1412 1275 hominibus
1430 1236 1613 1275 haberem

143 1298 354 1336 orationem
374 1311 535 1348 quorum
555 1312 669 1336 nemo
687 1298 758 1335 sibi
775 1298 894 1335 ullam
915 1305 1049 1334 censet
1067 1298 1284 1335 habendam
1305 1312 1391 1335 esse
1413 1299 1612 1344 rationem,

137 1359 223 1411 jure
255 1360 398 1397 stultus
429 1372 515 1396 esse
534 1358 696 1395 viderer.
756 1358 957 1408 Neglectis
989 1358 1106 1408 igitur
1137 1358 1219 1396 istis
1253 1359 1356 1409 apud
1377 1359 1515 1410 vulgus
1547 1361 1614 1411 qui

142 1421 233 1458 mihi
261 1421 388 1471 inique
414 1420 614 1458 invideant
641 1420 831 1471 meipsum
860 1432 1062 1464 excusare,
1085 1433 1233 1470 eosque
1261 1420 1399 1458 docere
1420 1423 1550 1460 conari
1571 1431 1614 1460 ut

142 1495 266 1533 neque
292 1485 380 1530 jure
418 1495 490 1519 nec
531 1481 665 1518 merito
702 1494 787 1519 meo
820 1481 874 1518 ita
907 1481 956 1518 de
996 1494 1056 1519 me
1090 1482 1260 1519 sentiant
1292 1482 1485 1520 debeam?
1542 1484 1614 1522 Ast

141 1544 228 1594 quis
260 1556 338 1581 non
369 1542 640 1580 stultissimum
672 1554 732 1579 me
765 1555 851 1580 esse
882 1543 1121 1593 pronuntiet,
1137 1543 1169 1580 si
1196 1544 1359 1594 eos‚qui
1391 1557 1467 1582 non
1499 1544 1613 1583 aliam

141 1609 191 1645 ob
211 1620 290 1645 rem
310 1605 452 1644 infensi
473 1605 564 1643 mihi
585 1612 676 1643 sunt
696 1604 770 1642 nisi
793 1605 898 1656 quod
921 1605 1120 1655 eleganter
1146 1606 1326 1657 quaedam
1357 1608 1485 1646 dicere
1506 1609 1612 1648 visus

142 1682 240 1713 sum,
256 1668 485 1719 placatiores
503 1667 592 1704 mihi
610 1667 690 1705 fore
710 1674 843 1717 putem
865 1668 895 1704 si
916 1668 1051 1705 eodem
1076 1668 1192 1706 modo
1215 1681 1292 1719 quo
1312 1669 1416 1720 prius
1441 1670 1611 1708 disseru-

143 1744 222 1777 er0,
243 1744 288 1769 ac
308 1743 384 1768 non
414 1730 628 1768 acerbiores
656 1729 784 1780 potius
814 1729 993 1767 futuros?
1023 1730 1237 1781 praesertim
1265 1731 1330 1768 ubi
1360 1732 1535 1777 viderint,
1563 1747 1610 1772 ne

141 1793 179 1831 in
201 1800 373 1831 extrema
399 1791 557 1842 quidem
585 1798 786 1829 senectute
815 1804 875 1829 me
904 1791 1066 1829 delirare
1096 1792 1306 1830 desivisse?
1354 1793 1412 1831 Ac
1441 1807 1488 1831 ne
1517 1795 1612 1833 illud

141 1855 294 1906 quidem
329 1854 550 1892 faciendum
585 1853 674 1890 mihi
709 1854 914 1904 quisquam
947 1854 1152 1900 censuerit,
1186 1861 1228 1892 ut
1259 1854 1318 1892 his
1353 1856 1540 1907 neglectis
1573 1865 1612 1896 et

141 1919 306 1969 abrupta
326 1917 363 1954 in
385 1916 511 1954 medio
531 1915 794 1966 disputatione
815 1916 888 1954 hac
911 1929 995 1954 eam
1017 1917 1228 1954 orationem
1257 1917 1470 1962 absolvam,
1491 1932 1607 1968 quam

140 1980 286 2018 institui
306 1992 460 2029 quaque
487 1977 694 2016 ostendere
720 1977 872 2015 decrevi
901 1986 1075 2016 nostram
1104 1979 1236 2016 urbem
1259 1978 1366 2029 plura
1387 1980 1423 2016 in
1447 1979 1609 2018 Graecos

140 2041 329 2080 beneficia
358 2040 570 2078 contulisse
605 2052 721 2089 quam
753 2039 1096 2078 Lacedaemonios:
1138 2041 1242 2091 quod
1273 2040 1303 2077 si
1328 2040 1409 2091 jam
1441 2041 1608 2079 facerem

140 2116 265 2154 neque
285 2102 345 2140 his
365 2093 452 2153 quae
479 2102 612 2152 scripsi
640 2101 756 2138 finem
785 2101 1023 2153 imponerem
1053 2116 1176 2154 neque
1206 2110 1397 2140 secuturae
1424 2103 1608 2142 orationis

141 2164 339 2202 exordium
368 2162 610 2201 conclusioni
638 2162 774 2199 horum
803 2177 891 2213 quae
912 2165 992 2213 jam
1021 2164 1187 2201 diximus
1217 2164 1420 2201 commode
1445 2173 1610 2216 apteque

139 2233 365 2270 attexerem,
387 2224 520 2262 similis
546 2237 677 2262 eorum
704 2223 853 2261 viderer
879 2225 944 2275 qui
972 2232 1117 2262 temere
1143 2232 1181 2263 et
1207 2225 1425 2275 importune
1452 2234 1490 2263 et
1516 2240 1610 2264 con-

139 2288 223 2325 fuse
242 2286 424 2338 quicquid
445 2287 483 2322 in
501 2286 658 2322 buccam
680 2283 786 2322 venit
815 2285 1015 2329 effutiunt;
1047 2300 1136 2337 quae
1163 2287 1339 2325 cavenda
1368 2287 1478 2325 nobis
1505 2297 1608 2327 sunt.

139 2349 338 2400 Optimum
353 2347 469 2398 igitur
485 2359 532 2385 ex
547 2347 605 2384 his
623 2346 802 2384 omnibus
819 2346 945 2393 fuerit,
967 2356 1222 2398 posteaquam
1240 2349 1288 2386 de
1305 2348 1349 2386 iis
1366 2362 1527 2399 quorum
1547 2364 1608 2389 me

138 2418 373 2462 postremum
394 2415 630 2447 accusarunt
648 2408 879 2446 sententiam
901 2422 1024 2447 meam
1047 2411 1278 2461 aperuerim,
1294 2417 1372 2447 tum
1390 2411 1544 2449 demum
1562 2425 1609 2451 ea

138 2472 267 2510 dicere
288 2485 376 2522 quae
396 2470 502 2509 initio
522 2470 731 2508 constitui:
764 2470 793 2507 si
816 2471 918 2508 enim
941 2472 1083 2522 scripto
1109 2472 1308 2522 publicato
1337 2479 1453 2522 atque
1475 2480 1605 2511 osten-

139 2534 231 2572 dero
251 2547 340 2584 quae
362 2532 411 2570 sit
431 2545 517 2569 mea
538 2531 586 2569 de
607 2531 848 2569 institutione
877 2533 1004 2583 deque
1033 2533 1158 2583 poetis
1187 2533 1393 2580 sententia,
1414 2533 1607 2574 desituros

138 2609 202 2635 eos
221 2596 383 2633 arbitror
402 2593 522 2632 falsas
544 2606 681 2631 causas
701 2593 941 2631 comminisci
963 2601 1003 2631 et
1020 2594 1171 2644 quidvis
1192 2594 1347 2645 garrire.

196 2659 256 2696 10.
286 2658 452 2696 Tantum
475 2657 588 2707 igitur
609 2656 720 2693 abest
735 2661 777 2692 ut
798 2655 1041 2706 disciplinam
1061 2669 1083 2694 a
1101 2656 1307 2706 majoribus
1326 2655 1498 2694 relictam
1518 2670 1610 2696 con-

140 2726 322 2764 temnam,
343 2728 386 2756 ut
406 2731 489 2756 eam
514 2717 672 2769 quidem
693 2722 825 2754 nostra
845 2724 961 2755 aetate
986 2717 1238 2755 constitutam
1260 2716 1431 2763 laudem,
1452 2731 1606 2768 geome-

139 2782 247 2819 triam
277 2781 364 2819 dico
393 2788 429 2818 et
456 2779 701 2830 astrologiam
727 2779 982 2830 dialogosque
1013 2779 1281 2817 contentiosos
1302 2779 1443 2824 dictos,
1465 2781 1605 2830 quibus

133 2843 308 2895 juniores
329 2843 485 2893 quidem
507 2842 595 2893 plus
616 2853 730 2891 oequo
758 2841 947 2891 gaudent,
969 2842 1166 2879 seniorum
1188 2854 1276 2879 vero
1297 2842 1360 2891 qui
1381 2855 1446 2879 eos
1467 2843 1606 2880 tolera-

141 2904 235 2942 biles
250 2916 332 2942 esse
350 2903 487 2942 dixerit
501 2916 613 2942 nemo
630 2911 702 2941 est.
762 2902 1040 2940 Verumtamen
1058 2915 1133 2953 ego
1153 2916 1292 2941 moneo
1310 2903 1395 2941 illos
1411 2904 1477 2953 qui
1497 2904 1606 2941 avide

142 2966 213 3003 ista
229 2964 515 3015 amplectuntur
529 2971 570 3002 ut
584 2964 762 3002 laborent
775 2971 891 3014 atquc
907 2964 952 3001 ad
971 2964 1041 3002 ista
1053 2964 1180 3002 omnia
1195 2965 1362 3002 animum
1379 2965 1604 3007 intendant2
