1870 3277
841 192 988 229 AJAX.
1559 195 1630 231 501

211 291 270 330 vel
297 291 507 341 pugnando
532 291 761 329 vincendum
789 299 849 330 est
874 292 934 330 vel
965 291 1115 329 silentio
1143 293 1398 332 serviendum.
1455 295 1552 345 Haec
1571 309 1640 334 vos

211 351 496 390 animadvertite
515 358 553 389 et
571 351 835 391 considerate:
863 351 893 390 si
914 352 1012 389 enim
1036 365 1112 390 non
1138 360 1240 391 recte
1258 354 1528 404 judicaveritis,
1548 356 1641 394 nihil

211 411 260 449 ad
280 412 380 449 facta
393 412 517 450 valere
536 413 665 456 verba,
685 425 755 450 nec
772 412 939 450 dicendo
958 425 1175 463 quenquam
1189 414 1292 451 vobis
1311 415 1493 464 prodesse
1514 430 1640 467 posse,

211 472 454 510 manifestum
481 473 564 516 fiet;
593 472 704 510 simul
736 479 774 510 et
804 472 876 511 hoc
904 473 1138 524 intelligetis,
1170 487 1238 524 per
1261 475 1446 513 factorum
1477 477 1642 529 inopiam

213 532 352 570 multos
367 532 498 571 haberi
516 533 727 583 longosque
742 546 946 572 sermones.
988 534 1176 578 Quocirca
1189 534 1246 572 vel
1264 547 1339 572 non
1354 536 1562 587 intelligere
1575 551 1640 576 vos

212 607 298 644 quae
324 594 499 633 dicantur
524 595 706 640 fatemini,
727 602 766 633 et
792 596 950 646 surgite,
970 596 1030 634 vel
1055 603 1158 635 recte
1175 596 1358 647 judicate.
1415 599 1536 647 quue
1565 613 1640 638 non

210 654 374 700 occulte,
401 655 469 692 sed
496 656 634 706 palam,
662 666 705 694 ut
739 656 843 707 ipsos
875 669 1027 707 quoque
1053 657 1206 707 judices
1235 670 1387 696 manere
1417 671 1584 709 poenam,
1613 661 1643 697 si

212 727 323 753 secus
336 715 558 766 judicarint,
581 717 724 755 sciatis.
774 717 860 755 Hoc
880 717 1018 755 deinde
1036 719 1290 768 cognoscetis,
1311 732 1387 757 non
1402 720 1553 770 judices
1573 734 1640 759 vos

211 774 412 825 dictorum,
428 776 496 814 sed
515 777 674 815 arbitros
695 777 840 815 sedere.
871 777 923 815 Ut
942 777 1040 815 enim
1056 777 1228 828 judicare
1247 779 1352 817 vobis
1372 779 1419 817 de
1440 793 1497 817 me
1513 781 1643 819 rebus-

210 847 283 884 que
307 835 397 873 meis
425 836 611 887 permitto,
645 838 697 875 ita
725 837 894 875 arbitrari
923 838 1080 886 nemini,
1110 839 1319 889 praesertim
1343 839 1438 877 inter
1465 853 1551 878 eum
1579 842 1643 892 qui

211 908 288 932 non
307 896 403 935 ultro
424 897 492 935 sed
511 897 651 936 invitus
672 898 721 936 ad
741 898 892 950 Trojam
911 899 1026 943 venit,
1048 905 1087 937 et
1106 912 1165 938 me
1184 900 1249 950 qui
1268 913 1416 952 semper
1434 901 1576 952 primus
1597 915 1641 940 ac

211 956 315 995 solus
335 965 373 996 et
392 959 535 1009 absque
553 959 741 998 moenibus
759 959 796 998 in
815 960 896 998 acie
914 960 1097 998 consisto.

864 1114 989 1121 -ι

665 1213 1178 1261 ANTISTHENIS

788 1341 1062 1384 ULYSSES.

265 1447 298 1485 1.
330 1446 428 1483 NoN
451 1446 540 1483 mihi
567 1453 692 1484 tecum
718 1447 856 1492 solum,
875 1454 1028 1497 propter
1050 1461 1163 1498 quem
1192 1451 1349 1495 surrexi,
1368 1452 1434 1488 sed
1452 1465 1539 1490 cum
1559 1454 1639 1492 aliis

209 1507 324 1545 etiam
350 1507 523 1545 omnibus
542 1521 601 1545 res
622 1514 701 1545 est:
732 1519 818 1545 nam
845 1507 932 1558 plus
959 1521 1031 1558 ego
1062 1510 1251 1547 commodi
1278 1524 1392 1561 quam
1417 1526 1483 1550 vos
1510 1527 1641 1552 omnes

212 1568 395 1605 exercitui
414 1568 536 1605 attuli.
581 1569 709 1617 Atque
727 1568 801 1605 hoc
821 1575 860 1605 et
877 1568 1026 1606 vivente
1047 1569 1226 1607 dixissem
1250 1572 1415 1617 Achille,
1438 1581 1476 1611 et
1495 1583 1642 1614 mortuo

213 1641 313 1665 nunc
328 1629 376 1666 ad
390 1642 455 1667 vos
471 1629 570 1666 dico.
599 1628 679 1666 Vos
694 1629 792 1666 enim
812 1628 957 1666 nullum
977 1629 1118 1667 obiistis
1139 1631 1325 1681 praelium,
1343 1634 1453 1684 cujus
1474 1648 1545 1686 ego
1565 1649 1646 1687 par-

212 1688 332 1739 ticeps
353 1702 428 1727 non
448 1690 603 1727 fuerim:
634 1697 673 1727 at
693 1690 728 1726 in
749 1690 841 1727 meis
868 1690 1020 1740 privatis
1045 1691 1221 1741 periculis
1243 1706 1352 1730 nemo
1372 1702 1536 1734 vestrum
1557 1698 1641 1747 par-

211 1757 286 1788 tem
306 1752 432 1789 habet.
466 1753 556 1790 Jam
576 1754 613 1790 in
633 1752 896 1790 communibus
914 1753 1050 1802 pugnis
1067 1766 1115 1791 ne
1134 1754 1289 1792 victoria
1304 1756 1456 1805 quidem
1474 1760 1641 1808 permul—

210 1819 292 1848 tum
308 1813 481 1862 proderat
499 1826 508 1850 :
537 1813 575 1850 in
593 1813 685 1850 meis
704 1826 792 1851 vero
812 1813 1104 1860 discriminibus,
1124 1829 1210 1865 quae
1230 1816 1334 1854 solus
1357 1819 1544 1865 subibam,
1564 1821 1641 1859 sive

210 1872 370 1911 feliciter
385 1887 444 1912 me
465 1887 647 1925 gererem,
663 1875 788 1911 omnia
807 1875 913 1912 vobis
933 1889 1090 1926 quorum
1111 1889 1229 1914 causa
1248 1878 1321 1915 huc
1341 1879 1529 1927 venimus,
1548 1895 1639 1920 con-

212 1933 396 1984 tingebat,
414 1935 491 1973 sive
507 1948 631 1981 secus,
649 1948 724 1973 uno
740 1948 800 1972 me
815 1935 982 1973 fuissetis
999 1937 1132 1974 orbati.
1164 1937 1300 1988 Neque
1321 1940 1420 1977 enim
1440 1942 1488 1978 ad
1509 1955 1641 1981 manus

212 2007 299 2032 cum
324 1995 495 2046 Trojanis
521 1996 773 2035 conserendas
798 1996 873 2033 huc
902 1997 1131 2048 appulimus,
1152 2011 1281 2035 verum
1302 2000 1350 2037 ad
1373 2001 1560 2039 Helenam
1585 2018 1642 2042 re-

212 2056 468 2106 cuperandam
484 2064 521 2094 et
535 2058 759 2108 capiendam
777 2057 939 2108 Trojam.
997 2058 1093 2096 Haec
1114 2072 1222 2109 porro
1244 2060 1336 2098 meis
1357 2061 1395 2098 in
1417 2062 1642 2102 discrimini-

211 2117 283 2154 bus
303 2127 411 2155 erant
428 2118 555 2155 omnia
573 2118 707 2168 posita.
735 2118 988 2169 Posteaquam
1007 2119 1106 2157 enim
1127 2133 1202 2158 non
1222 2121 1344 2171 potuit
1364 2135 1428 2171 per
1447 2125 1642 2164 oraculum

212 2177 328 2229 Troja
344 2178 441 2228 capi,
460 2178 677 2229 priusquam
707 2178 790 2216 deae
821 2186 984 2217 statuam
1010 2181 1112 2218 nacti
1143 2194 1327 2228 essemus,
1348 2183 1432 2233 quis
1459 2197 1543 2223 eam
1566 2186 1643 2225 huc

213 2247 348 2290 praeter
380 2252 440 2277 me
469 2239 657 2277 deduxit?
696 2253 809 2290 quem
834 2247 875 2277 tu
904 2241 1057 2290 quidem
1082 2242 1269 2293 sacrilegii
1296 2243 1509 2283 insimulas.
1570 2248 1644 2285 Im-

214 2301 357 2351 peritus
376 2307 437 2338 est
460 2300 644 2350 profecto,
663 2301 727 2351 qui
747 2313 832 2339 eum
853 2314 875 2339 a
895 2314 971 2352 quo
999 2310 1058 2340 est
1079 2303 1254 2341 restituta
1285 2311 1422 2351 statua,
1449 2320 1524 2345 non
1551 2308 1643 2346 Ale-

213 2361 398 2398 xandrum
419 2361 483 2412 qui
502 2362 611 2399 nobis
630 2375 714 2399 eam
734 2361 923 2412 surripuit,
942 2363 1167 2414 sacrilegum
1188 2378 1314 2403 voces,
1368 2366 1541 2417 Cumque
1560 2382 1642 2407 om-

214 2435 282 2460 nes
312 2422 434 2473 Trojae
465 2422 654 2460 excidium
685 2423 916 2473 optaveritis,
935 2436 1008 2470 me,
1033 2425 1096 2474 qui
1126 2426 1209 2475 ejus
1239 2426 1429 2464 efficiendi
1460 2429 1642 2467 rationem

212 2483 432 2528 invenerim,
459 2483 629 2534 appelles
658 2483 912 2534 sacrilegum?
967 2485 1083 2536 Atqui
1115 2487 1144 2523 si
1177 2487 1352 2535 pulcrum
1380 2497 1460 2525 erat
1487 2489 1641 2541 Trojam

212 2557 364 2595 capere,
382 2545 464 2595 ejus
483 2557 633 2595 quoque
653 2544 706 2582 rei
725 2543 824 2582 viam
849 2544 1015 2582 iuvenire
1043 2546 1215 2596 pulcrum
1236 2555 1327 2585 erat.
1385 2548 1561 2599 Cumque
1581 2550 1642 2588 alii

214 2606 356 2656 gratias
371 2613 500 2656 agant,
513 2613 553 2642 tu
569 2619 590 2642 a
605 2604 748 2656 probris
767 2605 955 2643 abstinere
971 2619 1047 2644 non
1067 2614 1178 2657 potes
1194 2621 1202 2645 t
1233 2621 1320 2646 nam
1337 2622 1402 2659 per
1418 2609 1642 2660 imperitiam

214 2666 396 2704 beneficia
411 2679 486 2704 non
502 2667 693 2716 agnoscis.
724 2665 954 2715 Quanquam
970 2680 1044 2704 non
1060 2667 1253 2718 imperitiae
1276 2677 1313 2707 te
1331 2670 1526 2714 insimulo;
1547 2685 1643 2722 quo-

215 2728 314 2765 niam
333 2728 398 2766 illa
417 2738 497 2766 tum
519 2729 586 2766 tibi
617 2735 698 2766 tum
727 2728 810 2765 aliis
841 2728 1014 2765 omnibus
1047 2729 1234 2780 contingit
1262 2730 1415 2769 invitis:
1443 2731 1512 2769 sed
1537 2733 1642 2783 quod

215 2790 309 2827 meis
329 2789 473 2838 probris
493 2789 631 2828 servari
648 2797 685 2826 te
704 2802 778 2826 non
800 2789 1005 2834 confiteris,
1025 2802 1153 2827 verum
1175 2791 1328 2841 insuper
1347 2791 1512 2838 minaris,
1534 2794 1642 2844 quasi

214 2849 298 2895 hos,
318 2849 347 2887 si
368 2849 455 2887 mihi
476 2862 578 2887 arma
596 2850 860 2901 adjudicarint,
876 2850 973 2888 male
988 2850 1039 2888 sis
1059 2859 1300 2902 accepturus.
1347 2853 1403 2890 Ac
1424 2867 1526 2904 saepe
1546 2855 1645 2892 mul-

214 2917 370 2961 tumque
390 2911 607 2958 minaberis,
628 2918 828 2962 antequam
856 2911 904 2949 ad
925 2924 1000 2949 rem
1023 2913 1170 2950 venias:
1201 2913 1405 2963 quinetiam
1423 2917 1452 2953 si
1473 2916 1563 2966 quid
1584 2926 1643 2955 est
