1870 3277
262 161 337 197 134
852 161 1138 201 ISOCRATIS

257 261 427 300 omnium
460 270 677 312 temporum
710 262 928 301 hominibus
964 264 1174 302 anteferri?
1233 263 1316 302 Nec
1347 264 1448 302 enim
1480 271 1618 304 testem
1650 266 1728 304 fide

255 323 468 373 digniorem
497 335 623 374 neque
648 323 820 373 judicem
848 326 970 376 magis
998 326 1179 363 idoneum
1206 326 1393 362 bonorum
1415 327 1553 376 quibus
1577 327 1729 365 Helena

256 384 421 434 praedita
449 384 521 422 fuit
547 398 661 435 quam
688 385 825 423 Thesei
858 394 1021 424 mentem
1051 387 1245 424 adducere
1269 387 1490 437 poterimus.
1548 388 1609 426 Ne
1639 402 1728 427 vero

222 479 224 481 ,
256 458 304 483 ex
324 445 451 497 inopia
472 447 544 484 hoc
567 446 654 484 loco
677 447 866 484 immorari
890 455 957 485 aut
975 448 1041 485 viri
1064 450 1175 486 unius
1196 449 1243 486 ad
1265 461 1349 486 eam
1371 448 1605 486 laudandam
1623 450 1727 487 abuti

256 507 377 557 gloria
397 508 539 552 videar,
560 521 605 546 ea
626 521 713 558 quae
734 516 881 545 restant
901 510 1114 560 explicabo.

314 570 371 606 19.
408 569 523 614 Nam,
538 583 655 619 quum
676 577 762 619 post
778 570 919 607 Thesei
937 571 1163 608 descensum
1182 571 1230 608 ad
1249 571 1391 609 inferos
1409 571 1726 609 Lacedaemonem

254 642 408 667 reversa
428 631 508 680 jam
539 630 675 667 nubilis
696 638 812 675 esset,
836 632 1004 668 universi
1024 646 1135 683 reges
1156 632 1253 670 illius
1274 632 1456 683 temporis
1477 639 1515 669 et
1536 633 1728 683 principes

253 691 354 729 idem
382 691 486 741 quod
507 691 681 729 Theseus
702 692 750 729 de
772 706 816 730 ea
837 701 1053 730 senserunt.
1114 694 1196 731 Etsi
1217 694 1317 731 enim
1339 701 1509 743 potestas
1531 695 1585 732 eis
1609 695 1727 732 daba-

255 757 316 790 tur
337 753 538 802 primarias
559 765 578 789 e
600 753 678 790 suis
702 754 857 791 urbibus
886 754 1066 792 mulieres
1097 755 1307 805 deligendi,
1330 755 1468 805 spretis
1500 763 1629 792 tamen
1657 755 1728 792 do·

254 815 424 852 mesticis
455 814 599 865 nuptiis
629 815 678 853 ad
709 829 793 853 eam
829 816 1074 854 ambiendam
1109 817 1272 868 profecti
1308 824 1410 855 sunt.
1479 818 1608 861 Quum
1638 830 1726 855 vero

252 876 426 914 nondum
459 884 565 914 esset
594 877 846 928 exploratum,
868 879 1062 916 communi
1091 879 1220 916 adhuc
1246 878 1416 925 fortuna,
1440 880 1614 929 quisnam
1644 879 1726 930 ejus

252 938 408 989 nuptias
429 939 632 983 obtineret,
648 939 746 977 adeo
762 946 890 977 tamen
908 953 1021 978 nemo
1037 947 1119 978 erat
1137 941 1200 991 qui
1218 947 1373 978 vocaret
1393 941 1429 978 in
1453 940 1610 978 dubium
1633 940 1724 991 quin

252 999 367 1037 armis
386 1000 434 1038 de
456 1013 502 1038 ea
522 1000 786 1039 dimicandum
809 1002 922 1047 foret,
943 1009 986 1039 ut
1013 1003 1214 1053 congressi
1241 1003 1356 1040 fidem
1384 1009 1520 1040 mutuo
1548 1001 1728 1040 dederint

251 1073 294 1098 se
320 1061 478 1099 omnino
503 1062 703 1111 adjuturos
725 1076 812 1100 eum
835 1064 900 1113 qui
921 1063 1116 1101 connubio
1136 1063 1238 1101 illius
1260 1064 1460 1114 potiretur,
1484 1064 1513 1101 si
1534 1063 1620 1113 quis
1640 1076 1726 1100 eam

250 1134 319 1173 per
340 1122 413 1159 vim
439 1122 693 1166 abduxisset;
725 1125 889 1174 putabat
908 1124 1009 1162 enim
1030 1125 1194 1175 quisque
1216 1137 1258 1162 se
1283 1125 1353 1162 sibi
1379 1124 1600 1175 praesidium
1630 1124 1726 1162 illud

249 1197 397 1235 parare.
455 1186 514 1223 Ac
541 1198 610 1236 spe
635 1185 791 1236 quidem
819 1186 967 1236 privata
991 1200 1070 1225 uno
1092 1187 1172 1224 viro
1199 1194 1361 1238 excepto
1381 1193 1472 1224 sunt
1490 1199 1624 1224 omnes
1645 1185 1725 1223 fru-

249 1246 374 1291 strati,
395 1246 612 1284 communis
634 1254 761 1284 autem
783 1260 871 1297 quae
893 1247 941 1285 de
960 1262 1005 1285 ea
1025 1249 1098 1285 fuit
1117 1249 1248 1298 opinio
1268 1248 1406 1286 fefellit
1425 1249 1632 1286 neminem.

305 1309 370 1345 20.
392 1308 488 1345 Post
502 1321 662 1358 parvum
679 1308 779 1345 enim
799 1308 980 1357 temporis
1002 1309 1169 1358 spatium
1191 1316 1277 1347 orta
1298 1309 1394 1346 inter
1414 1309 1506 1346 deas
1527 1309 1572 1346 lis
1593 1314 1653 1346 est
1674 1309 1723 1346 de

249 1369 475 1421 praestantia
493 1370 626 1406 formae
646 1377 684 1406 et
704 1372 784 1417 ejus
805 1370 945 1407 arbiter
964 1370 1191 1407 honorarius
1214 1369 1355 1407 Priami
1383 1370 1482 1408 filius
1503 1370 1725 1407 Alexander

249 1431 439 1476 delectus,
465 1431 530 1481 qui
561 1431 717 1468 Junone
751 1444 911 1481 regnum
942 1432 1059 1477 Asiae,
1090 1431 1268 1469 Minerva
1296 1431 1491 1470 victoriam
1530 1431 1568 1470 in
1599 1431 1724 1477 bellis,

249 1492 402 1530 Venere
436 1492 658 1543 conjugium
694 1493 856 1530 Helenae
887 1493 1108 1544 pollicente,
1139 1507 1259 1544 quum
1291 1506 1369 1531 non
1399 1501 1533 1544 posset
1561 1506 1726 1544 corpora

249 1553 462 1605 dijudicare
479 1568 605 1605 neque
622 1554 833 1592 divinorum
849 1554 1023 1592 vultuum
1040 1555 1231 1605 fulgorem
1253 1555 1442 1593 sustinere
1458 1568 1502 1593 ac
1518 1568 1723 1593 munerum

248 1616 379 1667 potius
407 1629 489 1654 esse
510 1616 634 1667 judex
660 1622 878 1667 cogeretur,
900 1617 1220 1655 consuetudinem
1244 1617 1408 1654 Helenae
1427 1617 1579 1655 caeteris
1599 1618 1723 1655 omni-

246 1678 320 1715 bus
342 1679 575 1729 anteposuit,
591 1692 666 1716 non
686 1680 790 1730 quod
807 1679 1024 1729 voluptates
1042 1680 1236 1730 praecipue
1256 1686 1448 1730 spectaret
1462 1702 1515 1707 —
1530 1679 1599 1717 etsi
1620 1679 1721 1717 enim

247 1752 312 1777 eas
333 1739 401 1777 viri
421 1740 615 1791 sapientes
637 1741 767 1779 multis
788 1741 868 1779 aliis
889 1743 1002 1779 rebus
1024 1742 1247 1793 praeferunt,
1268 1755 1343 1779 non
1366 1750 1494 1779 tamen
1515 1755 1561 1780 eo
1582 1741 1723 1792 impul·

247 1814 314 1839 sus
341 1809 402 1839 est
419 1825 485 1848 —‚
508 1803 578 1840 sed
605 1803 714 1841 Jovis
741 1817 858 1854 gener
879 1804 958 1841 fieri
980 1805 1036 1854 [et
1056 1804 1261 1853 nominari]
1283 1804 1444 1849 studuit,
1464 1817 1577 1854 quem
1600 1804 1724 1842 hono-

249 1874 327 1899 rem
350 1862 467 1913 longe
489 1864 670 1915 majorem
692 1870 732 1901 et
754 1863 1038 1915 praeclariorem
1066 1877 1181 1914 quam
1202 1865 1306 1902 Asiae
1334 1878 1497 1915 regnum
1527 1865 1722 1903 existima-

246 1925 339 1969 bat3
371 1939 512 1977 magna
533 1928 635 1965 enim
655 1927 814 1978 imperia
836 1935 875 1965 et
894 1928 1103 1978 potentiam
1126 1928 1239 1965 etiam
1263 1927 1370 1964 nihili
1389 1927 1610 1965 hominibus
1631 1928 1723 1966 olim

246 1988 474 2033 obventura,
497 1988 564 2026 tali
585 2002 674 2026 vero
696 1989 852 2027 muliere
873 2003 920 2026 ex
940 1990 1043 2026 omni
1066 1990 1292 2040 posteritate
1315 1989 1515 2039 dignatum
1537 1989 1580 2026 iri
1601 1990 1722 2027 nemi-

247 2061 335 2086 nem
355 2062 363 2086 :
390 2049 661 2088 animadvertit
681 2050 794 2088 etiam
812 2064 852 2088 se
869 2051 1017 2088 nullum
1031 2050 1199 2101 pulcrius
1214 2051 1485 2101 patrimonium
1501 2052 1578 2088 suis
1594 2051 1723 2090 liberis

245 2124 360 2162 posse
381 2112 611 2163 relinquere,
632 2127 748 2164 quam
773 2114 803 2151 si
825 2123 902 2151 tam
923 2122 1121 2164 paternam
1151 2127 1266 2165 quam
1293 2121 1505 2152 maternam
1535 2114 1722 2165 originem

246 2173 297 2211 ad
324 2173 463 2212 Jovem
492 2173 689 2213 referrent.
749 2176 901 2227 Quippe
927 2176 993 2226 qui
1017 2177 1133 2213 sciret
1159 2183 1297 2213 caetera
1323 2176 1490 2213 fortunae
1519 2175 1725 2213 commoda

248 2235 423 2274 celeriter
443 2244 509 2274 aut
527 2236 680 2275 interire
705 2244 772 2275 aut
800 2238 961 2275 transire
993 2237 1041 2275 ad
1070 2238 1179 2282 alios,
1204 2237 1273 2275 sed
1303 2237 1540 2275 nobilitatem
1572 2239 1724 2288 semper

247 2298 350 2349 apud
371 2299 531 2336 eosdem
554 2312 797 2350 permanere3
827 2313 946 2350 quare
968 2299 1071 2336 hunc
1093 2299 1285 2337 delectum
1306 2298 1342 2335 in
1362 2299 1481 2336 totius
1498 2299 1554 2336 sui
1573 2299 1721 2348 generis

245 2360 491 2399 commodum
520 2374 721 2399 cessurum
746 2362 1018 2413 prospiciebat,
1040 2374 1161 2412 quum
1183 2366 1324 2398 caetera
1345 2373 1505 2398 munera
1525 2373 1601 2397 non
1623 2360 1723 2398 ultra

246 2423 305 2461 sui
324 2423 396 2460 aevi
416 2423 599 2461 terminos
621 2424 804 2462 duratura
824 2431 966 2462 essent.

299 2487 366 2523 21.
398 2486 524 2524 Nemo
550 2485 679 2536 itaque
706 2486 762 2523 vir
789 2487 973 2524 cordatus
995 2494 1055 2524 est
1074 2487 1166 2538 quin
1189 2487 1274 2524 haec
1293 2486 1593 2537 prudentissime
1614 2485 1719 2535 cogi-

245 2554 326 2585 tata
351 2547 532 2592 fateatur,
555 2547 711 2597 quidam
739 2554 881 2594 autem,
902 2561 949 2585 ex
974 2561 1104 2586 eorum
1133 2560 1291 2585 numero
1313 2548 1378 2597 qui
1403 2546 1493 2583 nihil
1515 2546 1617 2596 quod
1640 2559 1720 2583 rem

247 2608 458 2646 antecessit
479 2608 726 2647 considerant
746 2609 815 2646 sed
837 2622 883 2646 ex
906 2617 1047 2647 eventu
1068 2609 1250 2660 judicant
1271 2608 1413 2652 omnia,
1433 2607 1612 2646 convitiis
1633 2620 1721 2644 eum

246 2670 440 2708 incessere
478 2684 556 2708 non
594 2670 845 2714 dubitarunt;
892 2684 1054 2722 quorum
1095 2670 1262 2709 amentia
1298 2683 1345 2707 ex
1378 2669 1469 2720 ipsis
1506 2668 1721 2706 maledictis

246 2732 497 2770 animadverti
519 2733 567 2770 ab
586 2733 766 2770 omnibus
788 2732 902 2771 facile
921 2739 1061 2784 potest.
1120 2733 1224 2776 Quid
1245 2732 1346 2769 enim
1367 2732 1489 2782 magis
1516 2730 1719 2768 ridiculum

246 2793 450 2831 admittere
479 2800 627 2844 queant
656 2807 771 2845 quam
803 2794 835 2832 si
868 2807 938 2832 sua
972 2794 1126 2845 ingenia
1152 2794 1207 2831 illi
1235 2793 1469 2831 antecellere
1499 2799 1637 2843 putent
1660 2793 1723 2830 cui

244 2856 386 2906 primas
402 2855 487 2893 deae
503 2856 755 2895 detulerunt?
812 2856 898 2894 Nec
914 2856 1013 2895 enim
1027 2856 1165 2907 quibus
1181 2855 1228 2893 de
1245 2856 1358 2893 rebus
1377 2861 1485 2892 tanta
1503 2855 1602 2892 inter
1617 2853 1720 2904 ipsas

245 2923 432 2956 ortaerat
448 2919 661 2965 contentio,
681 2933 746 2958 eas
766 2919 974 2971 cujuslibet
994 2918 1223 2958 auctoritati'
1236 2918 1509 2970 dijudicandas
1538 2917 1722 2969 permise-
