1870 3277
603 570 1170 626 DINARCHI

416 727 710 770 CONTRA
759 725 1368 770 DEMOSTHENEM.

234 920 267 956 1.
297 919 393 957 Ism
408 919 561 970 quidem
575 920 817 970 magistratus
830 924 969 964 vester,
987 918 1255 963 Athenienses,
1276 930 1363 955 cum
1378 917 1460 967 ipse
1474 917 1608 968 capitis

177 993 261 1019 sese
280 980 542 1019 condemnarit
559 980 592 1018 si
611 981 815 1031 quicquam
834 981 881 1019 ab
901 979 1072 1031 Harpalo
1090 979 1284 1030 accepisse
1305 979 1608 1023 convinceretur,

176 1042 272 1080 adeo
299 1042 497 1081 manifeste
525 1043 722 1081 convictus
741 1048 801 1080 est
826 1049 1072 1093 acceptorum
1093 1043 1141 1079 ab
1169 1041 1212 1078 iis
1241 1053 1454 1086 munerum,
1473 1040 1610 1090 quibus

176 1116 215 1141 se
234 1103 418 1141 hactenus
440 1103 631 1142 adversari
650 1110 710 1142 est
737 1104 955 1155 professus:
984 1116 1071 1141 cum
1100 1109 1225 1140 autem
1256 1102 1462 1140 Stratocles
1488 1102 1610 1140 multa

176 1165 289 1202 verba
320 1165 452 1203 fecerit
478 1171 516 1203 et
542 1166 718 1216 pleraque
751 1166 906 1204 crimina
928 1165 1010 1217 jam
1040 1172 1228 1215 occupata
1258 1164 1345 1208 sint,
1379 1176 1424 1202 ac
1456 1171 1610 1201 senatus

175 1225 466 1277 Areopagiticus
486 1227 604 1277 ipsius
632 1227 759 1264 indicii
779 1240 910 1278 aequas
927 1233 965 1264 et
982 1239 1089 1265 veras
1119 1226 1283 1264 rationes
1303 1225 1482 1270 attulerit,
1502 1224 1549 1262 de
1567 1224 1612 1261 iis

175 1299 264 1324 vero
284 1300 370 1338 quae
397 1289 590 1326 restabant
621 1288 830 1326 Stratocles
857 1289 906 1326 sit
930 1288 1081 1326 locutus
1106 1294 1144 1325 et
1171 1287 1325 1324 decreta
1347 1288 1426 1335 jam
1451 1299 1538 1335 quae
1563 1285 1612 1322 ad

177 1360 255 1385 rem
287 1348 524 1398 pertinebant
553 1349 729 1394 recitarit,
759 1349 980 1399 relinquitur
1011 1349 1137 1398 nobis,
1171 1347 1437 1392 Athenienses,
1468 1353 1613 1383 tantam

174 1409 384 1460 praesertim
404 1423 556 1447 causam
575 1411 776 1460 agentibus
792 1418 935 1460 quanta
953 1410 1059 1447 nulla
1077 1422 1245 1459 unquam
1263 1408 1393 1446 oblata
1411 1415 1470 1445 est
1489 1407 1616 1458 reipu-

175 1470 300 1514 blicae,
329 1470 383 1507 uti
403 1483 471 1508 vos
500 1484 546 1508 ex
571 1484 682 1521 aequo
708 1484 841 1509 omnes
871 1471 1064 1509 hortemur
1082 1470 1243 1521 primum
1272 1476 1315 1506 ut
1335 1470 1441 1507 nobis
1461 1469 1615 1519 reliquis

175 1532 322 1569 veniam
343 1531 456 1577 detis,
478 1532 508 1569 si
537 1532 636 1570 forte
654 1533 692 1570 in
720 1534 898 1583 quaedam
918 1534 964 1571 ab
993 1533 1075 1570 aliis
1096 1533 1210 1570 allata
1229 1532 1268 1569 in
1286 1531 1452 1569 medium
1471 1530 1616 1568 incide·

177 1592 292 1630 rimus
312 1615 364 1621 —
380 1607 451 1632 nec
470 1594 569 1632 enim
591 1607 635 1632 eo
655 1601 867 1645 repetemus
886 1593 1020 1632 eadem
1041 1594 1096 1631 uti
1112 1607 1180 1631 vos
1195 1593 1468 1637 obtundamus,
1487 1592 1555 1629 sed
1574 1599 1618 1629 ut

177 1654 227 1691 ad
257 1654 437 1705 majorem
467 1656 700 1693 iracundiam
727 1655 968 1693 concitemini
989 1677 1052 1701 -,
1084 1654 1222 1692 deinde
1252 1667 1300 1691 ne
1325 1665 1525 1692 commune
1553 1653 1617 1703 jus

176 1714 291 1753 totius
309 1716 470 1754 civitatis
492 1716 711 1767 negligatis,
743 1729 812 1754 nec
832 1716 993 1755 salutem
1012 1715 1206 1767 publicam
1225 1728 1311 1754 cum
1331 1715 1384 1752 rei
1403 1713 1619 1763 eloquentia

176 1777 430 1815 commutetis.
488 1778 590 1816 Illud
609 1778 709 1816 enim
728 1778 876 1822 videtis,
896 1778 1164 1819 Athenienses,
1182 1777 1285 1826 apud
1304 1789 1371 1814 vos
1392 1774 1546 1825 quidem
1569 1774 1618 1813 de

177 1838 435 1876 Demosthene
453 1839 533 1873 fieri
555 1839 756 1887 Judicium,
785 1837 887 1885 apud
906 1837 1000 1872 alios
1020 1841 1147 1872 autem
1168 1836 1217 1872 de
1245 1835 1373 1872 vobis:
1403 1836 1467 1885 qui
1487 1836 1618 1873 obser-

177 1905 267 1936 vant
286 1897 610 1949 quemadmodum
636 1897 767 1947 patriae
795 1896 1005 1934 commodis
1024 1895 1224 1940 studeatis,
1254 1903 1370 1946 atque
1388 1902 1515 1933 utrum
1539 1896 1616 1946 pri-

178 1967 282 1998 vatas
302 1960 459 1997 istorum
479 1959 612 1997 sordes
633 1966 672 1996 et
691 1957 969 2009 improbitatem
985 1957 1021 1995 in
1042 1971 1109 1996 vos
1125 1957 1327 2008 recipiatis,
1348 1971 1395 1996 an
1416 1971 1504 1995 vero
1522 1971 1618 1996 mor-

178 2022 317 2060 talibus
346 2022 521 2059 omnibus
549 2021 778 2059 declaraturi
803 2020 884 2057 sitis
911 2027 1078 2058 vestrum
1098 2020 1135 2057 in
1165 2032 1231 2058 eos
1257 2021 1385 2058 odium
1415 2021 1478 2071 qui
1506 2021 1619 2071 largi-

178 2083 345 2121 tionibus
365 2083 404 2121 in
433 2083 649 2134 reipublicae
678 2083 852 2121 fraudem
881 2088 1188 2133 corrumpuntur,
1216 2095 1340 2134 neque
1368 2095 1435 2120 vos
1463 2082 1619 2133 inquisi-

178 2146 320 2184 tionem
339 2145 450 2183 istam
469 2145 618 2183 senatui
629 2144 895 2196 Areopagitico
907 2145 1113 2183 mandasse
1132 2151 1174 2182 ut
1187 2144 1334 2182 delatos
1356 2144 1617 2189 absolveretis,

179 2207 247 2245 sed
268 2214 320 2253 ut,
339 2207 421 2258 ejus
450 2206 590 2245 indicio
615 2207 785 2257 cognito,
805 2219 872 2244 vos
899 2206 984 2244 illos
1010 2210 1053 2243 ut
1078 2219 1206 2244 eorum
1235 2206 1404 2244 facinora
1430 2213 1619 2244 merentur

179 2268 471 2307 ulcisceremini.
515 2268 560 2306 Id
580 2268 694 2319 igitur
715 2281 814 2306 nunc
836 2267 940 2306 vobis
960 2268 998 2305 in
1018 2281 1132 2305 manu
1151 2274 1220 2305 est.
1254 2268 1353 2305 Nam
1374 2280 1461 2306 curn
1472 2269 1618 2317 justum

181 2329 424 2379 plebiscitum
443 2330 587 2368 sactum
607 2330 670 2375 sit,
688 2341 898 2379 omnesque
917 2328 1018 2367 cives
1037 2329 1263 2380 investigare
1283 2329 1440 2380 cupiant
1465 2327 1618 2377 quinam

181 2397 350 2428 oratores
363 2391 425 2429 isti
441 2391 516 2430 sint
528 2392 694 2442 quicum
712 2392 918 2443 ignominia
931 2397 971 2429 et
988 2391 1159 2443 periculo
1177 2391 1395 2442 reipublicae
1414 2389 1618 2440 pecuniam

179 2453 229 2490 ab
259 2443 628 2506 Harpalo⁶accipere
656 2467 732 2492 non
760 2454 981 2500 dubitarint,
1011 2460 1271 2506 praetereaque
1303 2461 1343 2490 tu
1377 2453 1459 2503 ipse
1483 2451 1621 2489 Demo-

181 2513 336 2552 sthenes
367 2528 412 2553 ac
434 2515 543 2553 multi
572 2515 634 2554 alii
661 2516 813 2554 decreto
840 2516 914 2554 hac
933 2516 980 2554 de
1005 2529 1046 2553 re
1066 2514 1202 2565 inquiri
1221 2514 1411 2566 jusseritis
1430 2526 1452 2550 a
1471 2519 1620 2558 senatu,

181 2574 354 2614 instituto
374 2578 572 2628 majorum,
592 2591 683 2617 num
707 2579 770 2630 qui
793 2592 924 2617 aurum
949 2580 996 2616 ab
1024 2577 1196 2628 Harpalo
1216 2576 1445 2627 acceperint,
1466 2575 1621 2625 inquirit

183 2636 367 2682 Senatus;
389 2651 513 2690 neque
523 2653 612 2678 vero
627 2640 658 2678 is
670 2653 720 2678 ex
733 2641 814 2678 istis
828 2638 1221 2689 cohortationibusjus
1234 2637 1326 2675 illud
1341 2637 1485 2681 didicit,
1496 2648 1621 2687 neque

182 2698 376 2737 veritatem
396 2708 435 2738 et
453 2701 566 2740 fidem
586 2714 694 2740 suam
714 2703 753 2740 in
780 2709 846 2740 tua
868 2713 985 2740 causa
1003 2700 1160 2751 perdere
1180 2699 1309 2744 voluit,
1329 2699 1411 2744 sed,
1432 2705 1473 2736 ut
1491 2704 1531 2736 et
1548 2697 1621 2748 ipsi

183 2759 424 2812 Areopagitae
449 2762 639 2812 dixerunt,
661 2776 705 2802 eo
727 2763 830 2814 quod
858 2769 1013 2801 senatus
1042 2760 1198 2799 istorum
1218 2761 1313 2798 vires
1333 2772 1377 2798 ac
1398 2768 1478 2798 tum
1499 2759 1621 2797 verbis

184 2821 368 2860 faciendis
394 2829 474 2861 tum
494 2826 605 2863 rebus
636 2825 813 2877 gerendis
841 2823 1051 2875 potentiam
1075 2822 1282 2874 prospexit,
1303 2834 1429 2873 neque
1448 2819 1622 2860 commit-

184 2884 343 2924 tendum
361 2885 523 2934 censuit,
541 2893 584 2925 ut
610 2886 721 2926 ullius
746 2892 877 2926 contra
895 2899 936 2925 se
950 2884 1120 2936 jaciendi
1139 2883 1332 2923 maledicti
1357 2890 1458 2922 metu
1490 2881 1620 2933 patriae
