1870 3277
242 181 315 218 168
834 181 1117 220 ISOCRATis

239 282 293 321 rei
325 296 400 320 non
432 297 595 334 parvum
624 283 716 321 illud
743 285 894 334 signum
922 292 996 335 est,
1017 285 1122 336 quod
1157 297 1229 322 nec
1258 284 1336 322 ulla
1366 284 1411 322 de
1441 298 1478 322 re
1511 284 1705 322 communi

238 344 400 382 consilio
425 345 693 390 deliberamus,
716 353 754 383 ct
775 346 922 396 utrique
945 348 1101 384 seorsim
1129 347 1280 397 legatos
1309 346 1357 383 ad
1378 346 1485 383 illum
1508 346 1706 390 mittimus,

240 413 456 456 sperantes,
475 407 548 444 utri
570 421 656 444 eum
685 407 807 457 magis
828 408 1033 457 propitium
1065 409 1282 453 habuerint,
1303 408 1338 445 in
1362 420 1493 445 eorum
1515 414 1707 458 potestate

239 468 320 505 fore
343 468 507 506 Graeciae
535 468 786 513 dominatum,
814 469 989 519 adeoque
1012 483 1141 507 sumus
1166 477 1340 507 amentes
1370 475 1412 506 ut
1439 481 1513 506 non
1536 468 1707 506 animad-

238 536 435 567 vertamus
468 530 592 567 solere
620 543 705 567 eum
738 530 824 567 illos
847 531 1025 580 aquibus
1057 532 1195 569 colitur
1221 530 1500 568 contumeliose
1527 538 1705 573 tractare,

240 603 326 629 cum
349 592 392 629 iis
410 599 551 636 autem,
574 592 638 642 qui
659 591 912 629 adversantur
933 600 971 629 et
991 593 1074 644 ejus
1095 594 1304 643 potentiam
1325 599 1591 638 contemnunt,
1606 592 1708 630 omni

240 652 355 690 modo
376 652 469 689 dare
490 665 646 702 operam
668 660 709 690 ut
730 652 865 690 redeat
880 652 916 689 in
938 654 1113 703 gratiam.

294 714 358 751 66.
390 714 487 751 Haec
516 714 703 758 recensui,
726 727 842 764 quum
874 715 966 752 satis
998 716 1133 753 scirem
1162 729 1238 753 non
1267 716 1469 754 defuturos
1495 715 1559 766 qui
1581 714 1709 752 dicere

241 775 431 814 auderent
450 788 495 813 ea
516 789 605 826 quae
634 775 794 813 dixerim
817 776 909 813 nibil
938 777 986 814 ad
1008 776 1225 815 institutum
1249 778 1453 828 pertinere.
1514 777 1598 826 Ego
1619 789 1709 813 vero

240 849 438 886 nunquam
460 836 668 887 quicquam
698 850 781 874 esse
809 837 952 874 dictum
975 838 1150 877 existimo
1179 839 1284 889 quod
1314 852 1430 890 supra
1454 839 1566 876 dictis
1588 837 1708 888 magis

240 898 459 943 conveniat,
483 905 550 936 aut
569 911 646 948 quo
668 898 911 936 manifestius
929 899 1213 937 demonstretur
1234 900 1396 951 majores
1417 906 1570 937 nostros
1591 899 1708 936 maxi·
1761 929 1767 934 .

239 959 311 996 mis
332 959 369 996 in
389 961 504 996 rebus
526 959 644 997 fuisse
672 960 942 1010 prudentiores
966 961 1039 998 illis
1062 962 1126 1011 qui
1147 969 1225 999 turn
1249 969 1418 999 nostram
1445 969 1524 998 tum
1550 961 1709 1012 Sparta-

240 1032 378 1057 norum
399 1021 529 1057 urbem
559 1027 647 1071 post
673 1022 815 1058 bellum
837 1035 925 1059 cnm
948 1023 1076 1060 Xerxe
1099 1032 1248 1073 gestum
1273 1025 1550 1073 gubernarunt.
1609 1023 1710 1060 Satis

240 1081 342 1118 enim
362 1088 515 1118 constat
537 1095 601 1119 eas
623 1089 660 1120 et
680 1083 751 1122 illis
780 1084 1017 1134 temporibus
1039 1097 1173 1135 pacem
1196 1098 1284 1123 cum
1305 1085 1478 1123 barbaris
1499 1085 1651 1130 fecisse,
1672 1092 1710 1122 et

240 1156 328 1181 cum
349 1143 495 1194 seipsas
517 1151 597 1181 tum
619 1145 714 1181 alias
737 1145 911 1183 civitates
934 1146 1161 1196 perdidisse,
1180 1155 1216 1184 et
1235 1160 1338 1184 nunc
1356 1146 1506 1184 Graeeis
1523 1147 1710 1198 imperare

241 1205 353 1249 velle,
375 1212 414 1243 et
435 1205 584 1256 legatos
602 1206 648 1242 ad
671 1219 799 1256 regem
822 1207 974 1244 mittere
996 1207 1043 1244 ad
1061 1208 1320 1258 expetendam
1342 1209 1425 1258 ejus
1447 1208 1651 1246 amicitiam
1673 1216 1711 1246 et

239 1267 460 1304 societatem
480 1280 488 1304 z
520 1267 583 1316 qui
605 1280 695 1304 vero
715 1267 909 1316 quondam
932 1275 1100 1305 nostram
1125 1269 1259 1306 urbem
1282 1275 1500 1314 tenuerunt,
1523 1269 1613 1306 nibil
1635 1269 1710 1307 tale

240 1330 427 1374 fecerunt,
451 1331 517 1367 sed
536 1331 650 1381 plane
672 1330 930 1373 contrarium;
965 1344 1052 1367 nam
1076 1331 1224 1368 Graecis
1241 1332 1399 1368 urbibus
1421 1332 1611 1369 abstinere
1632 1338 1708 1369 tam

239 1399 464 1429 constanter
492 1392 547 1429 eis
578 1392 777 1429 decretum
812 1392 884 1429 fuit
918 1405 1032 1442 quam
1068 1392 1256 1442 religiosis
1287 1392 1506 1429 hominibus
1540 1392 1709 1429 donariis

239 1454 484 1505 templorum,
510 1454 652 1491 bellum
681 1461 809 1491 autem
843 1453 1011 1490 maxime
1038 1453 1298 1491 necessarium
1331 1460 1369 1490 et
1390 1453 1666 1503 justissimum,
1690 1466 1711 1491 a

238 1528 316 1566 quo
341 1516 559 1553 mortalium
587 1528 700 1553 nemo
721 1515 901 1553 immunis
923 1528 1008 1554 esse
1031 1515 1201 1560 deberet,
1224 1516 1260 1552 id
1283 1516 1473 1565 putabant
1493 1515 1595 1565 quod
1618 1528 1711 1553 con·

238 1584 297 1616 tra
317 1578 593 1616 immanitatem
619 1577 833 1615 belluarum
861 1578 1315 1628 gereretur‚-proximum
1345 1578 1450 1628 quod
1483 1578 1709 1616 Graecorum

239 1640 383 1678 auxilio
416 1640 617 1677 inferretur
641 1640 811 1678 barbaris
840 1640 904 1690 qui
931 1647 970 1678 et
996 1646 1136 1678 natura
1164 1647 1293 1678 essent
1311 1640 1446 1677 hostes
1466 1648 1505 1677 et
1525 1647 1711 1690 perpetuo

240 1702 354 1740 nobis
377 1702 661 1740 insidiarentur.
721 1702 819 1740 Haec
841 1716 927 1753 quae
950 1702 1028 1740 dixi
1047 1715 1122 1740 non
1151 1703 1232 1753 ipse
1253 1702 1487 1752 excogitavi,
1509 1701 1576 1739 sed
1599 1715 1644 1739 ex
1667 1702 1711 1739 il-

237 1762 362 1801 lorum
383 1764 497 1800 rebus
519 1763 638 1814 gestis
659 1776 742 1800 sum
765 1764 1031 1801 ratiocinatus.

293 1827 360 1864 67.
392 1825 491 1863 Nam
518 1839 637 1876 quum
665 1826 760 1864 alias
787 1827 901 1863 urbes
928 1825 965 1862 in
993 1825 1125 1864 multis
1157 1825 1266 1864 malis
1299 1834 1337 1863 et
1370 1825 1481 1863 bellis
1515 1833 1555 1862 et
1588 1825 1713 1863 turbis

238 1887 399 1932 versari,
415 1900 523 1925 suam
541 1901 631 1925 vero
653 1888 775 1925 solam
795 1895 898 1925 recte
920 1888 1123 1938 gubernari
1145 1887 1331 1932 viderent,
1349 1901 1426 1925 non
1447 1887 1713 1924 existimarunt

239 1962 373 1987 eorum
406 1962 493 1987 esse
523 1950 639 1986 officii
668 1949 732 1999 qui
763 1957 801 1986 et
830 1949 972 1986 rectius
1004 1957 1186 1999 saperent
1212 1955 1251 1986 et
1277 1950 1391 1986 rebus
1419 1949 1710 1986 secundioribus

239 2017 438 2049 uterentur
456 2011 663 2048 connivere
685 2022 730 2048 ac
750 2010 829 2061 pati
850 2017 1038 2060 cognatas
1062 2011 1176 2048 urbes
1199 2010 1367 2055 interire,
1382 2010 1450 2048 sed
1467 2017 1506 2048 et
1521 2011 1709 2048 rationem

237 2072 447 2110 ineundam
468 2080 507 2110 et
526 2085 680 2123 operam
702 2085 787 2109 esse
807 2072 976 2109 dandam
995 2079 1037 2110 ut
1053 2072 1253 2110 universas
1269 2072 1379 2110 malis
1396 2073 1470 2110 illis
1488 2072 1710 2110 liberarent.

239 2134 316 2172 His
336 2134 635 2185 cogitationibus
656 2134 846 2185 susceptis
873 2134 1035 2172 dissidia
1062 2134 1252 2172 saniorum
1282 2134 1479 2172 civitatum
1508 2134 1712 2184 legationi-

237 2195 312 2233 bus
332 2202 371 2233 et
391 2195 736 2246 disceptationibus
752 2195 886 2233 tollere
903 2196 1141 2234 studuerunt
1157 2209 1166 2238 ;
1198 2196 1227 2233 si
1243 2209 1330 2246 quae
1345 2208 1435 2233 vero
1451 2195 1712 2233 seditiosiores

239 2264 365 2303 erant,
383 2257 485 2294 cives
505 2269 666 2294 summae
688 2257 791 2307 apud
815 2270 855 2295 se
876 2257 1114 2295 auctoritatis
1135 2257 1378 2307 ablegarunt,
1397 2256 1460 2307 qui
1482 2264 1522 2294 et
1542 2252 1711 2294 consiliis

241 2331 307 2357 eas
328 2319 367 2356 in
387 2319 503 2356 rebus
524 2318 598 2356 illis
614 2319 807 2368 juvarent,
823 2326 862 2356 et
880 2319 1081 2370 congressi
1101 2325 1183 2356 tum
1204 2331 1291 2356 cum
1313 2319 1356 2356 iis
1378 2319 1443 2369 qui
1464 2319 1567 2356 domi
1586 2319 1712 2357 vivere

240 2394 320 2419 non
338 2387 529 2432 poterant,
546 2387 627 2418 tum
647 2393 736 2418 cum
758 2380 803 2418 iis
825 2393 988 2431 quorum
1011 2380 1127 2418 insita
1146 2380 1288 2418 ferocia
1308 2380 1438 2431 legum
1460 2380 1626 2418 decretis
1647 2380 1713 2418 ad-

240 2443 479 2489 versabatur,
499 2442 605 2493 quod
629 2442 828 2480 hominum
859 2455 984 2493 genus
1013 2443 1172 2480 urbibus
1203 2442 1430 2493 plerumque
1453 2441 1710 2492 perniciosum

241 2511 314 2551 est,
336 2511 610 2558 persuaserunt
629 2511 673 2543 ut
692 2517 824 2542 secum
844 2504 881 2541 in
903 2504 1076 2542 militiam
1100 2505 1264 2555 profecti
1284 2504 1400 2542 vitam
1428 2504 1492 2542 illa
1515 2504 1711 2542 meliorem

241 2573 473 2617 quaererent.
531 2567 661 2609 Quum
682 2566 796 2617 igitur
815 2565 925 2602 multi
945 2573 1077 2603 essent
1096 2566 1162 2616 qui
1183 2579 1229 2603 ea
1247 2565 1391 2603 vellent
1411 2573 1450 2603 et
1469 2566 1711 2616 obtempera-

240 2635 337 2674 rent,
358 2629 572 2666 constituto
591 2641 637 2665 ex
658 2627 731 2666 illis
752 2626 937 2671 exercitu,
960 2634 999 2665 et
1016 2628 1201 2665 barbaros
1221 2626 1285 2677 qui
1305 2626 1450 2664 insulas
1474 2634 1713 2678 occuparant

242 2689 475 2741 expulerunt
495 2698 534 2728 et
553 2703 619 2728 eos
639 2690 704 2740 qui
725 2697 929 2739 utramque
946 2690 1050 2727 Asiae
1066 2702 1171 2727 oram
1188 2690 1373 2727 tenebant
1387 2690 1571 2740 aggressi,
1589 2691 1712 2728 omni-

240 2751 315 2788 bus
338 2750 485 2801 ejectis,
504 2751 776 2801 egentissimos
799 2751 1027 2788 Graecorum
1056 2750 1106 2788 ibi
1130 2750 1386 2788 collocarunt.
1445 2750 1543 2789 Haec
1572 2759 1610 2789 et
1639 2752 1711 2802 ipsi

241 2825 356 2863 agere
377 2820 416 2850 et
436 2813 519 2850 aliis
541 2814 589 2851 ad
609 2813 832 2851 imitandum
855 2826 1067 2864 proponere
1085 2826 1162 2850 non
1181 2812 1426 2859 destiterunt,
1441 2812 1566 2852 donec
1581 2814 1711 2852 audis-

243 2879 332 2911 sent
352 2873 569 2923 Spartanos-
583 2873 844 2926 Peloponnesi
865 2875 992 2921 urbes,
1008 2880 1051 2912 ut
1071 2873 1160 2920 dixi,
1177 2874 1404 2924 subegisse:
1436 2880 1515 2912 tum
1535 2887 1622 2913 vero
1642 2888 1712 2913 sua

245 2941 342 2971 tueri
364 2941 488 2972 coacti
511 2942 614 2972 sunt.
