<?xml version="1.0" encoding="UTF-8"?>
<!DOCTYPE html PUBLIC "-//W3C//DTD XHTML 1.0 Transitional//EN"
    "http://www.w3.org/TR/xhtml1/DTD/xhtml1-transitional.dtd">
<html xmlns="http://www.w3.org/1999/xhtml" xml:lang="en" lang="en">
 <head>
  <title>
</title>
<meta http-equiv="Content-Type" content="text/html;charset=utf-8" />
  <meta name='ocr-system' content='tesseract 3.04.00' />
  <meta name='ocr-capabilities' content='ocr_page ocr_carea ocr_par ocr_line ocrx_word'/>
</head>
<body>
  <div class='ocr_page' id='page_1' title='image "./oratoresatticie14dobs_0168.png"; bbox 0 0 1870 3277; ppageno 0'>
   <div class='ocr_carea' id='block_1_1' title="bbox 238 187 1108 225">
    <p class='ocr_par' dir='ltr' id='par_1_1' title="bbox 238 187 1108 225">
     <span class='ocr_line' id='line_1_1' title="bbox 238 187 1108 225; baseline 0.003 -3"><span class='ocrx_word' id='word_1_1' title='bbox 238 187 309 223; x_wconf 69' lang='lat'>156</span> <span class='ocrx_word' id='word_1_2' title='bbox 824 187 1108 225; x_wconf 74' lang='lat' dir='ltr'>ISOCRA&#39;l&#39;lS</span> 
     </span>
    </p>
   </div>
   <div class='ocr_carea' id='block_1_2' title="bbox 222 287 1708 3000">
    <p class='ocr_par' dir='ltr' id='par_1_2' title="bbox 230 287 1699 589">
     <span class='ocr_line' id='line_1_2' title="bbox 231 287 1697 344; baseline 0.004 -18"><span class='ocrx_word' id='word_1_3' title='bbox 231 287 488 338; x_wconf 83' lang='lat' dir='ltr'>prehendant.</span> <span class='ocrx_word' id='word_1_4' title='bbox 547 288 676 332; x_wconf 91' lang='lat' dir='ltr'>Quare</span> <span class='ocrx_word' id='word_1_5' title='bbox 699 302 832 328; x_wconf 87' lang='lat' dir='ltr'>vereor</span> <span class='ocrx_word' id='word_1_6' title='bbox 863 304 911 329; x_wconf 92' lang='lat' dir='ltr'>ne</span> <span class='ocrx_word' id='word_1_7' title='bbox 943 292 1033 329; x_wconf 88' lang='lat' dir='ltr'>mihi</span> <span class='ocrx_word' id='word_1_8' title='bbox 1065 293 1181 330; x_wconf 86' lang='lat' dir='ltr'>etiam</span> <span class='ocrx_word' id='word_1_9' title='bbox 1215 291 1292 330; x_wconf 86' lang='lat' dir='ltr'>tale</span> <span class='ocrx_word' id='word_1_10' title='bbox 1313 292 1456 344; x_wconf 89' lang='lat' dir='ltr'>aliquid</span> <span class='ocrx_word' id='word_1_11' title='bbox 1481 294 1697 332; x_wconf 85' lang='lat' dir='ltr'>usuveniat.</span> 
     </span>
     <span class='ocr_line' id='line_1_3' title="bbox 232 349 1698 403; baseline 0.005 -18"><span class='ocrx_word' id='word_1_12' title='bbox 232 349 377 388; x_wconf 88' lang='lat' dir='ltr'>Verum</span> <span class='ocrx_word' id='word_1_13' title='bbox 398 349 552 389; x_wconf 85' lang='lat' dir='ltr'>decrevi</span> <span class='ocrx_word' id='word_1_14' title='bbox 585 363 697 402; x_wconf 90' lang='lat' dir='ltr'>opem</span> <span class='ocrx_word' id='word_1_15' title='bbox 729 351 781 389; x_wconf 91' lang='lat' dir='ltr'>illi</span> <span class='ocrx_word' id='word_1_16' title='bbox 816 352 924 398; x_wconf 87' lang='lat' dir='ltr'>ferre,</span> <span class='ocrx_word' id='word_1_17' title='bbox 942 354 1004 391; x_wconf 83' lang='lat' dir='ltr'>cui</span> <span class='ocrx_word' id='word_1_18' title='bbox 1030 353 1133 391; x_wconf 89' lang='lat' dir='ltr'>idem</span> <span class='ocrx_word' id='word_1_19' title='bbox 1152 353 1257 403; x_wconf 89' lang='lat' dir='ltr'>quod</span> <span class='ocrx_word' id='word_1_20' title='bbox 1284 353 1375 391; x_wconf 85' lang='lat' dir='ltr'>mihi</span> <span class='ocrx_word' id='word_1_21' title='bbox 1405 362 1442 392; x_wconf 88' lang='lat' dir='ltr'>et</span> <span class='ocrx_word' id='word_1_22' title='bbox 1463 355 1594 394; x_wconf 88' lang='lat' dir='ltr'>multis</span> <span class='ocrx_word' id='word_1_23' title='bbox 1616 356 1698 393; x_wconf 84' lang='lat' dir='ltr'>aliis</span> 
     </span>
     <span class='ocr_line' id='line_1_4' title="bbox 232 411 1699 468; baseline 0.004 -20"><span class='ocrx_word' id='word_1_24' title='bbox 232 411 384 455; x_wconf 83' lang='lat' dir='ltr'>accidit,</span> <span class='ocrx_word' id='word_1_25' title='bbox 407 420 450 450; x_wconf 91' lang='lat' dir='ltr'>ut</span> <span class='ocrx_word' id='word_1_26' title='bbox 469 425 516 451; x_wconf 90' lang='lat' dir='ltr'>ea</span> <span class='ocrx_word' id='word_1_27' title='bbox 543 413 664 464; x_wconf 84' lang='lat' dir='ltr'>gloria</span> <span class='ocrx_word' id='word_1_28' title='bbox 695 413 939 451; x_wconf 72' lang='lat' dir='ltr'>fraudaretur</span> <span class='ocrx_word' id='word_1_29' title='bbox 958 428 1046 465; x_wconf 83' lang='lat' dir='ltr'>qnae</span> <span class='ocrx_word' id='word_1_30' title='bbox 1079 415 1220 452; x_wconf 83' lang='lat' dir='ltr'>meritis</span> <span class='ocrx_word' id='word_1_31' title='bbox 1250 416 1333 466; x_wconf 83' lang='lat' dir='ltr'>ejus</span> <span class='ocrx_word' id='word_1_32' title='bbox 1366 416 1600 460; x_wconf 80' lang='lat' dir='ltr'>debebatur3</span> <span class='ocrx_word' id='word_1_33' title='bbox 1633 417 1699 468; x_wconf 91' lang='lat' dir='ltr'>qui</span> 
     </span>
     <span class='ocr_line' id='line_1_5' title="bbox 231 473 1699 526; baseline 0.003 -16"><span class='ocrx_word' id='word_1_34' title='bbox 231 486 350 524; x_wconf 91' lang='lat' dir='ltr'>quum</span> <span class='ocrx_word' id='word_1_35' title='bbox 372 473 446 512; x_wconf 93' lang='lat' dir='ltr'>illis</span> <span class='ocrx_word' id='word_1_36' title='bbox 467 476 702 526; x_wconf 86' lang='lat' dir='ltr'>temporibus</span> <span class='ocrx_word' id='word_1_37' title='bbox 730 475 872 525; x_wconf 88' lang='lat' dir='ltr'>optime</span> <span class='ocrx_word' id='word_1_38' title='bbox 895 476 942 513; x_wconf 91' lang='lat' dir='ltr'>de</span> <span class='ocrx_word' id='word_1_39' title='bbox 972 475 1127 514; x_wconf 84' lang='lat' dir='ltr'>Graecia</span> <span class='ocrx_word' id='word_1_40' title='bbox 1143 477 1299 513; x_wconf 88' lang='lat' dir='ltr'>meritus</span> <span class='ocrx_word' id='word_1_41' title='bbox 1322 477 1449 523; x_wconf 86' lang='lat' dir='ltr'>fuerit,</span> <span class='ocrx_word' id='word_1_42' title='bbox 1468 478 1594 516; x_wconf 87' lang='lat' dir='ltr'>minus</span> <span class='ocrx_word' id='word_1_43' title='bbox 1615 478 1699 516; x_wconf 89' lang='lat' dir='ltr'>lau-</span> 
     </span>
     <span class='ocr_line' id='line_1_6' title="bbox 230 534 1377 589; baseline 0.003 -17"><span class='ocrx_word' id='word_1_44' title='bbox 230 534 347 573; x_wconf 89' lang='lat' dir='ltr'>datur</span> <span class='ocrx_word' id='word_1_45' title='bbox 365 548 482 586; x_wconf 88' lang='lat' dir='ltr'>quam</span> <span class='ocrx_word' id='word_1_46' title='bbox 502 537 567 586; x_wconf 91' lang='lat' dir='ltr'>qui</span> <span class='ocrx_word' id='word_1_47' title='bbox 589 537 681 575; x_wconf 83' lang='lat' dir='ltr'>nihil</span> <span class='ocrx_word' id='word_1_48' title='bbox 703 549 872 587; x_wconf 88' lang='lat' dir='ltr'>unquam</span> <span class='ocrx_word' id='word_1_49' title='bbox 892 538 1138 576; x_wconf 79' lang='lat' dir='ltr'>memorabile</span> <span class='ocrx_word' id='word_1_50' title='bbox 1154 546 1377 589; x_wconf 86' lang='lat' dir='ltr'>gesserunt.</span> 
     </span>
    </p>

    <p class='ocr_par' dir='ltr' id='par_1_3' title="bbox 222 599 1706 1766">
     <span class='ocr_line' id='line_1_7' title="bbox 285 599 1700 653; baseline 0.003 -19"><span class='ocrx_word' id='word_1_51' title='bbox 285 599 351 635; x_wconf 83' lang='lat'>28.</span> <span class='ocrx_word' id='word_1_52' title='bbox 382 599 485 643; x_wconf 86' lang='lat' dir='ltr'>Quid</span> <span class='ocrx_word' id='word_1_53' title='bbox 505 600 603 637; x_wconf 87' lang='lat' dir='ltr'>enim</span> <span class='ocrx_word' id='word_1_54' title='bbox 625 599 659 636; x_wconf 82' lang='lat' dir='ltr'>ei</span> <span class='ocrx_word' id='word_1_55' title='bbox 680 600 815 645; x_wconf 87' lang='lat' dir='ltr'>defuit,</span> <span class='ocrx_word' id='word_1_56' title='bbox 838 601 903 650; x_wconf 91' lang='lat' dir='ltr'>qui</span> <span class='ocrx_word' id='word_1_57' title='bbox 924 608 1075 638; x_wconf 85' lang='lat' dir='ltr'>tantum</span> <span class='ocrx_word' id='word_1_58' title='bbox 1095 601 1280 639; x_wconf 87' lang='lat' dir='ltr'>honorem</span> <span class='ocrx_word' id='word_1_59' title='bbox 1303 601 1351 639; x_wconf 89' lang='lat' dir='ltr'>sit</span> <span class='ocrx_word' id='word_1_60' title='bbox 1373 600 1550 653; x_wconf 87' lang='lat' dir='ltr'>adeptus,</span> <span class='ocrx_word' id='word_1_61' title='bbox 1571 614 1650 652; x_wconf 91' lang='lat' dir='ltr'>quo</span> <span class='ocrx_word' id='word_1_62' title='bbox 1669 602 1700 640; x_wconf 88' lang='lat' dir='ltr'>si</span> 
     </span>
     <span class='ocr_line' id='line_1_8' title="bbox 229 660 1703 713; baseline 0.003 -17"><span class='ocrx_word' id='word_1_63' title='bbox 229 671 365 698; x_wconf 89' lang='lat' dir='ltr'>omnes</span> <span class='ocrx_word' id='word_1_64' title='bbox 386 660 424 697; x_wconf 90' lang='lat' dir='ltr'>in</span> <span class='ocrx_word' id='word_1_65' title='bbox 444 674 563 698; x_wconf 89' lang='lat' dir='ltr'>unum</span> <span class='ocrx_word' id='word_1_66' title='bbox 584 661 783 711; x_wconf 84' lang='lat' dir='ltr'>congressi</span> <span class='ocrx_word' id='word_1_67' title='bbox 804 661 988 712; x_wconf 82' lang='lat' dir='ltr'>majorem‘</span> <span class='ocrx_word' id='word_1_68' title='bbox 1009 670 1199 713; x_wconf 82' lang='lat' dir='ltr'>quaerant,</span> <span class='ocrx_word' id='word_1_69' title='bbox 1216 675 1464 713; x_wconf 81' lang='lat' dir='ltr'>nequaquam</span> <span class='ocrx_word' id='word_1_70' title='bbox 1482 662 1558 700; x_wconf 87' lang='lat' dir='ltr'>sint</span> <span class='ocrx_word' id='word_1_71' title='bbox 1573 662 1703 701; x_wconf 88' lang='lat' dir='ltr'>inven-</span> 
     </span>
     <span class='ocr_line' id='line_1_9' title="bbox 231 722 1701 777; baseline 0.003 -18"><span class='ocrx_word' id='word_1_72' title='bbox 231 722 333 760; x_wconf 77' lang='lat' dir='ltr'>turi?</span> <span class='ocrx_word' id='word_1_73' title='bbox 390 724 505 762; x_wconf 90' lang='lat' dir='ltr'>Solus</span> <span class='ocrx_word' id='word_1_74' title='bbox 533 724 633 761; x_wconf 91' lang='lat' dir='ltr'>enim</span> <span class='ocrx_word' id='word_1_75' title='bbox 656 724 821 762; x_wconf 76' lang='lat' dir='ltr'>Graeciae</span> <span class='ocrx_word' id='word_1_76' title='bbox 850 724 969 763; x_wconf 89' lang='lat' dir='ltr'>totius</span> <span class='ocrx_word' id='word_1_77' title='bbox 995 725 1204 777; x_wconf 90' lang='lat' dir='ltr'>imperator</span> <span class='ocrx_word' id='word_1_78' title='bbox 1224 726 1370 764; x_wconf 89' lang='lat' dir='ltr'>evasit:</span> <span class='ocrx_word' id='word_1_79' title='bbox 1404 725 1633 764; x_wconf 91' lang='lat' dir='ltr'>delectusne</span> <span class='ocrx_word' id='word_1_80' title='bbox 1653 727 1701 764; x_wconf 88' lang='lat' dir='ltr'>ab</span> 
     </span>
     <span class='ocr_line' id='line_1_10' title="bbox 232 784 1702 838; baseline 0.002 -16"><span class='ocrx_word' id='word_1_81' title='bbox 232 784 411 822; x_wconf 90' lang='lat' dir='ltr'>omnibus</span> <span class='ocrx_word' id='word_1_82' title='bbox 439 798 487 823; x_wconf 89' lang='lat' dir='ltr'>an</span> <span class='ocrx_word' id='word_1_83' title='bbox 517 798 564 823; x_wconf 79' lang='lat' dir='ltr'>ea</span> <span class='ocrx_word' id='word_1_84' title='bbox 591 786 779 836; x_wconf 84' lang='lat' dir='ltr'>dignitate</span> <span class='ocrx_word' id='word_1_85' title='bbox 807 799 874 836; x_wconf 88' lang='lat' dir='ltr'>per</span> <span class='ocrx_word' id='word_1_86' title='bbox 900 799 984 825; x_wconf 91' lang='lat' dir='ltr'>sese</span> <span class='ocrx_word' id='word_1_87' title='bbox 1004 795 1126 838; x_wconf 88' lang='lat' dir='ltr'>parta,</span> <span class='ocrx_word' id='word_1_88' title='bbox 1147 787 1274 825; x_wconf 87' lang='lat' dir='ltr'>dicere</span> <span class='ocrx_word' id='word_1_89' title='bbox 1297 800 1371 825; x_wconf 92' lang='lat' dir='ltr'>non</span> <span class='ocrx_word' id='word_1_90' title='bbox 1393 800 1564 838; x_wconf 85' lang='lat' dir='ltr'>possum.</span> <span class='ocrx_word' id='word_1_91' title='bbox 1622 787 1702 826; x_wconf 88' lang='lat' dir='ltr'>Sed</span> 
     </span>
     <span class='ocr_line' id='line_1_11' title="bbox 233 845 1702 899; baseline 0.002 -16"><span class='ocrx_word' id='word_1_92' title='bbox 233 845 314 884; x_wconf 89' lang='lat' dir='ltr'>sive</span> <span class='ocrx_word' id='word_1_93' title='bbox 329 846 405 885; x_wconf 92' lang='lat' dir='ltr'>hoc</span> <span class='ocrx_word' id='word_1_94' title='bbox 421 847 501 885; x_wconf 89' lang='lat' dir='ltr'>sive</span> <span class='ocrx_word' id='word_1_95' title='bbox 518 847 585 885; x_wconf 92' lang='lat' dir='ltr'>illo</span> <span class='ocrx_word' id='word_1_96' title='bbox 606 848 721 886; x_wconf 89' lang='lat' dir='ltr'>modo</span> <span class='ocrx_word' id='word_1_97' title='bbox 741 848 941 899; x_wconf 88' lang='lat' dir='ltr'>imperium</span> <span class='ocrx_word' id='word_1_98' title='bbox 962 848 1077 887; x_wconf 86' lang='lat' dir='ltr'>fuerit</span> <span class='ocrx_word' id='word_1_99' title='bbox 1096 855 1314 893; x_wconf 90' lang='lat' dir='ltr'>assecutus,</span> <span class='ocrx_word' id='word_1_100' title='bbox 1333 850 1482 886; x_wconf 86' lang='lat' dir='ltr'>caeteris</span> <span class='ocrx_word' id='word_1_101' title='bbox 1503 849 1594 887; x_wconf 86' lang='lat' dir='ltr'>nihil</span> <span class='ocrx_word' id='word_1_102' title='bbox 1615 849 1702 887; x_wconf 90' lang='lat' dir='ltr'>reli-</span> 
     </span>
     <span class='ocr_line' id='line_1_12' title="bbox 233 908 1702 962; baseline 0.002 -17"><span class='ocrx_word' id='word_1_103' title='bbox 233 908 299 958; x_wconf 92' lang='lat' dir='ltr'>qui</span> <span class='ocrx_word' id='word_1_104' title='bbox 331 908 422 946; x_wconf 90' lang='lat' dir='ltr'>fecit</span> <span class='ocrx_word' id='word_1_105' title='bbox 450 910 515 960; x_wconf 90' lang='lat' dir='ltr'>qui</span> <span class='ocrx_word' id='word_1_106' title='bbox 546 910 620 947; x_wconf 88' lang='lat' dir='ltr'>alio</span> <span class='ocrx_word' id='word_1_107' title='bbox 650 910 832 961; x_wconf 88' lang='lat' dir='ltr'>quopiam</span> <span class='ocrx_word' id='word_1_108' title='bbox 863 910 978 948; x_wconf 88' lang='lat' dir='ltr'>modo</span> <span class='ocrx_word' id='word_1_109' title='bbox 1010 911 1168 948; x_wconf 82' lang='lat' dir='ltr'>fuerunt</span> <span class='ocrx_word' id='word_1_110' title='bbox 1198 911 1376 948; x_wconf 84' lang='lat' dir='ltr'>honorati</span> <span class='ocrx_word' id='word_1_111' title='bbox 1402 911 1508 962; x_wconf 90' lang='lat' dir='ltr'>quod</span> <span class='ocrx_word' id='word_1_112' title='bbox 1539 911 1588 948; x_wconf 86' lang='lat' dir='ltr'>ad</span> <span class='ocrx_word' id='word_1_113' title='bbox 1621 923 1702 948; x_wconf 88' lang='lat' dir='ltr'>snae</span> 
     </span>
     <span class='ocr_line' id='line_1_13' title="bbox 222 970 1704 1025; baseline 0.003 -19"><span class='ocrx_word' id='word_1_114' title='bbox 222 970 366 1020; x_wconf 54' lang='lat' dir='ltr'>&gt;gloriae</span> <span class='ocrx_word' id='word_1_115' title='bbox 383 971 650 1010; x_wconf 88' lang='lat' dir='ltr'>excellentiam</span> <span class='ocrx_word' id='word_1_116' title='bbox 667 972 759 1010; x_wconf 88' lang='lat' dir='ltr'>addi</span> <span class='ocrx_word' id='word_1_117' title='bbox 775 979 921 1023; x_wconf 86' lang='lat' dir='ltr'>posset.</span> <span class='ocrx_word' id='word_1_118' title='bbox 968 973 1082 1011; x_wconf 87' lang='lat' dir='ltr'>Hanc</span> <span class='ocrx_word' id='word_1_119' title='bbox 1098 985 1188 1011; x_wconf 91' lang='lat' dir='ltr'>vero</span> <span class='ocrx_word' id='word_1_120' title='bbox 1209 972 1422 1025; x_wconf 87' lang='lat' dir='ltr'>potentiam</span> <span class='ocrx_word' id='word_1_121' title='bbox 1443 979 1580 1010; x_wconf 88' lang='lat' dir='ltr'>nactus</span> <span class='ocrx_word' id='word_1_122' title='bbox 1596 971 1704 1010; x_wconf 86' lang='lat' dir='ltr'>nulla</span> 
     </span>
     <span class='ocr_line' id='line_1_14' title="bbox 235 1032 1703 1086; baseline 0.002 -17"><span class='ocrx_word' id='word_1_123' title='bbox 235 1032 463 1070; x_wconf 83' lang='lat' dir='ltr'>Graecarum</span> <span class='ocrx_word' id='word_1_124' title='bbox 492 1034 644 1071; x_wconf 89' lang='lat' dir='ltr'>urbium</span> <span class='ocrx_word' id='word_1_125' title='bbox 673 1042 732 1072; x_wconf 89' lang='lat' dir='ltr'>est</span> <span class='ocrx_word' id='word_1_126' title='bbox 761 1034 824 1072; x_wconf 88' lang='lat' dir='ltr'>cui</span> <span class='ocrx_word' id='word_1_127' title='bbox 852 1034 1037 1072; x_wconf 89' lang='lat' dir='ltr'>molestus</span> <span class='ocrx_word' id='word_1_128' title='bbox 1066 1035 1202 1078; x_wconf 83' lang='lat' dir='ltr'>fuerit;</span> <span class='ocrx_word' id='word_1_129' title='bbox 1235 1034 1304 1072; x_wconf 87' lang='lat' dir='ltr'>sed</span> <span class='ocrx_word' id='word_1_130' title='bbox 1329 1035 1377 1072; x_wconf 88' lang='lat' dir='ltr'>ab</span> <span class='ocrx_word' id='word_1_131' title='bbox 1406 1034 1703 1086; x_wconf 86' lang='lat' dir='ltr'>aliquibuspiam</span> 
     </span>
     <span class='ocr_line' id='line_1_15' title="bbox 233 1093 1703 1141; baseline 0.002 -11"><span class='ocrx_word' id='word_1_132' title='bbox 233 1093 367 1132; x_wconf 88' lang='lat' dir='ltr'>durius</span> <span class='ocrx_word' id='word_1_133' title='bbox 401 1102 440 1133; x_wconf 89' lang='lat' dir='ltr'>et</span> <span class='ocrx_word' id='word_1_134' title='bbox 472 1097 645 1134; x_wconf 81' lang='lat' dir='ltr'>acerbius</span> <span class='ocrx_word' id='word_1_135' title='bbox 677 1096 890 1134; x_wconf 83' lang='lat' dir='ltr'>tractandis</span> <span class='ocrx_word' id='word_1_136' title='bbox 920 1096 1018 1134; x_wconf 90' lang='lat' dir='ltr'>adeo</span> <span class='ocrx_word' id='word_1_137' title='bbox 1052 1096 1125 1133; x_wconf 89' lang='lat' dir='ltr'>fuit</span> <span class='ocrx_word' id='word_1_138' title='bbox 1157 1096 1321 1141; x_wconf 89' lang='lat' dir='ltr'>alienus,</span> <span class='ocrx_word' id='word_1_139' title='bbox 1350 1103 1407 1141; x_wconf 91' lang='lat' dir='ltr'>ut,</span> <span class='ocrx_word' id='word_1_140' title='bbox 1435 1109 1523 1134; x_wconf 85' lang='lat' dir='ltr'>curn</span> <span class='ocrx_word' id='word_1_141' title='bbox 1551 1095 1703 1133; x_wconf 77' lang='lat' dir='ltr'>Graecis</span> 
     </span>
     <span class='ocr_line' id='line_1_16' title="bbox 233 1154 1702 1207; baseline 0.001 -14"><span class='ocrx_word' id='word_1_142' title='bbox 233 1154 338 1193; x_wconf 90' lang='lat' dir='ltr'>bello</span> <span class='ocrx_word' id='word_1_143' title='bbox 366 1163 405 1193; x_wconf 92' lang='lat' dir='ltr'>et</span> <span class='ocrx_word' id='word_1_144' title='bbox 431 1157 550 1194; x_wconf 91' lang='lat' dir='ltr'>turbis</span> <span class='ocrx_word' id='word_1_145' title='bbox 573 1164 612 1194; x_wconf 91' lang='lat' dir='ltr'>et</span> <span class='ocrx_word' id='word_1_146' title='bbox 638 1157 769 1195; x_wconf 82' lang='lat' dir='ltr'>multis</span> <span class='ocrx_word' id='word_1_147' title='bbox 797 1157 880 1195; x_wconf 83' lang='lat' dir='ltr'>aliis</span> <span class='ocrx_word' id='word_1_148' title='bbox 909 1157 1020 1195; x_wconf 86' lang='lat' dir='ltr'>malis</span> <span class='ocrx_word' id='word_1_149' title='bbox 1044 1157 1199 1207; x_wconf 82' lang='lat' dir='ltr'>agitatis</span> <span class='ocrx_word' id='word_1_150' title='bbox 1226 1157 1442 1203; x_wconf 86' lang='lat' dir='ltr'>incidisset,</span> <span class='ocrx_word' id='word_1_151' title='bbox 1463 1170 1529 1195; x_wconf 90' lang='lat' dir='ltr'>eos</span> <span class='ocrx_word' id='word_1_152' title='bbox 1550 1157 1624 1195; x_wconf 88' lang='lat' dir='ltr'>illis</span> <span class='ocrx_word' id='word_1_153' title='bbox 1645 1156 1702 1194; x_wconf 90' lang='lat' dir='ltr'>in-</span> 
     </span>
     <span class='ocr_line' id='line_1_17' title="bbox 234 1217 1704 1268; baseline 0.001 -14"><span class='ocrx_word' id='word_1_154' title='bbox 234 1217 450 1255; x_wconf 89' lang='lat' dir='ltr'>commodis</span> <span class='ocrx_word' id='word_1_155' title='bbox 476 1218 665 1257; x_wconf 86' lang='lat' dir='ltr'>liberarit:</span> <span class='ocrx_word' id='word_1_156' title='bbox 696 1220 837 1268; x_wconf 89' lang='lat' dir='ltr'>quibus</span> <span class='ocrx_word' id='word_1_157' title='bbox 865 1219 965 1255; x_wconf 85' lang='lat' dir='ltr'>inter</span> <span class='ocrx_word' id='word_1_158' title='bbox 989 1232 1030 1255; x_wconf 90' lang='lat' dir='ltr'>se</span> <span class='ocrx_word' id='word_1_159' title='bbox 1057 1219 1311 1257; x_wconf 88' lang='lat' dir='ltr'>reconciliatis</span> <span class='ocrx_word' id='word_1_160' title='bbox 1332 1226 1370 1257; x_wconf 88' lang='lat' dir='ltr'>et</span> <span class='ocrx_word' id='word_1_161' title='bbox 1391 1219 1567 1257; x_wconf 91' lang='lat' dir='ltr'>omnibus</span> <span class='ocrx_word' id='word_1_162' title='bbox 1589 1220 1704 1257; x_wconf 89' lang='lat' dir='ltr'>rebus</span> 
     </span>
     <span class='ocr_line' id='line_1_18' title="bbox 233 1278 1705 1331; baseline 0.001 -14"><span class='ocrx_word' id='word_1_163' title='bbox 233 1293 322 1331; x_wconf 87' lang='lat' dir='ltr'>quae</span> <span class='ocrx_word' id='word_1_164' title='bbox 352 1279 624 1318; x_wconf 85' lang='lat' dir='ltr'>ostentationis</span> <span class='ocrx_word' id='word_1_165' title='bbox 655 1286 696 1317; x_wconf 92' lang='lat' dir='ltr'>et</span> <span class='ocrx_word' id='word_1_166' title='bbox 723 1279 884 1317; x_wconf 87' lang='lat' dir='ltr'>monstri</span> <span class='ocrx_word' id='word_1_167' title='bbox 912 1278 999 1330; x_wconf 91' lang='lat' dir='ltr'>plus</span> <span class='ocrx_word' id='word_1_168' title='bbox 1029 1279 1173 1317; x_wconf 84' lang='lat' dir='ltr'>habent</span> <span class='ocrx_word' id='word_1_169' title='bbox 1200 1293 1316 1330; x_wconf 89' lang='lat' dir='ltr'>quam</span> <span class='ocrx_word' id='word_1_170' title='bbox 1342 1280 1505 1331; x_wconf 83' lang='lat' dir='ltr'>publicae</span> <span class='ocrx_word' id='word_1_171' title='bbox 1530 1280 1705 1318; x_wconf 86' lang='lat' dir='ltr'>utilitatis</span> 
     </span>
     <span class='ocr_line' id='line_1_19' title="bbox 233 1340 1704 1391; baseline 0 -13"><span class='ocrx_word' id='word_1_172' title='bbox 233 1340 441 1391; x_wconf 86' lang='lat' dir='ltr'>despectis,</span> <span class='ocrx_word' id='word_1_173' title='bbox 457 1342 666 1379; x_wconf 87' lang='lat' dir='ltr'>exercitum</span> <span class='ocrx_word' id='word_1_174' title='bbox 683 1341 875 1379; x_wconf 82' lang='lat' dir='ltr'>contraxit</span> <span class='ocrx_word' id='word_1_175' title='bbox 888 1348 926 1377; x_wconf 90' lang='lat' dir='ltr'>et</span> <span class='ocrx_word' id='word_1_176' title='bbox 941 1347 1077 1377; x_wconf 85' lang='lat' dir='ltr'>contra</span> <span class='ocrx_word' id='word_1_177' title='bbox 1090 1341 1274 1378; x_wconf 87' lang='lat' dir='ltr'>barbaros</span> <span class='ocrx_word' id='word_1_178' title='bbox 1291 1341 1416 1378; x_wconf 85' lang='lat' dir='ltr'>duxit.</span> <span class='ocrx_word' id='word_1_179' title='bbox 1451 1341 1540 1384; x_wconf 88' lang='lat' dir='ltr'>Quo</span> <span class='ocrx_word' id='word_1_180' title='bbox 1554 1341 1704 1378; x_wconf 88' lang='lat' dir='ltr'>nullum</span> 
     </span>
     <span class='ocr_line' id='line_1_20' title="bbox 230 1401 1704 1454; baseline 0 -14"><span class='ocrx_word' id='word_1_181' title='bbox 230 1409 465 1454; x_wconf 88' lang='lat' dir='ltr'>strategema</span> <span class='ocrx_word' id='word_1_182' title='bbox 483 1403 732 1454; x_wconf 77' lang='lat' dir='ltr'>praestantius</span> <span class='ocrx_word' id='word_1_183' title='bbox 753 1411 820 1441; x_wconf 89' lang='lat' dir='ltr'>aut</span> <span class='ocrx_word' id='word_1_184' title='bbox 842 1402 992 1440; x_wconf 88' lang='lat' dir='ltr'>Graecis</span> <span class='ocrx_word' id='word_1_185' title='bbox 1020 1401 1151 1439; x_wconf 90' lang='lat' dir='ltr'>utilius</span> <span class='ocrx_word' id='word_1_186' title='bbox 1175 1401 1328 1440; x_wconf 88' lang='lat' dir='ltr'>ostendi</span> <span class='ocrx_word' id='word_1_187' title='bbox 1355 1408 1487 1453; x_wconf 90' lang='lat' dir='ltr'>potest</span> <span class='ocrx_word' id='word_1_188' title='bbox 1512 1402 1573 1440; x_wconf 92' lang='lat' dir='ltr'>vel</span> <span class='ocrx_word' id='word_1_189' title='bbox 1600 1402 1704 1440; x_wconf 87' lang='lat' dir='ltr'>cele-</span> 
     </span>
     <span class='ocr_line' id='line_1_21' title="bbox 232 1465 1704 1518; baseline -0.001 -13"><span class='ocrx_word' id='word_1_190' title='bbox 232 1466 485 1505; x_wconf 89' lang='lat' dir='ltr'>berrimorum</span> <span class='ocrx_word' id='word_1_191' title='bbox 512 1466 596 1518; x_wconf 89' lang='lat' dir='ltr'>ejus</span> <span class='ocrx_word' id='word_1_192' title='bbox 624 1467 750 1505; x_wconf 81' lang='lat' dir='ltr'>aetatis</span> <span class='ocrx_word' id='word_1_193' title='bbox 769 1466 830 1505; x_wconf 87' lang='lat' dir='ltr'>vel</span> <span class='ocrx_word' id='word_1_194' title='bbox 855 1466 1084 1517; x_wconf 85' lang='lat' dir='ltr'>cujusquam</span> <span class='ocrx_word' id='word_1_195' title='bbox 1110 1478 1156 1503; x_wconf 87' lang='lat' dir='ltr'>ex</span> <span class='ocrx_word' id='word_1_196' title='bbox 1180 1465 1283 1503; x_wconf 90' lang='lat' dir='ltr'>omni</span> <span class='ocrx_word' id='word_1_197' title='bbox 1308 1466 1547 1517; x_wconf 88' lang='lat' dir='ltr'>posteritate.</span> <span class='ocrx_word' id='word_1_198' title='bbox 1603 1467 1704 1509; x_wconf 81' lang='lat' dir='ltr'>Quae</span> 
     </span>
     <span class='ocr_line' id='line_1_22' title="bbox 233 1527 1704 1580; baseline 0.001 -14"><span class='ocrx_word' id='word_1_199' title='bbox 233 1542 354 1580; x_wconf 90' lang='lat' dir='ltr'>quum</span> <span class='ocrx_word' id='word_1_200' title='bbox 380 1528 445 1567; x_wconf 90' lang='lat' dir='ltr'>ille</span> <span class='ocrx_word' id='word_1_201' title='bbox 471 1529 631 1580; x_wconf 86' lang='lat' dir='ltr'>gesserit</span> <span class='ocrx_word' id='word_1_202' title='bbox 656 1536 695 1568; x_wconf 90' lang='lat' dir='ltr'>et</span> <span class='ocrx_word' id='word_1_203' title='bbox 721 1529 939 1580; x_wconf 89' lang='lat' dir='ltr'>exemplum</span> <span class='ocrx_word' id='word_1_204' title='bbox 969 1528 1052 1566; x_wconf 87' lang='lat' dir='ltr'>aliis</span> <span class='ocrx_word' id='word_1_205' title='bbox 1078 1527 1287 1579; x_wconf 87' lang='lat' dir='ltr'>reliquerit,</span> <span class='ocrx_word' id='word_1_206' title='bbox 1308 1541 1384 1566; x_wconf 91' lang='lat' dir='ltr'>non</span> <span class='ocrx_word' id='word_1_207' title='bbox 1409 1528 1461 1566; x_wconf 88' lang='lat' dir='ltr'>ita</span> <span class='ocrx_word' id='word_1_208' title='bbox 1485 1528 1704 1567; x_wconf 85' lang='lat' dir='ltr'>celebratus</span> 
     </span>
     <span class='ocr_line' id='line_1_23' title="bbox 234 1589 1706 1641; baseline -0.001 -12"><span class='ocrx_word' id='word_1_209' title='bbox 234 1598 295 1629; x_wconf 86' lang='lat' dir='ltr'>est</span> <span class='ocrx_word' id='word_1_210' title='bbox 323 1598 366 1629; x_wconf 90' lang='lat' dir='ltr'>ut</span> <span class='ocrx_word' id='word_1_211' title='bbox 390 1592 623 1637; x_wconf 85' lang='lat' dir='ltr'>merebatur,</span> <span class='ocrx_word' id='word_1_212' title='bbox 649 1604 778 1630; x_wconf 89' lang='lat' dir='ltr'>eorum</span> <span class='ocrx_word' id='word_1_213' title='bbox 807 1590 921 1641; x_wconf 89' lang='lat' dir='ltr'>culpa</span> <span class='ocrx_word' id='word_1_214' title='bbox 952 1590 1016 1640; x_wconf 90' lang='lat' dir='ltr'>qui</span> <span class='ocrx_word' id='word_1_215' title='bbox 1049 1596 1229 1640; x_wconf 87' lang='lat' dir='ltr'>portenta</span> <span class='ocrx_word' id='word_1_216' title='bbox 1257 1589 1468 1636; x_wconf 82' lang='lat' dir='ltr'>beneficiis,</span> <span class='ocrx_word' id='word_1_217' title='bbox 1503 1590 1706 1628; x_wconf 84' lang='lat' dir='ltr'>mendacia</span> 
     </span>
     <span class='ocr_line' id='line_1_24' title="bbox 234 1649 1704 1704; baseline 0 -14"><span class='ocrx_word' id='word_1_218' title='bbox 234 1653 384 1691; x_wconf 86' lang='lat' dir='ltr'>veritati</span> <span class='ocrx_word' id='word_1_219' title='bbox 412 1653 646 1704; x_wconf 87' lang='lat' dir='ltr'>praeferunt;</span> <span class='ocrx_word' id='word_1_220' title='bbox 677 1661 865 1703; x_wconf 88' lang='lat' dir='ltr'>tantaque</span> <span class='ocrx_word' id='word_1_221' title='bbox 892 1651 1118 1703; x_wconf 77' lang='lat' dir='ltr'>praestantia</span> <span class='ocrx_word' id='word_1_222' title='bbox 1142 1650 1197 1689; x_wconf 89' lang='lat' dir='ltr'>vir</span> <span class='ocrx_word' id='word_1_223' title='bbox 1223 1649 1297 1688; x_wconf 87' lang='lat' dir='ltr'>illis</span> <span class='ocrx_word' id='word_1_224' title='bbox 1325 1650 1440 1689; x_wconf 87' lang='lat' dir='ltr'>etiam</span> <span class='ocrx_word' id='word_1_225' title='bbox 1469 1659 1530 1690; x_wconf 90' lang='lat' dir='ltr'>est</span> <span class='ocrx_word' id='word_1_226' title='bbox 1560 1653 1704 1691; x_wconf 85' lang='lat' dir='ltr'>minore</span> 
     </span>
     <span class='ocr_line' id='line_1_25' title="bbox 235 1713 1030 1766; baseline -0.001 -15"><span class='ocrx_word' id='word_1_227' title='bbox 235 1714 358 1766; x_wconf 83' lang='lat' dir='ltr'>gloria</span> <span class='ocrx_word' id='word_1_228' title='bbox 376 1714 441 1764; x_wconf 90' lang='lat' dir='ltr'>qui</span> <span class='ocrx_word' id='word_1_229' title='bbox 462 1727 549 1752; x_wconf 90' lang='lat' dir='ltr'>eum</span> <span class='ocrx_word' id='word_1_230' title='bbox 572 1727 645 1752; x_wconf 89' lang='lat' dir='ltr'>nec</span> <span class='ocrx_word' id='word_1_231' title='bbox 665 1714 804 1752; x_wconf 88' lang='lat' dir='ltr'>imitari</span> <span class='ocrx_word' id='word_1_232' title='bbox 825 1720 916 1751; x_wconf 89' lang='lat' dir='ltr'>sunt</span> <span class='ocrx_word' id='word_1_233' title='bbox 935 1713 1030 1751; x_wconf 89' lang='lat' dir='ltr'>ausi.</span> 
     </span>
    </p>

    <p class='ocr_par' dir='ltr' id='par_1_4' title="bbox 234 1774 1708 2632">
     <span class='ocr_line' id='line_1_26' title="bbox 290 1774 1704 1827; baseline 0.002 -15"><span class='ocrx_word' id='word_1_234' title='bbox 290 1778 354 1813; x_wconf 79' lang='lat'>29.</span> <span class='ocrx_word' id='word_1_235' title='bbox 387 1776 525 1827; x_wconf 90' lang='lat' dir='ltr'>Neque</span> <span class='ocrx_word' id='word_1_236' title='bbox 554 1789 643 1814; x_wconf 92' lang='lat' dir='ltr'>vero</span> <span class='ocrx_word' id='word_1_237' title='bbox 671 1783 828 1827; x_wconf 85' lang='lat' dir='ltr'>propter</span> <span class='ocrx_word' id='word_1_238' title='bbox 854 1776 940 1814; x_wconf 86' lang='lat' dir='ltr'>baec</span> <span class='ocrx_word' id='word_1_239' title='bbox 966 1782 1116 1813; x_wconf 90' lang='lat' dir='ltr'>tantum</span> <span class='ocrx_word' id='word_1_240' title='bbox 1141 1774 1361 1813; x_wconf 85' lang='lat' dir='ltr'>laudandus</span> <span class='ocrx_word' id='word_1_241' title='bbox 1388 1782 1459 1820; x_wconf 87' lang='lat' dir='ltr'>est,</span> <span class='ocrx_word' id='word_1_242' title='bbox 1485 1775 1554 1814; x_wconf 89' lang='lat' dir='ltr'>sed</span> <span class='ocrx_word' id='word_1_243' title='bbox 1581 1777 1630 1814; x_wconf 96' lang='lat' dir='ltr'>ob</span> <span class='ocrx_word' id='word_1_244' title='bbox 1658 1790 1704 1815; x_wconf 86' lang='lat' dir='ltr'>ea</span> 
     </span>
     <span class='ocr_line' id='line_1_27' title="bbox 234 1836 1703 1889; baseline -0.001 -13"><span class='ocrx_word' id='word_1_245' title='bbox 234 1839 349 1877; x_wconf 87' lang='lat' dir='ltr'>etiam</span> <span class='ocrx_word' id='word_1_246' title='bbox 375 1851 464 1888; x_wconf 83' lang='lat' dir='ltr'>quae</span> <span class='ocrx_word' id='word_1_247' title='bbox 491 1838 595 1876; x_wconf 88' lang='lat' dir='ltr'>circa</span> <span class='ocrx_word' id='word_1_248' title='bbox 620 1837 723 1876; x_wconf 88' lang='lat' dir='ltr'>idem</span> <span class='ocrx_word' id='word_1_249' title='bbox 749 1846 902 1889; x_wconf 86' lang='lat' dir='ltr'>tempus</span> <span class='ocrx_word' id='word_1_250' title='bbox 923 1837 1056 1888; x_wconf 85' lang='lat' dir='ltr'>gessit.</span> <span class='ocrx_word' id='word_1_251' title='bbox 1117 1836 1217 1874; x_wconf 86' lang='lat' dir='ltr'>Nam</span> <span class='ocrx_word' id='word_1_252' title='bbox 1237 1842 1347 1874; x_wconf 85' lang='lat' dir='ltr'>tanta</span> <span class='ocrx_word' id='word_1_253' title='bbox 1367 1836 1406 1874; x_wconf 92' lang='lat' dir='ltr'>in</span> <span class='ocrx_word' id='word_1_254' title='bbox 1428 1849 1475 1874; x_wconf 90' lang='lat' dir='ltr'>eo</span> <span class='ocrx_word' id='word_1_255' title='bbox 1495 1837 1568 1875; x_wconf 89' lang='lat' dir='ltr'>fuit</span> <span class='ocrx_word' id='word_1_256' title='bbox 1587 1837 1703 1875; x_wconf 86' lang='lat' dir='ltr'>animi</span> 
     </span>
     <span class='ocr_line' id='line_1_28' title="bbox 236 1899 1704 1950; baseline 0.001 -13"><span class='ocrx_word' id='word_1_257' title='bbox 236 1899 477 1950; x_wconf 76' lang='lat' dir='ltr'>magnitudo,</span> <span class='ocrx_word' id='word_1_258' title='bbox 498 1907 539 1937; x_wconf 89' lang='lat' dir='ltr'>ut</span> <span class='ocrx_word' id='word_1_259' title='bbox 558 1913 636 1937; x_wconf 91' lang='lat' dir='ltr'>non</span> <span class='ocrx_word' id='word_1_260' title='bbox 656 1906 862 1938; x_wconf 89' lang='lat' dir='ltr'>contentus</span> <span class='ocrx_word' id='word_1_261' title='bbox 883 1913 903 1937; x_wconf 90' lang='lat' dir='ltr'>e</span> <span class='ocrx_word' id='word_1_262' title='bbox 923 1899 1086 1950; x_wconf 89' lang='lat' dir='ltr'>singulis</span> <span class='ocrx_word' id='word_1_263' title='bbox 1115 1899 1272 1936; x_wconf 89' lang='lat' dir='ltr'>urbibus</span> <span class='ocrx_word' id='word_1_264' title='bbox 1299 1905 1357 1936; x_wconf 85' lang='lat' dir='ltr'>tot</span> <span class='ocrx_word' id='word_1_265' title='bbox 1382 1899 1542 1950; x_wconf 79' lang='lat' dir='ltr'>privatae</span> <span class='ocrx_word' id='word_1_266' title='bbox 1567 1901 1704 1938; x_wconf 90' lang='lat' dir='ltr'>condi-</span> 
     </span>
     <span class='ocr_line' id='line_1_29' title="bbox 235 1961 1704 2013; baseline 0.001 -13"><span class='ocrx_word' id='word_1_267' title='bbox 235 1962 350 2000; x_wconf 88' lang='lat' dir='ltr'>tionis</span> <span class='ocrx_word' id='word_1_268' title='bbox 378 1962 517 2000; x_wconf 89' lang='lat' dir='ltr'>milites</span> <span class='ocrx_word' id='word_1_269' title='bbox 545 1962 737 2013; x_wconf 82' lang='lat' dir='ltr'>delegisse</span> <span class='ocrx_word' id='word_1_270' title='bbox 764 1969 858 2013; x_wconf 91' lang='lat' dir='ltr'>quot</span> <span class='ocrx_word' id='word_1_271' title='bbox 884 1962 1033 1999; x_wconf 91' lang='lat' dir='ltr'>libitum</span> <span class='ocrx_word' id='word_1_272' title='bbox 1061 1961 1146 2006; x_wconf 86' lang='lat' dir='ltr'>fuit,</span> <span class='ocrx_word' id='word_1_273' title='bbox 1169 1961 1322 2012; x_wconf 80' lang='lat' dir='ltr'>regibus</span> <span class='ocrx_word' id='word_1_274' title='bbox 1343 1961 1457 1999; x_wconf 90' lang='lat' dir='ltr'>etiam</span> <span class='ocrx_word' id='word_1_275' title='bbox 1479 1963 1603 2013; x_wconf 90' lang='lat' dir='ltr'>quiin</span> <span class='ocrx_word' id='word_1_276' title='bbox 1623 1964 1704 2002; x_wconf 88' lang='lat' dir='ltr'>suis</span> 
     </span>
     <span class='ocr_line' id='line_1_30' title="bbox 237 2023 1708 2077; baseline 0.002 -16"><span class='ocrx_word' id='word_1_277' title='bbox 237 2024 396 2062; x_wconf 84' lang='lat' dir='ltr'>urbibus</span> <span class='ocrx_word' id='word_1_278' title='bbox 417 2024 566 2062; x_wconf 87' lang='lat' dir='ltr'>faciunt</span> <span class='ocrx_word' id='word_1_279' title='bbox 585 2037 671 2075; x_wconf 88' lang='lat' dir='ltr'>quae</span> <span class='ocrx_word' id='word_1_280' title='bbox 693 2024 829 2062; x_wconf 90' lang='lat' dir='ltr'>volunt</span> <span class='ocrx_word' id='word_1_281' title='bbox 849 2031 887 2061; x_wconf 91' lang='lat' dir='ltr'>et</span> <span class='ocrx_word' id='word_1_282' title='bbox 903 2023 987 2061; x_wconf 87' lang='lat' dir='ltr'>aliis</span> <span class='ocrx_word' id='word_1_283' title='bbox 1009 2023 1212 2074; x_wconf 87' lang='lat' dir='ltr'>imperant,</span> <span class='ocrx_word' id='word_1_284' title='bbox 1231 2023 1301 2061; x_wconf 90' lang='lat' dir='ltr'>sibi</span> <span class='ocrx_word' id='word_1_285' title='bbox 1317 2030 1359 2060; x_wconf 91' lang='lat' dir='ltr'>ut</span> <span class='ocrx_word' id='word_1_286' title='bbox 1374 2031 1551 2074; x_wconf 86' lang='lat' dir='ltr'>parerent</span> <span class='ocrx_word' id='word_1_287' title='bbox 1565 2024 1608 2063; x_wconf 89' lang='lat' dir='ltr'>iis</span> <span class='ocrx_word' id='word_1_288' title='bbox 1625 2039 1708 2077; x_wconf 90' lang='lat' dir='ltr'>per-</span> 
     </span>
     <span class='ocr_line' id='line_1_31' title="bbox 236 2085 1706 2139; baseline 0.002 -15"><span class='ocrx_word' id='word_1_289' title='bbox 236 2086 413 2132; x_wconf 86' lang='lat' dir='ltr'>suaserit,</span> <span class='ocrx_word' id='word_1_290' title='bbox 441 2096 481 2124; x_wconf 85' lang='lat' dir='ltr'>et</span> <span class='ocrx_word' id='word_1_291' title='bbox 507 2093 644 2124; x_wconf 85' lang='lat' dir='ltr'>contra</span> <span class='ocrx_word' id='word_1_292' title='bbox 672 2098 929 2137; x_wconf 90' lang='lat' dir='ltr'>quoscunque</span> <span class='ocrx_word' id='word_1_293' title='bbox 959 2085 1133 2123; x_wconf 86' lang='lat' dir='ltr'>duxisset</span> <span class='ocrx_word' id='word_1_294' title='bbox 1162 2093 1427 2136; x_wconf 89' lang='lat' dir='ltr'>sequerentur,</span> <span class='ocrx_word' id='word_1_295' title='bbox 1455 2093 1492 2125; x_wconf 89' lang='lat' dir='ltr'>et</span> <span class='ocrx_word' id='word_1_296' title='bbox 1518 2087 1706 2139; x_wconf 87' lang='lat' dir='ltr'>imperata</span> 
     </span>
     <span class='ocr_line' id='line_1_32' title="bbox 234 2146 1703 2199; baseline 0.003 -15"><span class='ocrx_word' id='word_1_297' title='bbox 234 2147 423 2193; x_wconf 83' lang='lat' dir='ltr'>facerent,</span> <span class='ocrx_word' id='word_1_298' title='bbox 452 2154 491 2185; x_wconf 90' lang='lat' dir='ltr'>et</span> <span class='ocrx_word' id='word_1_299' title='bbox 521 2148 626 2199; x_wconf 84' lang='lat' dir='ltr'>regia</span> <span class='ocrx_word' id='word_1_300' title='bbox 653 2148 839 2197; x_wconf 87' lang='lat' dir='ltr'>despecta</span> <span class='ocrx_word' id='word_1_301' title='bbox 865 2146 942 2184; x_wconf 83' lang='lat' dir='ltr'>vita</span> <span class='ocrx_word' id='word_1_302' title='bbox 972 2146 1183 2184; x_wconf 86' lang='lat' dir='ltr'>militariter</span> <span class='ocrx_word' id='word_1_303' title='bbox 1212 2147 1421 2197; x_wconf 68' lang='lat' dir='ltr'>degerent,</span> <span class='ocrx_word' id='word_1_304' title='bbox 1443 2155 1559 2199; x_wconf 86' lang='lat' dir='ltr'>atque</span> <span class='ocrx_word' id='word_1_305' title='bbox 1589 2150 1703 2188; x_wconf 88' lang='lat' dir='ltr'>etiam</span> 
     </span>
     <span class='ocr_line' id='line_1_33' title="bbox 236 2206 1704 2260; baseline 0.003 -16"><span class='ocrx_word' id='word_1_306' title='bbox 236 2206 409 2258; x_wconf 87' lang='lat' dir='ltr'>pericula</span> <span class='ocrx_word' id='word_1_307' title='bbox 429 2207 579 2246; x_wconf 87' lang='lat' dir='ltr'>adirent</span> <span class='ocrx_word' id='word_1_308' title='bbox 599 2216 638 2246; x_wconf 91' lang='lat' dir='ltr'>et</span> <span class='ocrx_word' id='word_1_309' title='bbox 656 2208 802 2246; x_wconf 90' lang='lat' dir='ltr'>bellum</span> <span class='ocrx_word' id='word_1_310' title='bbox 821 2213 1001 2258; x_wconf 87' lang='lat' dir='ltr'>gererent</span> <span class='ocrx_word' id='word_1_311' title='bbox 1019 2219 1095 2244; x_wconf 88' lang='lat' dir='ltr'>non</span> <span class='ocrx_word' id='word_1_312' title='bbox 1115 2219 1184 2257; x_wconf 91' lang='lat' dir='ltr'>pro</span> <span class='ocrx_word' id='word_1_313' title='bbox 1204 2220 1276 2245; x_wconf 84' lang='lat' dir='ltr'>sua</span> <span class='ocrx_word' id='word_1_314' title='bbox 1293 2208 1418 2258; x_wconf 88' lang='lat' dir='ltr'>patria</span> <span class='ocrx_word' id='word_1_315' title='bbox 1433 2217 1472 2246; x_wconf 92' lang='lat' dir='ltr'>et</span> <span class='ocrx_word' id='word_1_316' title='bbox 1485 2222 1618 2260; x_wconf 88' lang='lat' dir='ltr'>regno,</span> <span class='ocrx_word' id='word_1_317' title='bbox 1635 2211 1704 2258; x_wconf 88' lang='lat' dir='ltr'>sed</span> 
     </span>
     <span class='ocr_line' id='line_1_34' title="bbox 238 2269 1707 2320; baseline 0.003 -13"><span class='ocrx_word' id='word_1_318' title='bbox 238 2270 354 2307; x_wconf 88' lang='lat' dir='ltr'>verbo</span> <span class='ocrx_word' id='word_1_319' title='bbox 374 2282 440 2320; x_wconf 88' lang='lat' dir='ltr'>pro</span> <span class='ocrx_word' id='word_1_320' title='bbox 460 2270 614 2308; x_wconf 91' lang='lat' dir='ltr'>Helena</span> <span class='ocrx_word' id='word_1_321' title='bbox 634 2270 808 2308; x_wconf 88' lang='lat' dir='ltr'>Menelai</span> <span class='ocrx_word' id='word_1_322' title='bbox 828 2282 959 2315; x_wconf 87' lang='lat' dir='ltr'>uxore,</span> <span class='ocrx_word' id='word_1_323' title='bbox 975 2269 1103 2320; x_wconf 84' lang='lat' dir='ltr'>reipsa</span> <span class='ocrx_word' id='word_1_324' title='bbox 1120 2282 1189 2320; x_wconf 89' lang='lat' dir='ltr'>pro</span> <span class='ocrx_word' id='word_1_325' title='bbox 1209 2282 1255 2307; x_wconf 91' lang='lat' dir='ltr'>eo</span> <span class='ocrx_word' id='word_1_326' title='bbox 1276 2283 1323 2308; x_wconf 87' lang='lat' dir='ltr'>ne</span> <span class='ocrx_word' id='word_1_327' title='bbox 1342 2269 1534 2310; x_wconf 79' lang='lat' dir='ltr'>Graeciam</span> <span class='ocrx_word' id='word_1_328' title='bbox 1555 2273 1707 2312; x_wconf 90' lang='lat' dir='ltr'>barbari</span> 
     </span>
     <span class='ocr_line' id='line_1_35' title="bbox 237 2330 1704 2387; baseline 0.003 -18"><span class='ocrx_word' id='word_1_329' title='bbox 237 2332 297 2369; x_wconf 87' lang='lat' dir='ltr'>vel</span> <span class='ocrx_word' id='word_1_330' title='bbox 320 2331 456 2369; x_wconf 87' lang='lat' dir='ltr'>eodem</span> <span class='ocrx_word' id='word_1_331' title='bbox 479 2332 593 2370; x_wconf 88' lang='lat' dir='ltr'>modo</span> <span class='ocrx_word' id='word_1_332' title='bbox 614 2339 839 2377; x_wconf 85' lang='lat' dir='ltr'>tractarent,</span> <span class='ocrx_word' id='word_1_333' title='bbox 860 2331 920 2369; x_wconf 85' lang='lat' dir='ltr'>vel</span> <span class='ocrx_word' id='word_1_334' title='bbox 940 2331 994 2369; x_wconf 87' lang='lat' dir='ltr'>ita</span> <span class='ocrx_word' id='word_1_335' title='bbox 1012 2337 1057 2368; x_wconf 92' lang='lat' dir='ltr'>ut</span> <span class='ocrx_word' id='word_1_336' title='bbox 1075 2330 1166 2368; x_wconf 88' lang='lat' dir='ltr'>olim</span> <span class='ocrx_word' id='word_1_337' title='bbox 1184 2337 1398 2370; x_wconf 68' lang='lat' dir='ltr'>tractat-ant</span> <span class='ocrx_word' id='word_1_338' title='bbox 1422 2346 1540 2383; x_wconf 87' lang='lat' dir='ltr'>quum</span> <span class='ocrx_word' id='word_1_339' title='bbox 1562 2334 1704 2387; x_wconf 88' lang='lat' dir='ltr'>Pelops</span> 
     </span>
     <span class='ocr_line' id='line_1_36' title="bbox 238 2392 1706 2445; baseline 0.003 -13"><span class='ocrx_word' id='word_1_340' title='bbox 238 2401 358 2432; x_wconf 87' lang='lat' dir='ltr'>totam</span> <span class='ocrx_word' id='word_1_341' title='bbox 381 2393 710 2445; x_wconf 88' lang='lat' dir='ltr'>Peloponnesum,</span> <span class='ocrx_word' id='word_1_342' title='bbox 735 2393 897 2431; x_wconf 86' lang='lat' dir='ltr'>Danaus</span> <span class='ocrx_word' id='word_1_343' title='bbox 920 2393 1053 2430; x_wconf 88' lang='lat' dir='ltr'>urbem</span> <span class='ocrx_word' id='word_1_344' title='bbox 1073 2392 1319 2443; x_wconf 85' lang='lat' dir='ltr'>Argivorum,</span> <span class='ocrx_word' id='word_1_345' title='bbox 1341 2394 1514 2433; x_wconf 88' lang='lat' dir='ltr'>Cadmus</span> <span class='ocrx_word' id='word_1_346' title='bbox 1536 2396 1706 2445; x_wconf 87' lang='lat' dir='ltr'>Thebas,</span> 
     </span>
     <span class='ocr_line' id='line_1_37' title="bbox 239 2454 1706 2506; baseline 0.003 -13"><span class='ocrx_word' id='word_1_347' title='bbox 239 2463 486 2506; x_wconf 86' lang='lat' dir='ltr'>occupasset.</span> <span class='ocrx_word' id='word_1_348' title='bbox 545 2455 644 2499; x_wconf 82' lang='lat' dir='ltr'>Quae</span> <span class='ocrx_word' id='word_1_349' title='bbox 667 2455 752 2506; x_wconf 87' lang='lat' dir='ltr'>quis</span> <span class='ocrx_word' id='word_1_350' title='bbox 772 2455 871 2492; x_wconf 85' lang='lat' dir='ltr'>alius</span> <span class='ocrx_word' id='word_1_351' title='bbox 893 2455 1020 2492; x_wconf 89' lang='lat' dir='ltr'>animo</span> <span class='ocrx_word' id='word_1_352' title='bbox 1042 2454 1290 2505; x_wconf 84' lang='lat' dir='ltr'>prospexisse</span> <span class='ocrx_word' id='word_1_353' title='bbox 1310 2461 1376 2492; x_wconf 87' lang='lat' dir='ltr'>aut</span> <span class='ocrx_word' id='word_1_354' title='bbox 1394 2455 1481 2506; x_wconf 90' lang='lat' dir='ltr'>quis</span> <span class='ocrx_word' id='word_1_355' title='bbox 1507 2457 1706 2497; x_wconf 88' lang='lat' dir='ltr'>obstitisse</span> 
     </span>
     <span class='ocr_line' id='line_1_38' title="bbox 240 2516 1707 2569; baseline 0.003 -15"><span class='ocrx_word' id='word_1_356' title='bbox 240 2516 360 2554; x_wconf 88' lang='lat' dir='ltr'>videri</span> <span class='ocrx_word' id='word_1_357' title='bbox 381 2524 510 2568; x_wconf 85' lang='lat' dir='ltr'>potest</span> <span class='ocrx_word' id='word_1_358' title='bbox 529 2530 577 2555; x_wconf 86' lang='lat' dir='ltr'>ne</span> <span class='ocrx_word' id='word_1_359' title='bbox 597 2517 688 2568; x_wconf 89' lang='lat' dir='ltr'>quid</span> <span class='ocrx_word' id='word_1_360' title='bbox 709 2516 898 2568; x_wconf 87' lang='lat' dir='ltr'>ejusmodi</span> <span class='ocrx_word' id='word_1_361' title='bbox 921 2523 1057 2567; x_wconf 88' lang='lat' dir='ltr'>postea</span> <span class='ocrx_word' id='word_1_362' title='bbox 1081 2516 1200 2562; x_wconf 87' lang='lat' dir='ltr'>fieret,</span> <span class='ocrx_word' id='word_1_363' title='bbox 1220 2516 1292 2554; x_wconf 90' lang='lat' dir='ltr'>nisi</span> <span class='ocrx_word' id='word_1_364' title='bbox 1316 2516 1418 2555; x_wconf 92' lang='lat' dir='ltr'>illius</span> <span class='ocrx_word' id='word_1_365' title='bbox 1444 2518 1641 2569; x_wconf 88' lang='lat' dir='ltr'>ingenium</span> <span class='ocrx_word' id='word_1_366' title='bbox 1668 2528 1707 2561; x_wconf 83' lang='lat' dir='ltr'>et</span> 
     </span>
     <span class='ocr_line' id='line_1_39' title="bbox 237 2579 438 2632; baseline -0.005 -14"><span class='ocrx_word' id='word_1_367' title='bbox 237 2579 438 2632; x_wconf 72' lang='lat' dir='ltr'>potentia?</span> 
     </span>
    </p>

    <p class='ocr_par' dir='ltr' id='par_1_5' title="bbox 243 2639 1708 3000">
     <span class='ocr_line' id='line_1_40' title="bbox 298 2639 1706 2693; baseline 0 -13"><span class='ocrx_word' id='word_1_368' title='bbox 298 2643 362 2680; x_wconf 87' lang='lat'>30.</span> <span class='ocrx_word' id='word_1_369' title='bbox 391 2642 480 2680; x_wconf 85' lang='lat' dir='ltr'>Jam</span> <span class='ocrx_word' id='word_1_370' title='bbox 501 2641 540 2680; x_wconf 91' lang='lat' dir='ltr'>id</span> <span class='ocrx_word' id='word_1_371' title='bbox 559 2641 665 2693; x_wconf 90' lang='lat' dir='ltr'>quod</span> <span class='ocrx_word' id='word_1_372' title='bbox 685 2640 858 2691; x_wconf 88' lang='lat' dir='ltr'>sequitur</span> <span class='ocrx_word' id='word_1_373' title='bbox 877 2640 1002 2678; x_wconf 84' lang='lat' dir='ltr'>minus</span> <span class='ocrx_word' id='word_1_374' title='bbox 1022 2639 1180 2690; x_wconf 89' lang='lat' dir='ltr'>quidem</span> <span class='ocrx_word' id='word_1_375' title='bbox 1205 2646 1263 2678; x_wconf 91' lang='lat' dir='ltr'>est</span> <span class='ocrx_word' id='word_1_376' title='bbox 1288 2653 1404 2691; x_wconf 89' lang='lat' dir='ltr'>quam</span> <span class='ocrx_word' id='word_1_377' title='bbox 1430 2654 1478 2679; x_wconf 88' lang='lat' dir='ltr'>ea</span> <span class='ocrx_word' id='word_1_378' title='bbox 1502 2654 1589 2691; x_wconf 88' lang='lat' dir='ltr'>quae</span> <span class='ocrx_word' id='word_1_379' title='bbox 1617 2650 1706 2681; x_wconf 84' lang='lat' dir='ltr'>ante</span> 
     </span>
     <span class='ocr_line' id='line_1_41' title="bbox 243 2701 1708 2755; baseline -0.001 -13"><span class='ocrx_word' id='word_1_380' title='bbox 243 2704 423 2750; x_wconf 84' lang='lat' dir='ltr'>diximus,</span> <span class='ocrx_word' id='word_1_381' title='bbox 444 2703 515 2742; x_wconf 90' lang='lat' dir='ltr'>sed</span> <span class='ocrx_word' id='word_1_382' title='bbox 536 2703 657 2755; x_wconf 88' lang='lat' dir='ltr'>majus</span> <span class='ocrx_word' id='word_1_383' title='bbox 676 2710 805 2742; x_wconf 85' lang='lat' dir='ltr'>tamen</span> <span class='ocrx_word' id='word_1_384' title='bbox 826 2702 872 2740; x_wconf 91' lang='lat' dir='ltr'>iis</span> <span class='ocrx_word' id='word_1_385' title='bbox 893 2715 980 2753; x_wconf 89' lang='lat' dir='ltr'>quae</span> <span class='ocrx_word' id='word_1_386' title='bbox 999 2714 1104 2752; x_wconf 88' lang='lat' dir='ltr'>saepe</span> <span class='ocrx_word' id='word_1_387' title='bbox 1125 2701 1274 2739; x_wconf 84' lang='lat' dir='ltr'>laudari</span> <span class='ocrx_word' id='word_1_388' title='bbox 1299 2702 1425 2741; x_wconf 89' lang='lat' dir='ltr'>solent</span> <span class='ocrx_word' id='word_1_389' title='bbox 1447 2703 1708 2754; x_wconf 89' lang='lat' dir='ltr'>memoriaque</span> 
     </span>
     <span class='ocr_line' id='line_1_42' title="bbox 244 2761 1707 2816; baseline 0 -14"><span class='ocrx_word' id='word_1_390' title='bbox 244 2764 422 2816; x_wconf 86' lang='lat' dir='ltr'>dignius:</span> <span class='ocrx_word' id='word_1_391' title='bbox 453 2777 574 2814; x_wconf 91' lang='lat' dir='ltr'>quum</span> <span class='ocrx_word' id='word_1_392' title='bbox 604 2765 707 2802; x_wconf 88' lang='lat' dir='ltr'>enim</span> <span class='ocrx_word' id='word_1_393' title='bbox 734 2763 924 2802; x_wconf 86' lang='lat' dir='ltr'>exercitus</span> <span class='ocrx_word' id='word_1_394' title='bbox 951 2775 998 2799; x_wconf 84' lang='lat' dir='ltr'>ex</span> <span class='ocrx_word' id='word_1_395' title='bbox 1026 2761 1203 2800; x_wconf 89' lang='lat' dir='ltr'>omnibus</span> <span class='ocrx_word' id='word_1_396' title='bbox 1234 2763 1391 2802; x_wconf 86' lang='lat' dir='ltr'>urbibus</span> <span class='ocrx_word' id='word_1_397' title='bbox 1418 2764 1707 2812; x_wconf 86' lang='lat' dir='ltr'>convenissent,</span> 
     </span>
     <span class='ocr_line' id='line_1_43' title="bbox 243 2824 1707 2876; baseline 0.001 -12"><span class='ocrx_word' id='word_1_398' title='bbox 243 2833 353 2865; x_wconf 86' lang='lat' dir='ltr'>tanta</span> <span class='ocrx_word' id='word_1_399' title='bbox 382 2826 628 2864; x_wconf 86' lang='lat' dir='ltr'>multitudine</span> <span class='ocrx_word' id='word_1_400' title='bbox 653 2832 839 2876; x_wconf 87' lang='lat' dir='ltr'>quantam</span> <span class='ocrx_word' id='word_1_401' title='bbox 866 2831 1170 2863; x_wconf 89' lang='lat' dir='ltr'>consentaneum</span> <span class='ocrx_word' id='word_1_402' title='bbox 1195 2830 1266 2870; x_wconf 91' lang='lat' dir='ltr'>est,</span> <span class='ocrx_word' id='word_1_403' title='bbox 1292 2824 1357 2874; x_wconf 87' lang='lat' dir='ltr'>qui</span> <span class='ocrx_word' id='word_1_404' title='bbox 1383 2824 1522 2863; x_wconf 89' lang='lat' dir='ltr'>multos</span> <span class='ocrx_word' id='word_1_405' title='bbox 1543 2825 1615 2863; x_wconf 86' lang='lat' dir='ltr'>sibi</span> <span class='ocrx_word' id='word_1_406' title='bbox 1638 2825 1707 2865; x_wconf 88' lang='lat' dir='ltr'>ha-</span> 
     </span>
     <span class='ocr_line' id='line_1_44' title="bbox 243 2885 1708 2938; baseline 0.001 -12"><span class='ocrx_word' id='word_1_407' title='bbox 243 2888 362 2926; x_wconf 87' lang='lat' dir='ltr'>bebat</span> <span class='ocrx_word' id='word_1_408' title='bbox 387 2887 524 2938; x_wconf 87' lang='lat' dir='ltr'>partim</span> <span class='ocrx_word' id='word_1_409' title='bbox 543 2900 563 2925; x_wconf 91' lang='lat' dir='ltr'>e</span> <span class='ocrx_word' id='word_1_410' title='bbox 584 2887 727 2925; x_wconf 85' lang='lat' dir='ltr'>familia</span> <span class='ocrx_word' id='word_1_411' title='bbox 753 2887 915 2926; x_wconf 89' lang='lat' dir='ltr'>deorum</span> <span class='ocrx_word' id='word_1_412' title='bbox 938 2886 1077 2937; x_wconf 88' lang='lat' dir='ltr'>partim</span> <span class='ocrx_word' id='word_1_413' title='bbox 1102 2899 1150 2924; x_wconf 86' lang='lat' dir='ltr'>ex</span> <span class='ocrx_word' id='word_1_414' title='bbox 1167 2885 1261 2937; x_wconf 88' lang='lat' dir='ltr'>ipsis</span> <span class='ocrx_word' id='word_1_415' title='bbox 1282 2885 1353 2924; x_wconf 89' lang='lat' dir='ltr'>diis</span> <span class='ocrx_word' id='word_1_416' title='bbox 1375 2886 1542 2937; x_wconf 88' lang='lat' dir='ltr'>genitos,</span> <span class='ocrx_word' id='word_1_417' title='bbox 1563 2900 1635 2926; x_wconf 91' lang='lat' dir='ltr'>nec</span> <span class='ocrx_word' id='word_1_418' title='bbox 1654 2888 1708 2928; x_wconf 88' lang='lat' dir='ltr'>ita</span> 
     </span>
     <span class='ocr_line' id='line_1_45' title="bbox 246 2947 1706 3000; baseline 0 -13"><span class='ocrx_word' id='word_1_419' title='bbox 246 2956 289 2987; x_wconf 92' lang='lat' dir='ltr'>ut</span> <span class='ocrx_word' id='word_1_420' title='bbox 310 2949 449 3000; x_wconf 84' lang='lat' dir='ltr'>vulgus</span> <span class='ocrx_word' id='word_1_421' title='bbox 476 2948 635 2987; x_wconf 83' lang='lat' dir='ltr'>affectos</span> <span class='ocrx_word' id='word_1_422' title='bbox 656 2961 728 2987; x_wconf 81' lang='lat' dir='ltr'>nec</span> <span class='ocrx_word' id='word_1_423' title='bbox 748 2948 883 2988; x_wconf 87' lang='lat' dir='ltr'>iisdem</span> <span class='ocrx_word' id='word_1_424' title='bbox 903 2947 1064 2999; x_wconf 89' lang='lat' dir='ltr'>ingeniis</span> <span class='ocrx_word' id='word_1_425' title='bbox 1085 2947 1266 2999; x_wconf 86' lang='lat' dir='ltr'>praeditos</span> <span class='ocrx_word' id='word_1_426' title='bbox 1287 2948 1427 2999; x_wconf 89' lang='lat' dir='ltr'>quibus</span> <span class='ocrx_word' id='word_1_427' title='bbox 1448 2948 1525 2996; x_wconf 88' lang='lat' dir='ltr'>alii,</span> <span class='ocrx_word' id='word_1_428' title='bbox 1546 2949 1612 2987; x_wconf 86' lang='lat' dir='ltr'>sed</span> <span class='ocrx_word' id='word_1_429' title='bbox 1635 2949 1706 2988; x_wconf 85' lang='lat' dir='ltr'>ira-</span> 
     </span>
    </p>
   </div>
  </div>
 </body>
</html>
