1870 3277
674 206 747 243 AD
780 205 1105 245 PHILIPPUM.
1571 209 1620 244 57

154 309 314 357 rediere,
345 316 401 356 ut,
429 321 548 361 quum
581 322 621 347 se
651 309 769 347 totius
797 308 962 346 Graeciae
994 310 1187 360 potituros
1218 309 1378 360 imperio
1407 317 1622 361 sperarent,

153 384 255 410 nunc
275 385 382 423 spem
405 372 539 410 salutis
565 384 646 409 suae
667 371 705 408 in
726 377 763 408 te
782 369 989 408 collocent.
1048 370 1177 413 Quare
1203 369 1273 408 hos
1301 371 1418 408 etiam
1445 371 1624 410 alacriter

152 433 329 471 existimo
349 434 529 485 quicquid
544 432 707 485 jusseris
728 439 768 470 et
786 432 952 470 suaseris
973 444 1058 470 esse
1078 432 1263 470 facturos.

205 497 272 533 22.
303 496 513 546 Reliquum
537 495 617 546 jam
650 494 762 532 nobis
792 501 896 532 esset
924 493 973 531 de
1002 494 1096 531 urbe
1124 501 1258 532 nostra
1276 493 1395 531 verba
1418 494 1558 541 facere,
1583 495 1622 532 ni

152 556 315 607 sapienti
343 557 506 594 consilio
532 562 624 593 ante
651 562 815 593 caeteras
845 567 978 605 pacem
1004 554 1174 592 fecisset.
1233 554 1350 592 Nunc
1377 554 1492 592 etiam
1512 556 1622 607 adju-

152 619 284 656 tricem
305 618 384 656 fore
406 625 499 669 puto
519 618 563 656 iis
584 618 698 655 rebus
719 630 806 668 quae
825 630 848 654 a
868 624 904 654 te
925 623 1103 667 agentur,
1122 616 1335 668 praesertim
1356 616 1388 654 si
1406 617 1624 668 perspicere

151 681 320 731 potuerit
337 680 422 718 haec
444 680 510 718 tibi
529 693 634 718 curae
650 693 738 718 esse
757 686 968 730 antequam
988 679 1271 730 expeditionem
1287 685 1425 718 contra
1438 680 1623 718 barbaros

153 742 359 793 suscipias.

205 807 270 842 23.
300 804 357 842 Ac
379 804 456 842 fieri
477 803 633 854 quidem
661 816 776 855 posse
803 810 846 841 ut
871 804 987 841 urbes
1015 802 1086 841 has
1116 803 1155 840 in
1185 803 1347 854 gratiam
1376 803 1556 848 reducas,
1577 817 1623 842 ex

149 865 208 903 his
228 879 316 916 quae
336 866 440 904 dicta
460 873 552 903 sunt
572 865 731 917 planum
753 865 819 903 tibi
843 865 925 903 fore
951 864 1130 903 existimo
1151 878 1160 903 :
1187 865 1302 903 facile
1333 872 1461 903 autem
1487 865 1626 904 isthaec

149 927 286 966 eadem
307 928 387 965 fieri
407 940 475 978 per
495 934 533 965 te
552 940 681 978 posse,
703 940 764 964 me
788 926 856 964 tibi
883 927 1011 965 multis
1037 927 1224 978 exemplis
1251 934 1500 966 ostensurum
1527 927 1627 966 arbi-

150 996 241 1026 tror.
299 989 399 1026 Nam
417 989 448 1026 si
465 989 704 1027 declaratum
721 988 836 1026 fuerit
851 988 945 1026 alios
966 989 1157 1039 quosdam
1175 996 1348 1027 veterum
1370 1002 1448 1027 non
1470 989 1625 1040 quidem

148 1050 404 1101 pulcrioribus
426 1058 494 1089 aut
525 1052 781 1089 sanctioribus
802 1052 916 1089 rebus
935 1052 1103 1089 animum
1119 1052 1307 1103 adjecisse
1323 1065 1439 1103 quam
1458 1052 1519 1089 hae
1535 1060 1628 1090 sunt

148 1126 310 1163 quarum
335 1125 406 1150 nos
433 1113 497 1151 tibi
526 1119 704 1151 auctores
728 1126 874 1157 sumus,
898 1113 968 1150 sed
995 1113 1139 1164 majora
1162 1121 1291 1151 tamen
1316 1120 1356 1151 et
1381 1113 1625 1164 perplexiora

151 1174 372 1224 perfecisse,
392 1174 484 1224 quid
511 1174 700 1224 reliquum
721 1174 792 1211 erit
811 1174 1041 1212 adversariis
1061 1175 1266 1225 quominus
1286 1182 1323 1213 te
1343 1175 1509 1213 celerius
1530 1175 1624 1215 faci-

151 1236 245 1274 liora
266 1250 380 1287 quam
401 1237 486 1274 illos
507 1237 726 1274 difficiliora
746 1237 1018 1274 confecturum
1040 1250 1126 1275 esse
1146 1237 1373 1275 fateantur?

207 1299 273 1334 24.
296 1297 541 1335 Alcibiadem
558 1298 595 1334 in
613 1298 744 1348 primis
760 1297 858 1342 vide,
874 1298 954 1348 qui,
969 1311 1088 1348 quum
1104 1311 1127 1336 a
1141 1298 1253 1336 nobis
1273 1299 1311 1336 in
1327 1299 1503 1337 exsilium
1520 1305 1629 1337 actus

153 1359 248 1397 alios
269 1366 357 1397 ante
378 1373 419 1397 se
439 1359 507 1398 illa
526 1359 748 1398 calamitate
767 1367 929 1410 accepta
950 1359 1166 1410 trepidasse
1184 1360 1332 1399 videret
1353 1361 1457 1399 urbis
1478 1361 1629 1412 magni-

153 1421 286 1459 tudine
305 1422 545 1472 perterritos,
567 1434 643 1458 non
666 1421 803 1458 eodem
824 1421 954 1459 animo
973 1422 1060 1472 fuit,
1077 1422 1146 1460 sed
1167 1421 1202 1460 vi
1223 1422 1389 1461 reditum
1406 1423 1444 1460 in
1464 1424 1630 1474 patriam

154 1483 224 1520 sibi
243 1483 555 1533 patefaciendum
574 1496 663 1521 esse
679 1490 786 1521 ratus
802 1483 947 1521 bellum
964 1484 1151 1523 adversus
1167 1498 1250 1522 eam
1269 1485 1452 1536 suscepit.
1483 1485 1631 1524 Verum

152 1545 307 1594 singula
326 1558 414 1596 quae
434 1553 512 1582 tum
534 1545 637 1582 facta
656 1552 745 1582 sunt
771 1545 802 1582 si
829 1545 915 1596 quis
943 1545 1070 1584 dicere
1099 1547 1232 1584 conari
1260 1547 1376 1597 ausit,
1396 1560 1523 1598 neque
1542 1560 1630 1599 per-

153 1607 286 1657 spicue
313 1620 505 1658 exponere
533 1607 715 1658 potuerit,
736 1613 775 1645 et
801 1607 840 1644 in
866 1609 1075 1658 praesentia
1094 1608 1282 1646 molestus
1303 1609 1469 1648 fortasse
1489 1610 1630 1649 fuerit:

153 1667 206 1706 ita
234 1677 361 1707 autem
392 1670 656 1720 perturbatam
683 1669 852 1707 reddidit
881 1682 959 1707 non
985 1671 1119 1708 urbem
1146 1670 1262 1709 modo
1289 1679 1478 1717 nostram,
1501 1672 1570 1709 sed
1591 1679 1631 1711 et

153 1731 473 1770 Lacedaemonios
495 1739 534 1770 et
553 1739 717 1771 caeteros
738 1731 913 1776 Gra—2005,
936 1738 978 1769 ut
997 1738 1078 1770 turn
1099 1746 1144 1771 ea
1162 1733 1274 1771 nobis
1297 1733 1521 1772 acciderent
1539 1747 1628 1784 quae

153 1806 288 1831 omnes
308 1801 465 1840 norunt,
484 1801 564 1831 tum
588 1793 651 1832 alii
670 1793 787 1831 tantis
807 1793 916 1831 malis
937 1794 1199 1845 affligerentur
1219 1802 1259 1832 ut
1276 1808 1325 1833 ne
1347 1808 1451 1834 nunc
1470 1795 1630 1846 quidem

153 1855 366 1893 obliteratae
386 1855 463 1893 sint
482 1856 520 1893 in
543 1855 701 1893 urbibus
723 1855 824 1893 illius
844 1855 936 1893 belli
957 1856 1214 1902 calamitates,
1235 1864 1317 1894 tum
1341 1857 1627 1895 Lacedaemonii

153 1917 219 1968 qui
239 1930 285 1955 eo
303 1925 473 1969 tempore
494 1917 629 1956 florere
650 1917 880 1955 videbantur
895 1917 933 1955 in
947 1917 1034 1956 haec
1055 1918 1159 1957 mala
1179 1932 1248 1970 per
1268 1919 1512 1958 Alcibiadem
1532 1932 1628 1958 con·

147 1979 240 2030 jecti
262 1979 360 2022 sint;
392 1992 508 2030 quum
530 1979 630 2016 enirn
659 1979 773 2016 maris
799 1978 1001 2028 imperium
1029 1979 1111 2030 ejus
1139 1979 1309 2031 impulsu
1337 1981 1627 2032 concupissent,

155 2040 270 2078 etiam
289 2046 400 2077 terrae
421 2040 680 2091 principatum
703 2039 926 2085 amiserunt,
947 2053 1066 2091 quare
1085 2041 1151 2091 qui
1173 2041 1313 2080 dixerit
1329 2049 1422 2080 tunc
1437 2042 1493 2081 eis
1509 2043 1628 2081 exsti-

154 2102 247 2140 tisse
268 2102 454 2139 malorum
482 2101 707 2153 principium
730 2115 847 2152 quum
873 2102 986 2140 maris
1014 2115 1199 2154 accepere
1228 2104 1497 2156 principatum,
1519 2119 1629 2144 men-

155 2162 253 2200 dacii
278 2176 355 2200 non
383 2169 577 2213 arguetur.
635 2163 672 2200 Is
699 2163 816 2214 igitur
842 2164 959 2201 tantis
980 2164 1148 2202 motibus
1169 2165 1346 2203 excitatis
1365 2165 1404 2203 in
1426 2167 1558 2204 urbem
1579 2167 1627 2205 ab

153 2225 285 2263 exsilio
306 2226 430 2272 rediit,
450 2239 631 2277 magnam
653 2226 714 2264 ille
734 2225 890 2277 quidem
914 2226 1073 2278 gloriam
1094 2227 1274 2279 adeptus,
1293 2242 1370 2267 non
1391 2236 1522 2268 tamen
1543 2243 1630 2282 pro-

154 2289 266 2326 batus
286 2289 478 2326 omnibus.

209 2351 274 2387 25.
306 2350 396 2389 Non
427 2350 697 2388 multis‘annis
726 2358 818 2401 post
843 2351 981 2389 Conon
1013 2352 1150 2390 similia
1177 2352 1236 2391 his
1266 2354 1437 2404 perfecit.
1494 2354 1624 2399 Quum

154 2412 256 2449 enim
277 2412 404 2449 navali
426 2413 530 2450 bello
545 2412 648 2450 circa
669 2413 964 2464 Hellespontum
980 2427 1056 2451 non
1073 2414 1155 2466 ejus
1173 2415 1242 2453 sed
1259 2416 1495 2467 collegarum
1511 2417 1628 2468 culpa

156 2474 256 2512 male
277 2483 488 2525 pugnaturn
509 2482 625 2519 esset,
648 2474 770 2512 redire
792 2475 951 2513 domum
969 2476 1135 2523 erubuit,
1157 2477 1406 2528 Cyprumque
1426 2478 1623 2528 profectus

154 2535 204 2573 ad
220 2543 370 2586 tempus
389 2549 543 2573 suarum
561 2549 686 2574 rerum
703 2549 793 2574 cura
805 2544 1021 2588 occupatus
1038 2538 1110 2575 fuit
1128 2552 1136 2581 ;
1168 2539 1246 2583 ubi,
1263 2552 1381 2589 quum
1398 2539 1624 2589 Agesilaum

155 2597 306 2648 magnis
326 2598 445 2648 copiis
467 2598 503 2635 in
526 2598 657 2635 Asiam
678 2598 846 2649 trajectis
868 2612 980 2651 agros
1001 2600 1177 2651 populari
1200 2600 1397 2646 sensisset,
1419 2608 1528 2640 tanta
1551 2603 1625 2640 fuit

155 2659 270 2697 animi
291 2660 572 2710 magnitudine,
593 2668 635 2697 ut
656 2661 760 2697 omni
783 2661 858 2699 alia
878 2675 951 2712 ope
973 2662 1181 2700 destitutus
1206 2670 1370 2714 excepto
1395 2675 1557 2715 corpore
1586 2672 1625 2703 et

156 2721 309 2771 ingenio
337 2721 500 2772 sperarit
528 2735 569 2759 se
600 2721 918 2761 Lacedaemonios
951 2724 1054 2761 bello
1083 2732 1349 2774 superaturum
1379 2726 1443 2776 qui
1473 2726 1624 2765 caeteris

157 2781 305 2820 Graecis
334 2790 435 2821 terra
463 2784 635 2834 marique
666 2784 921 2835 imperabant,
946 2792 985 2823 et
1012 2785 1098 2823 haec
1132 2785 1259 2824 missis
1289 2786 1336 2825 ad
1373 2788 1474 2838 regis
1504 2788 1626 2827 duces

156 2843 275 2881 literis
304 2857 344 2882 se
373 2846 642 2884 confecturum
673 2846 942 2898 pollicebatur.
1001 2848 1051 2885 Et
1080 2848 1171 2898 quid
1202 2849 1375 2900 pluribus
1405 2863 1504 2902 opus
1536 2850 1624 2890 est?

157 2905 295 2944 Classe
314 2906 414 2944 circa
434 2907 616 2946 Rhodum
638 2916 786 2954 coacta,
808 2916 847 2947 et
867 2909 1177 2949 Lacedaemoniis
1197 2911 1324 2950 navali
1352 2912 1486 2964 praelio
1504 2913 1626 2951 victor

158 2967 301 3006 ademit
321 2967 536 3019 imperium,
557 2977 595 3008 et
614 2977 778 3009 caeteros
802 2971 962 3009 Graecos
982 2971 1018 3009 in
1040 2971 1254 3011 libertatem
1279 2975 1464 3017 asseruit;
1495 2987 1622 3025 neque

883 3044 895 3069 ι
