1870 3277
256 170 325 205 114
843 170 1128 209 lsOCRATls

301 271 365 306 38.
398 272 530 312 Quare
557 271 588 309 si
615 284 673 310 me
700 273 856 322 quidem
884 273 1016 311 audire
1046 273 1254 318 volueritis,
1278 286 1346 311 vos
1376 273 1479 324 ipsos
1508 272 1717 323 repudiatis

246 332 403 368 omnino
431 332 609 371 inanibus
636 333 806 371 consiliis
832 334 869 371 in
890 335 1092 372 consilium
1115 335 1358 379 adhibebitis,
1378 343 1416 373 et
1436 335 1623 385 rempubl.
1644 335 1719 371 sin-

244 392 370 442 gulari
391 393 520 432 studio
537 395 726 445 complexi
746 395 957 445 prudenter
977 397 1225 448 indagabitis,
1241 397 1427 447 quidnam
1445 396 1539 434 illud
1554 397 1602 434 sit
1616 396 1718 447 quod

245 454 379 491 ambas
409 455 535 502 urbes,
556 463 727 493 nostram
755 456 911 506 inquam
936 464 974 495 et
998 457 1400 502 Lacedaemoniorum,
1424 471 1469 495 eo
1491 459 1720 507 provexerit,

243 521 284 553 ut
304 516 351 553 ab
371 516 519 567 exiguis
540 518 725 568 profectae
748 518 863 556 initiis
886 519 1037 557 Graecis
1061 520 1296 571 imperarint‚
1318 533 1362 558 ac
1385 520 1568 570 deinceps
1590 520 1626 557 in
1649 520 1719 556 im-

246 590 422 615 mensum
458 586 573 616 aucta
607 580 779 629 potentia
812 593 932 631 prope
962 581 1137 620 funditus
1165 583 1305 620 excisae
1338 582 1504 619 fuerint:
1535 593 1719 631 quasnam

245 639 334 677 item
357 640 406 676 ob
427 652 567 677 causas
588 640 779 687 Thessali,
799 643 978 680 maximis
995 645 1132 694 opibus
1152 644 1323 696 acceptis
1345 652 1383 682 et
1403 643 1549 695 optimo
1570 643 1724 693 amplis-

248 700 424 750 simoque
453 701 604 751 praediti
629 714 737 752 agro,
765 716 811 740 eo
841 703 985 742 redacti
1012 704 1089 742 sint
1116 711 1158 742 ut
1183 707 1359 743 nesciant
1382 718 1459 755 quo
1490 718 1532 742 se
1559 711 1722 750 vertant,

248 760 503 811 Megarenses
525 770 669 810 autem,
689 776 807 814 quum
829 777 920 815 opes
942 778 1075 803 eorum
1098 779 1167 816 per
1187 779 1227 804 se
1248 779 1376 817 parvae
1397 779 1441 804 ac
1466 772 1602 803 tenues
1630 765 1721 810 sint,

245 835 442 873 quumque
465 836 589 873 neque
610 838 745 876 agrum
765 826 935 864 habeant
955 840 1081 877 neque
1101 835 1234 878 portus
1257 841 1380 879 neque
1402 827 1722 878 argentifodinas,

243 883 313 922 sed
334 896 428 922 saxa
447 886 639 933 excolant,
661 887 918 937 amplissimas
941 888 1145 926 facultates
1162 889 1260 926 inter
1276 902 1410 927 omnes
1428 889 1588 925 Graecos
1609 901 1719 939 para-

243 945 340 989 rint;
372 958 417 983 ac
446 946 597 984 illorum
626 948 783 998 quidem
813 962 922 988 arces
950 963 1100 1001 semper
1125 951 1187 988 alii
1214 951 1372 1001 quidam
1400 958 1571 994 teneant,
1599 963 1718 1000 quum

244 1007 347 1045 ultra
372 1008 443 1045 tria
467 1008 586 1047 millia
607 1010 777 1060 equitum
798 1010 966 1049 habeant
985 1019 1023 1049 et
1045 1019 1238 1062 parmatos
1261 1013 1497 1056 innumeros,
1522 1012 1557 1048 hi
1580 1019 1720 1055 autem,

243 1080 361 1117 quum
392 1081 521 1119 parvae
551 1083 683 1108 eorum
714 1072 836 1122 copiae
867 1072 957 1117 sint,
985 1085 1094 1109 suam
1126 1074 1404 1123 rempublicam
1436 1086 1506 1110 suo
1537 1073 1720 1110 arbitratu

243 1128 537 1173 administrent3
570 1131 721 1177 adhaec,
741 1145 810 1169 cur
830 1133 883 1170 illi
903 1133 1004 1171 bella
1033 1134 1213 1171 intestina
1242 1141 1390 1183 gerant,
1411 1134 1460 1178 hi,
1483 1146 1602 1184 quum
1622 1133 1722 1170 intra

245 1190 564 1242 Peloponnenses
598 1200 637 1231 et
669 1193 879 1232 Thebanos
908 1202 948 1233 et
976 1202 1145 1233 nostram
1178 1196 1309 1233 urbem
1340 1196 1529 1240 habitent,
1558 1196 1594 1232 in
1627 1207 1722 1244 pace

245 1258 435 1303 perpetuo
468 1253 610 1292 vivant.
670 1255 773 1292 Nam
804 1256 834 1292 si
861 1256 946 1294 haec
977 1263 1016 1295 et
1042 1270 1129 1307 quae
1155 1256 1268 1308 hujus
1299 1257 1451 1307 generis
1478 1264 1571 1294 sunt
1595 1255 1721 1293 animo

243 1314 524 1363 percurreritis‚
553 1315 891 1366 intemperantiam
923 1324 964 1355 et
998 1317 1219 1368 superbiam
1258 1319 1458 1364 malorum,
1492 1317 1719 1355 modestiam

245 1375 435 1413 bonorum
467 1375 663 1415 exstitisse
689 1391 848 1417 causam
874 1379 1097 1431 reperietis:
1128 1392 1244 1430 quam
1265 1393 1334 1417 vos
1354 1380 1391 1417 in
1417 1380 1573 1430 privatis
1603 1380 1718 1417 rebus

244 1436 426 1483 laudatis,
448 1444 486 1475 et
505 1438 589 1489 ejus
610 1439 806 1479 studiosos
829 1441 997 1479 maxime
1028 1441 1067 1478 in
1099 1448 1184 1479 tuto
1211 1454 1297 1479 esse
1322 1448 1361 1479 et
1386 1440 1543 1490 reliquis
1571 1440 1720 1478 civibus

245 1505 432 1549 praestare
451 1499 623 1546 creditis,
640 1501 709 1539 sed
727 1515 749 1539 a
766 1502 963 1553 republica
980 1502 1253 1541 removendam
1275 1515 1362 1541 esse
1382 1502 1537 1540 ducitis.
1595 1501 1721 1539 Decet

245 1567 375 1598 autem
396 1561 554 1599 virtutes
581 1574 759 1600 exercere
780 1569 819 1601 et
840 1564 1007 1601 aversari
1027 1563 1119 1602 vitia
1137 1577 1216 1601 non
1238 1564 1408 1614 privatos
1428 1563 1603 1601 homines
1621 1563 1723 1600 dun*

244 1627 364 1669 taxat,
396 1622 466 1660 sed
495 1623 671 1661 civitates
701 1625 816 1661 etiam
848 1637 892 1663 ac
921 1625 1044 1663 multo
1077 1626 1234 1676 quidem
1272 1625 1410 1676 magis.
1469 1625 1569 1662 Nam
1603 1624 1721 1663 homo

245 1683 458 1721 sceleratus
489 1691 604 1735 atque
632 1684 773 1736 impius
803 1686 979 1725 fortassis
1009 1688 1146 1725 obierit
1176 1688 1401 1739 priusquam
1435 1687 1502 1725 det
1531 1687 1719 1725 scelerum

244 1757 393 1795 poenas,
413 1746 526 1784 urbes
547 1760 648 1792 vero,
666 1760 752 1798 quae
770 1749 1061 1799 quodammodo
1081 1749 1316 1787 immortales
1338 1755 1441 1794 sunt,
1458 1762 1530 1787 nec
1551 1749 1718 1787 divinam

243 1819 316 1844 nec
330 1806 545 1846 *humanam
567 1809 941 1849 animadversionem
961 1811 1168 1862 effugiunt.

301 1869 367 1906 39.
399 1869 498 1908 Haec
529 1870 643 1921 igitur
674 1872 960 1911 consideranda
990 1881 1096 1919 sunt,
1126 1887 1198 1912 nec
1232 1874 1276 1912 iis
1310 1873 1606 1911 auscultandum
1639 1874 1722 1924 qui,

246 1928 338 1967 dum
358 1930 396 1967 in
419 1932 625 1982 praesentia
646 1940 756 1984 grata
776 1934 1003 1985 etjucunda
1018 1935 1165 1981 dicant,
1181 1935 1419 1987 posteritatis
1436 1935 1581 1972 nullam
1603 1935 1719 1972 ratio-

246 2004 333 2029 nem
369 1992 527 2039 habent,
562 1995 704 2045 quique
737 2007 776 2032 se
808 1997 953 2047 populo
986 1997 1142 2035 studere
1175 1997 1416 2048 profitentur,
1445 2009 1564 2046 quum
1597 2003 1717 2034 totam

245 2053 523 2103 rempublicam
562 2062 762 2093 evertant:
802 2069 890 2094 nam
920 2057 1011 2094 olim
1049 2058 1163 2096 etiam
1201 2058 1303 2096 istud
1339 2057 1537 2094 hominum
1578 2071 1716 2108 genus,

246 2122 456 2164 suggestus
487 2122 525 2153 et
554 2119 786 2154 concionum
816 2117 1078 2156 dominatione
1108 2132 1152 2157 ac
1182 2131 1301 2170 regno
1334 2126 1533 2169 suscepto,
1564 2119 1601 2156 in
1631 2131 1716 2156 eam

243 2172 480 2213 dementiam
501 2178 633 2215 urbem
654 2178 848 2228 perduxit,
869 2193 957 2229 quae
977 2180 1215 2219 calamitates
1235 2193 1299 2218 eas
1320 2180 1468 2231 peperit
1485 2193 1581 2230 quas
1601 2180 1718 2231 paulo

245 2242 336 2274 ante
356 2238 667 2276 commemoravi.
727 2239 902 2278 Maxime
923 2241 1053 2292 itaque
1074 2241 1209 2279 mirum
1227 2249 1300 2288 est,
1318 2255 1387 2279 vos
1409 2254 1580 2279 summos
1601 2234 1723 2292 magi-

245 2304 389 2336 stratus
419 2299 605 2338 mandare
633 2314 711 2338 non
742 2301 817 2340 illis
845 2304 911 2353 qui
935 2304 1070 2343 eodem
1097 2304 1226 2342 animo
1253 2311 1344 2341 sunt
1369 2316 1446 2354 quo
1474 2303 1498 2342 ii
1526 2303 1592 2354 qui
1616 2316 1716 2341 rem-

243 2360 440 2411 publicam
457 2362 757 2413 amplificarunt,
777 2364 844 2402 sed
861 2365 906 2402 iis
924 2365 987 2416 qui
1009 2378 1086 2403 non
1109 2366 1184 2403 alia
1205 2372 1244 2404 et
1261 2366 1396 2404 dicunt
1410 2373 1448 2405 et
1464 2372 1587 2417 agunt
1600 2378 1717 2415 quam

244 2423 310 2474 qui
342 2430 574 2470 everterunt,
602 2438 722 2475 quum
760 2427 974 2476 praesertim
1012 2427 1142 2465 sciatis
1176 2441 1253 2465 non
1290 2441 1336 2465 eo
1372 2427 1496 2465 solum
1533 2434 1718 2478 praestare

242 2483 428 2536 improbis
456 2487 577 2524 bonos
595 2487 698 2524 viros
724 2486 829 2537 quod
848 2487 886 2524 hi
907 2488 1098 2526 civitatem
1118 2489 1271 2527 beatam
1292 2489 1470 2534 reddunt,
1492 2489 1561 2526 sed
1582 2489 1716 2527 demo-

242 2545 404 2584 cratiam
433 2548 549 2585 etiam
577 2547 622 2586 iis
653 2550 958 2598 gubernantibus
988 2564 1057 2601 per
1087 2551 1227 2588 multos
1259 2564 1383 2589 annos
1416 2564 1540 2601 neque
1571 2558 1713 2589 motam

244 2620 370 2658 neque
389 2615 576 2648 mutatam
598 2623 699 2657 esse,
720 2612 791 2649 sub
811 2612 895 2649 istis
917 2625 1036 2663 parvo
1055 2614 1179 2663 spatio
1198 2613 1381 2664 temporis
1402 2613 1460 2650 bis
1480 2613 1561 2663 jam
1588 2613 1713 2650 disso-

243 2667 379 2716 lutam,
399 2676 439 2707 et
467 2684 564 2721 quos
589 2673 744 2724 tyranni
766 2680 804 2711 et
829 2673 1005 2724 Triginta
1028 2673 1083 2710 illi
1101 2674 1137 2711 in
1159 2674 1335 2712 exsilium
1356 2681 1528 2724 egerant,
1551 2687 1627 2712 non
1646 2688 1715 2725 per

245 2730 506 2781 sycophantas
532 2734 580 2771 ab
607 2734 742 2772 exsilio
769 2743 985 2782 revocatOS,
1006 2735 1074 2773 sed
1103 2748 1236 2774 eorum
1260 2749 1335 2787 ope
1363 2736 1561 2774 restitutos
1583 2738 1649 2788 qui
1674 2745 1712 2775 et

241 2789 326 2829 istis
346 2791 597 2831 infensissimi
617 2803 708 2833 sunt
728 2803 764 2834 et
784 2797 833 2835 ob
853 2796 1031 2835 virtutem
1051 2797 1301 2835 celeberrimi.

300 2854 369 2891 40.
401 2853 489 2892 Etsi
508 2862 635 2894 autem
655 2857 766 2896 nobis
785 2864 897 2897 tanta
916 2866 1166 2897 monumenta
1186 2860 1319 2897 relicta
1337 2866 1425 2897 sunt
1440 2860 1616 2911 clareque
1632 2873 1714 2911 per-

241 2913 402 2966 spicitur
422 2915 515 2967 quid
536 2930 583 2955 ex
604 2924 853 2970 utrorumque
879 2920 1160 2972 gubernatione
1188 2921 1406 2973 respublica
1431 2921 1491 2961 vel
1518 2921 1713 2960 commodi
