1870 3277
697 174 1106 213 PANEGYRICUS.
1585 174 1631 211 41

168 286 311 327 essent,
326 280 374 317 ab
395 279 439 317 iis
463 285 645 330 utrosque
663 284 836 316 nostrum
858 276 1035 315 maximae
1056 276 1213 315 insaniae
1230 290 1315 315 reos
1337 285 1466 315 actum
1484 277 1527 315 iri
1542 278 1639 316 arbi—

168 349 259 391 tror,
280 342 346 392 qui
377 341 426 379 ob
453 354 513 378 res
546 341 644 378 adeo
673 339 842 377 minutas
862 339 1079 390 periculose
1100 337 1339 383 dimicemus,
1357 353 1476 390 quum
1498 351 1634 378 secure

166 411 297 441 tenere
318 402 440 440 multa
458 415 677 454 possemus,
694 408 733 439 et
747 407 920 439 nostrum
939 413 1073 451 agrum
1094 400 1165 451 ipsi
1184 400 1428 451 populemur,
1444 401 1538 440 Asia
1557 413 1637 452 qua

149 464 239 501 <frui
259 463 392 501 liceret
413 463 602 514 neglecta.
662 462 761 512 Regi
780 468 883 499 certe
906 461 1112 500 Persarum
1141 462 1233 499 nihil
1262 462 1420 512 perinde
1451 476 1554 501 curae
1575 470 1637 502 est

165 533 282 576 atque
314 526 422 571 illud,
439 538 605 576 quonam
627 531 742 575 pacto
763 524 907 562 efficiat
927 531 969 561 ut
988 523 1183 562 intestinis
1203 524 1316 561 bellis
1336 524 1433 562 inter
1451 538 1521 563 nos
1542 538 1634 564 con-

165 587 300 625 flictari
321 600 519 637 nunquam
540 586 782 629 desinamus3
816 599 883 623 nos
901 598 991 624 vero
1011 592 1162 624 tantum
1184 587 1294 624 abest
1313 586 1466 625 utullas
1479 587 1561 638 ejus
1575 600 1635 625 res

165 649 440 686 conturbemus
461 654 529 685 aut
549 647 778 685 seditionem
800 647 837 684 in
857 660 977 698 regno
998 647 1100 685 illius
1121 648 1354 694 excitemus,
1369 654 1412 686 ut
1426 649 1541 686 etiam
1555 648 1635 686 for-

162 710 260 747 tuito
274 716 428 747 coortos
446 709 636 747 tumultus
653 709 854 760 consopire
874 708 1116 755 studeamus,
1131 709 1196 759 qui
1214 709 1454 747 exercituum
1472 709 1635 761 Cyprio·

164 783 248 807 rum
269 771 391 809 altero
411 784 498 808 eum
527 771 582 808 uti
611 769 774 808 alterum
805 770 983 808 obsidere
1003 770 1186 817 sinamus,
1213 784 1334 821 quum
1359 778 1524 822 uterque
1545 772 1595 810 sit
1613 784 1636 810 e

165 830 319 869 Graecia
338 832 538 870 collectus.
598 831 700 869 Nam
722 838 760 869 et
779 832 845 882 qui
866 832 1095 870 defecerunt
1114 832 1282 870 amicitia
1312 833 1516 870 nobiscum
1543 839 1637 871 sunt

161 893 360 944 conjuncti
383 903 420 931 et
440 893 529 931 fidei
551 893 935 931 Lacedaemoniorum
956 907 996 931 se
1024 895 1287 941 committunt,
1307 901 1345 932 et
1373 894 1537 932 Tiribazi
1564 895 1634 933 mi-

165 953 252 993 lites
273 962 312 992 et
331 955 640 1005 praestantissimi
661 955 803 1005 quique
822 955 993 1006 peditum
1014 969 1060 993 ex
1077 955 1135 993 his
1155 955 1249 993 locis
1271 955 1365 994 illuc
1382 962 1584 1002 venerunt,
1598 963 1637 994 et

164 1016 300 1054 classis
319 1017 485 1054 maxima
505 1029 593 1067 pars
609 1029 657 1054 ex
679 1016 790 1055 Ionia
810 1024 944 1055 secuta
959 1023 1030 1063 est,
1051 1016 1115 1067 qui
1135 1016 1291 1066 quidem
1313 1017 1530 1068 conjunctis
1546 1017 1635 1056 viri-

162 1078 235 1115 bus
257 1079 389 1116 Asiam
410 1085 562 1116 vastare
584 1079 700 1129 longe
720 1078 880 1116 mallent
911 1092 1026 1128 quam
1057 1079 1156 1116 inter
1185 1092 1268 1117 sese
1300 1080 1349 1116 ob
1381 1093 1441 1117 res
1473 1079 1636 1130 exiguas

162 1139 395 1190 belligerari.
455 1140 630 1183 Quorum
651 1152 719 1177 nos
741 1139 888 1176 nullam
920 1140 1108 1177 rationem
1138 1139 1343 1184 habemus,
1366 1140 1435 1178 sed
1466 1140 1558 1178 dum
1585 1141 1636 1178 de

165 1201 404 1252 Cycladibus
431 1201 568 1238 insulis
601 1202 783 1246 rixamur,
810 1201 908 1238 adeo
938 1209 1082 1238 temere
1112 1202 1276 1239 barbaro
1308 1208 1457 1239 tantam
1483 1202 1636 1240 urbium

163 1262 449 1299 multitudinem
467 1262 699 1299 tradidimus
719 1269 757 1299 et
772 1269 850 1299 tam
870 1263 1050 1311 ingentes
1073 1262 1279 1300 exercitus.
1321 1263 1457 1313 Itaque
1477 1263 1540 1300 ille
1562 1264 1637 1302 alia

163 1332 280 1371 tenet,
304 1325 387 1363 aliis
404 1325 591 1369 imminet,
615 1325 699 1363 aliis
721 1325 937 1371 insidiatur,
954 1324 1064 1362 nobis
1086 1325 1264 1363 omnibus
1278 1325 1366 1376 jure
1387 1327 1636 1378 contemptis.

162 1390 207 1427 Id
228 1390 328 1428 enim
360 1397 560 1427 assecutus
580 1396 640 1427 est
659 1389 762 1439 quod
787 1389 974 1440 majorum
1001 1389 1085 1440 ejus
1115 1403 1230 1428 nemo
1260 1402 1454 1440 unquam:
1486 1403 1576 1428 nam
1597 1398 1636 1429 et

161 1464 233 1489 nos
263 1458 300 1489 et
327 1450 613 1489 Lacedaemonii
634 1450 762 1487 Asiam
784 1450 887 1500 regis
916 1463 1000 1488 esse
1026 1451 1195 1489 confessi
1222 1464 1370 1496 sumus,
1392 1451 1457 1501 qui
1478 1452 1635 1502 quidem

160 1513 324 1552 Graecas
342 1515 455 1551 urbes
478 1514 531 1551 sic
551 1514 588 1551 in
609 1519 841 1564 potestatem
863 1514 1048 1563 suscepit,
1066 1520 1109 1550 ut
1129 1512 1223 1551 alias
1239 1513 1479 1559 demoliatur,
1496 1514 1533 1551 in
1550 1513 1635 1552 aliis

158 1588 265 1613 arces
283 1580 471 1612 exstruat.
530 1576 658 1625 Atque
679 1574 761 1613 haec
782 1575 913 1612 onmia
942 1575 1046 1612 facta
1074 1581 1166 1612 sunt
1193 1582 1328 1614 nostra
1356 1574 1536 1621 amentia,
1557 1588 1635 1613 non

159 1636 245 1687 ejus
265 1636 458 1687 potentia.

214 1699 278 1734 38.
303 1698 387 1735 Etsi
400 1703 528 1735 autem
547 1697 704 1747 quidam
720 1697 910 1747 regiarum
926 1710 1042 1748 opum
1060 1697 1365 1748 magnitudinem
1382 1698 1634 1745 admirantur,

158 1765 197 1796 et
209 1759 354 1796 bellum
368 1773 455 1797 cum
470 1772 516 1797 eo
529 1759 611 1796 fore
626 1758 896 1796 difficillimum
913 1759 1108 1806 dictitant,
1122 1767 1237 1811 atque
1252 1768 1457 1800 recensent
1469 1769 1635 1812 quantas

157 1821 256 1859 inter
284 1822 446 1860 Graecos
473 1822 708 1860 mutationes
736 1820 921 1861 effecerit.
979 1823 1064 1873 Ego
1092 1830 1221 1861 tamen
1248 1823 1344 1862 istos
1367 1837 1444 1862 non
1467 1833 1544 1862 tam
1566 1837 1636 1864 ex-

156 1883 290 1934 pedire
311 1896 428 1933 quam
449 1883 669 1921 accelerare
690 1883 976 1934 expeditionem
1000 1885 1188 1923 arbitror:
1219 1898 1307 1922 nam
1329 1885 1360 1923 si
1381 1886 1492 1924 nobis
1514 1887 1636 1924 omni-

155 1945 226 1983 bus
246 1945 577 1983 consentientibus
598 1945 678 1995 ipse
701 1945 821 1983 turbis
841 1945 1010 1996 agitatus
1027 1959 1105 1983 non
1123 1946 1235 1983 facile
1251 1948 1468 1997 oppugnari
1484 1947 1636 1998 poterit,

156 2006 252 2044 illud
272 2006 375 2044 haud
398 2007 515 2044 dubie
537 2014 689 2056 tempus
712 2007 826 2044 valde
849 2008 1100 2045 metuendum
1121 2008 1205 2053 erit,
1225 2022 1342 2059 quum
1364 2022 1423 2046 res
1450 2010 1635 2049 barbaro-

159 2080 241 2104 rum
263 2074 414 2118 pacatae
436 2068 730 2118 concordesque
752 2068 822 2118 ipsi
844 2068 999 2114 fuerint,
1022 2082 1092 2107 nos
1114 2083 1203 2108 vero
1224 2071 1278 2107 uti
1300 2084 1403 2109 nunc
1429 2071 1636 2111 hostilibus

156 2128 257 2166 inter
288 2142 358 2167 nos
389 2129 526 2166 animis
553 2129 753 2166 fuerimus.
813 2129 895 2167 Etsi
924 2137 1052 2167 autem
1074 2144 1197 2168 meam
1218 2131 1270 2168 illi
1291 2132 1523 2171 sententiam
1544 2147 1635 2173 con-

156 2190 310 2227 firmant
328 2204 336 2228 :
368 2196 496 2228 tamen
515 2204 562 2228 ne
580 2191 635 2228 sic
649 2190 804 2241 quidem
820 2197 925 2228 recte
942 2191 1044 2229 illius
1061 2194 1272 2243 potentiam
1289 2194 1496 2232 aestimant.
1534 2196 1635 2234 Nam

157 2251 188 2288 si
219 2252 534 2290 demonstrarent
565 2265 653 2290 eum
685 2252 851 2290 antehac
884 2252 1092 2303 aliquando
1122 2256 1259 2292 urbem
1290 2256 1402 2293 simul
1432 2263 1637 2308 utramque

156 2325 372 2363 superasse,
400 2325 475 2350 non
504 2313 642 2362 injuria
668 2326 772 2351 nunc
800 2313 913 2351 etiam
937 2321 1077 2352 terrere
1105 2327 1175 2353 nos
1203 2323 1459 2354 conarentur:
1491 2318 1522 2355 si
1544 2331 1636 2356 vero

157 2385 356 2424 nunquam
378 2374 417 2411 id
440 2374 588 2412 factum
610 2380 682 2419 est,
699 2374 782 2420 sed,
799 2375 891 2413 dum
910 2389 980 2413 nos
998 2382 1035 2413 et
1057 2376 1343 2415 Lacedaemonii
1361 2378 1635 2427 digladiamur,

160 2449 247 2474 cum
269 2435 462 2473 alterutris
484 2436 719 2487 conjunctus
743 2450 837 2487 opes
859 2450 991 2475 eorum
1019 2439 1258 2477 florentiores
1284 2439 1465 2484 reddidit,
1487 2440 1634 2478 nullum

156 2496 231 2534 hoc
251 2496 406 2546 signum
430 2503 491 2534 est
510 2498 697 2547 potentiae
720 2498 834 2537 illius.
893 2500 1005 2550 Saepe
1028 2501 1126 2538 enim
1148 2500 1371 2552 hujusmodi
1397 2504 1634 2553 temporibus

157 2559 308 2608 exiguae
327 2559 426 2596 vires
453 2559 616 2596 multum
643 2561 828 2599 momenti
849 2561 1066 2600 habuerunt
1084 2577 1091 2600 :
1125 2576 1212 2600 nam
1235 2570 1274 2601 et
1295 2564 1342 2601 de
1365 2563 1471 2602 Chiis
1489 2566 1634 2616 possim

157 2620 300 2671 dicere,
320 2634 409 2659 cum
430 2622 526 2659 utris
544 2622 597 2659 illi
620 2623 784 2660 feceriut
803 2636 867 2661 eos
889 2624 926 2661 iu
948 2625 1041 2662 mari
1058 2626 1177 2663 fuisse
1195 2626 1444 2675 potentiores.

213 2683 277 2719 39.
309 2683 454 2720 Verum
484 2697 561 2722 non
593 2697 639 2722 ex
666 2683 712 2722 eo
741 2685 967 2735 spectandae
995 2688 1097 2736 regis
1124 2699 1216 2737 opes
1245 2693 1348 2732 sunt,
1366 2689 1522 2738 quando
1543 2703 1634 2728 cum

158 2742 350 2782 alterutris
372 2757 414 2782 se
436 2745 651 2796 conjunxit,
668 2747 735 2784 sed
753 2747 842 2785 inde
859 2761 976 2797 quum
999 2748 1079 2798 ipse
1099 2761 1166 2799 per
1183 2762 1222 2787 se
1239 2749 1383 2787 bellum
1406 2753 1539 2801 gessit.
1573 2754 1634 2792 Ac

158 2805 321 2856 primum
341 2809 534 2860 AEgyptus
556 2823 672 2860 quum
695 2810 916 2857 defecisset,
937 2810 1030 2861 quid
1052 2818 1188 2849 contra
1204 2812 1289 2852 illos
1311 2812 1442 2852 effecit
1462 2815 1528 2865 qui
1547 2828 1633 2854 eam

158 2867 369 2906 tenebant?
427 2872 567 2909 Annon
589 2872 735 2909 bellum
756 2873 935 2910 maximoe
967 2871 1067 2910 iuter
1094 2873 1235 2912 Persas
1267 2876 1508 2915 auctoritatis
1527 2877 1632 2922 viris,

160 2929 395 2968 Abrocomae
413 2937 453 2969 et
470 2932 702 2972 Tithraustae
722 2939 759 2971 et
779 2933 1047 2979 Pharnabazo,
1068 2934 1293 2975 mandavit?
1350 2937 1402 2976 Hi
1422 2951 1512 2976 vero
1531 2938 1633 2977 bello

898 3008 921 3032 G
