1870 3277
765 165 836 201 DE
867 163 1021 201 PACE.
1546 161 1623 198 115

162 267 219 306 vel
241 267 457 305 detrimenti
479 267 636 318 ceperit,
657 267 711 305 sic
730 273 856 304 tamen
882 272 1077 303 oratorum
1104 262 1347 314 improbitate
1376 262 1627 309 delectamur,

163 335 217 374 ut,
234 342 354 379 quum
368 328 565 366 videamus
581 329 630 365 ob
646 327 749 366 bella
764 333 803 365 et
817 326 1004 364 tumultus
1027 325 1074 363 ab
1094 325 1176 362 istis
1195 325 1380 362 excitatos
1399 331 1627 362 caeterorum

160 389 297 428 civium
320 389 531 440 permultos
553 388 715 440 paternis
734 387 844 425 bonis
867 386 1067 437 spoliatOS,
1084 386 1176 423 istos
1197 398 1217 422 e
1238 385 1470 435 pauperibus
1490 385 1627 422 divites

159 463 243 487 esse
263 450 401 495 factos,
420 463 497 487 non
516 450 759 499 indignemur
781 461 853 486 nec
874 448 1122 486 successibus
1142 459 1272 484 eorum
1293 445 1542 488 invideamus.
1559 446 1628 484 sed

161 511 331 548 convitia
350 511 471 561 aequis
492 510 628 547 animis
651 510 815 547 feramus
835 522 922 559 quae
943 516 1086 546 nostrae
1108 508 1190 545 urbi
1210 508 1402 552 dicuntur,
1418 507 1521 557 quod
1537 508 1630 545 affii-

161 578 228 621 gat
253 578 292 608 et
317 579 429 609 vexet
453 571 720 609 exactionibus
741 570 914 616 Graecos,
937 583 1098 621 quarum
1126 569 1178 606 illi
1211 570 1358 607 fructus
1385 569 1627 619 percipiunt;

162 645 208 670 ac
242 633 409 683 populus
442 633 612 683 quidem,
642 645 759 683 quem
791 632 853 669 isti
889 631 970 669 aliis
1003 633 1190 682 imperare
1224 637 1401 681 oportere
1433 629 1628 674 dictitant,

160 693 345 730 infelicior
373 701 432 731 est
459 694 502 731 iis
533 694 597 744 qui
623 694 660 730 in
690 693 911 743 oligarcliiis
943 693 1125 738 serviunt,
1146 692 1212 742 qui
1239 697 1366 729 autem
1395 691 1500 728 omni
1527 692 1630 729 bono

161 755 425 800 carueruntsii
446 768 514 806 per
535 755 740 792 amentiam
768 760 938 792 nostram
965 766 1014 791 ex
1040 753 1248 791 humilibus
1276 752 1366 790 facti
1394 759 1484 789 sunt
1515 752 1635 791 beati.

161 816 214 853 At
243 815 411 854 Pericles
440 816 506 867 qui
539 823 628 854 ante
663 816 759 854 istos
789 816 935 867 populo
965 815 1132 866 praefuit,
1160 827 1277 865 quum
1303 815 1436 852 urbem
1468 813 1631 852 admini-

161 877 358 915 strandam
386 878 635 928 suscepisset,
656 891 733 916 non
760 878 917 928 quidem
938 877 991 915 ita
1011 890 1142 915 sanam
1163 884 1200 914 et
1222 877 1458 914 moderatam
1481 884 1521 913 ut
1543 883 1632 915 ante

161 939 344 990 adeptum
379 939 650 990 principatum,
682 939 750 977 sed
781 939 1025 977 mediocriter
1052 945 1181 976 tamen
1207 938 1334 976 adhuc
1366 937 1631 985 constitutam,

162 1012 238 1037 non
259 1000 338 1037 suis
358 1000 495 1050 opibus
517 1000 707 1050 augendis
730 1001 900 1039 intentus
920 1001 1004 1046 fuit,
1021 1000 1087 1038 sed
1111 1001 1292 1037 minorem
1307 1013 1464 1037 censum
1480 1000 1633 1051 reliquit

160 1073 274 1111 quam
298 1073 320 1098 a
339 1069 447 1111 patre
474 1068 695 1112 acceperat,
714 1062 752 1099 in
779 1075 903 1100 arcem
930 1075 1019 1100 vero
1046 1061 1191 1099 talenta
1218 1061 1337 1099 octies
1365 1061 1470 1098 mille
1490 1061 1632 1107 retulit,

161 1127 300 1172 praeter
314 1135 462 1159 sacram
478 1122 681 1173 pecuniam
696 1130 734 1161 et
747 1130 973 1161 ornamenta
989 1123 1234 1174 templorum.
1278 1123 1380 1160 Inter
1394 1123 1489 1161 istos
1503 1130 1632 1161 autem

162 1189 201 1220 et
225 1181 331 1219 illum
360 1189 507 1220 tantum
534 1182 707 1228 interest,
734 1191 790 1229 ut,
817 1197 934 1233 quum
963 1184 1092 1221 dicere
1126 1183 1294 1220 audeant
1325 1196 1365 1220 se
1391 1184 1440 1220 ob
1469 1184 1630 1234 reipubl.

162 1243 534 1282 administrationem
556 1257 634 1282 non
654 1257 790 1282 vacare
812 1258 927 1295 posse
949 1245 1133 1282 curandae
1154 1244 1208 1282 rei
1227 1244 1416 1290 familiari,
1437 1254 1566 1282 tamen
1587 1259 1633 1283 ea

162 1319 250 1357 quae
267 1307 515 1357 negliguntur
531 1305 683 1344 scilicet
698 1312 806 1344 tanta
826 1307 1061 1345 incrementa
1076 1305 1288 1357 sumpsisse
1302 1313 1470 1354 constet,
1485 1315 1633 1358 quanta

162 1367 251 1405 olim
269 1381 315 1405 ne
332 1381 352 1405 a
369 1368 441 1405 diis
457 1367 611 1419 quidem
630 1368 778 1418 precari
793 1369 875 1405 ausi
893 1368 1070 1413 fuissent,
1089 1368 1293 1418 plerosque
1313 1375 1440 1406 autem
1458 1376 1631 1407 nostrum

161 1430 216 1467 sic
235 1442 320 1467 esse
341 1430 449 1467 malis
466 1442 687 1480 oppreSSOS,
704 1436 747 1467 ut
762 1442 874 1467 nemo
890 1430 1028 1467 civium
1047 1430 1212 1467 suaviter
1229 1437 1266 1467 et
1282 1430 1489 1480 tranquillo
1506 1431 1632 1469 animo

162 1490 278 1535 vivat,
302 1490 369 1528 sed
389 1492 628 1542 querelarum
647 1498 685 1529 et
703 1491 1021 1530 lamentationum
1040 1491 1157 1542 plena
1173 1498 1254 1529 tota
1270 1491 1317 1529 sit
1331 1491 1480 1530 civitas.
1530 1493 1632 1530 Nam

161 1553 223 1591 alii
243 1567 371 1591 secum
392 1560 659 1605 paupertatem
680 1560 718 1591 et
738 1553 904 1604 inopiam
924 1552 1031 1604 queri
1052 1566 1160 1590 suam
1187 1560 1396 1604 coguntur,
1414 1553 1475 1591 alii
1502 1555 1632 1592 multi-

160 1615 275 1666 plicia
300 1615 425 1653 edicta
451 1623 490 1654 et
518 1629 678 1654 munera
704 1623 743 1654 et
768 1615 870 1653 mala
892 1628 939 1652 ex
961 1615 1151 1653 classibus
1170 1615 1332 1653 oriunda
1352 1622 1390 1653 et
1409 1629 1526 1667 opum
1546 1630 1631 1667 per-

162 1676 396 1715 mutationes
419 1677 645 1715 miserantur
664 1690 672 1715 :
703 1690 791 1728 quae
812 1683 940 1715 tantas
962 1676 1160 1714 molestias
1185 1677 1353 1728 pariunt,
1370 1685 1413 1716 ut
1437 1679 1632 1718 insuavius

159 1737 184 1775 ii
207 1738 334 1776 vivant
352 1738 417 1789 qui
436 1751 515 1776 rem
537 1738 680 1776 habent
695 1751 814 1789 quam
833 1739 899 1789 qui
919 1738 956 1775 in
977 1745 1205 1790 paupertate
1225 1745 1412 1790 perpetua
1433 1740 1596 1791 degunt.

216 1801 282 1836 41.
315 1799 457 1837 Mirum
479 1800 652 1850 profecto
681 1806 739 1838 est
757 1813 825 1838 vos
846 1813 924 1837 non
955 1800 1175 1850 perspicere
1196 1800 1369 1847 tandem,
1391 1801 1541 1839 nullum
1561 1803 1631 1841 ho-

166 1860 310 1898 minum
346 1875 467 1912 genus
500 1861 689 1899 inimicius
724 1868 762 1899 et
795 1861 1090 1899 malevolentius
1123 1874 1207 1900 esse
1239 1862 1476 1900 multitudini
1512 1877 1631 1914 quam

165 1923 358 1972 improbos
387 1929 560 1961 oratores
593 1930 633 1960 et
663 1923 836 1960 tribunos
869 1923 1016 1973 plebis:
1048 1936 1150 1968 nam,
1180 1929 1319 1974 praeter
1350 1924 1452 1962 mala
1477 1932 1631 1972 coetera,

163 1984 279 2021 etiam
301 1997 468 2021 annonae
490 1997 558 2021 vos
590 1984 766 2022 laborare
795 1987 956 2035 penuria
988 1984 1153 2021 maxime
1183 1992 1342 2034 optant;
1374 1986 1507 2024 vident
1532 1988 1632 2024 enim

164 2057 232 2083 eos
252 2045 314 2095 qui
337 2045 385 2082 de
404 2059 475 2083 suo
496 2045 642 2083 habent
661 2046 767 2083 unde
785 2046 918 2083 vivant
938 2044 1099 2096 reipubl.
1123 2046 1300 2084 addictos
1317 2060 1402 2085 esse
1423 2055 1461 2085 et
1481 2061 1568 2085 cum
1590 2049 1633 2086 iis

166 2107 294 2144 facere
310 2107 373 2156 qui
395 2107 605 2144 rectissime
636 2106 864 2152 consulunt,
886 2105 950 2156 qui
973 2113 1102 2144 autem
1124 2107 1173 2144 de
1199 2108 1355 2158 judiciis
1388 2116 1428 2146 et
1458 2108 1507 2146 de
1539 2122 1633 2147 con-

165 2168 340 2206 cionibus
357 2167 533 2205 victitant
553 2176 591 2206 et
615 2182 702 2218 quae
725 2167 812 2205 inde
833 2167 1100 2219 percipiuntur
1118 2168 1402 2215 emolumentis,
1422 2183 1488 2208 eos
1506 2171 1636 2222 inopia

164 2237 322 2268 coactos
350 2243 372 2267 a
398 2243 439 2267 se
460 2230 647 2280 pendere,
669 2236 708 2267 et
738 2242 920 2279 magnam
952 2228 1096 2267 habere
1131 2231 1293 2280 gratiam
1316 2231 1576 2269 delationibus
1597 2239 1635 2270 et

168 2291 479 2329 accusationibus
512 2297 551 2328 et
593 2291 748 2341 reliquis
781 2290 985 2328 calumniis
1018 2304 1181 2341 quarum
1221 2291 1283 2330 isti
1318 2300 1409 2332 sunt
1444 2301 1635 2332 auctores.

167 2354 298 2395 Quum
321 2352 433 2402 igitur
451 2365 615 2402 regnum
638 2352 709 2389 sibi
732 2351 892 2389 stabiliri
912 2350 1048 2389 civium
1077 2353 1206 2404 inopia
1226 2354 1394 2400 videant,
1413 2368 1480 2393 eos
1500 2368 1636 2393 omnes

170 2413 314 2452 vellent
344 2427 430 2451 esse
466 2426 582 2464 quam
605 2413 890 2464 egentissimos.
950 2413 1073 2464 Cujus
1106 2413 1158 2451 rei
1189 2415 1343 2465 signum
1377 2414 1471 2452 illud
1502 2415 1636 2453 certis·

172 2475 310 2513 simum
331 2482 414 2513 est:
447 2475 552 2525 quod
587 2488 664 2512 non
693 2481 769 2512 tam
792 2474 932 2525 inopiae
954 2475 1174 2513 tenuiorum
1203 2476 1365 2513 student
1397 2489 1635 2522 succurrere,

169 2549 284 2586 quam
304 2549 369 2574 eos
388 2536 451 2586 qui
475 2536 619 2586 aliquid
641 2536 783 2573 habere
804 2536 983 2574 videntur
1004 2535 1206 2587 egentibus
1223 2549 1439 2586 exaequare.

224 2600 289 2635 42.
320 2597 434 2641 Quod
461 2597 577 2647 igitur
598 2597 657 2635 his
680 2597 791 2635 malis
822 2598 1034 2636 remedium
1067 2597 1308 2635 invenietur?
1365 2598 1635 2648 Disseruijam

173 2659 327 2710 quidem
344 2659 392 2696 de
410 2658 468 2696 his
488 2659 567 2696 fere
598 2659 792 2704 omnibus,
814 2671 890 2695 non
913 2659 1060 2704 ordine,
1081 2659 1150 2696 sed
1175 2659 1230 2696 uti
1260 2659 1414 2709 singula
1434 2672 1475 2697 se
1501 2660 1636 2700 offerre

172 2720 424 2758 videbantur:
455 2734 542 2770 quae
559 2720 707 2758 facilius
724 2720 908 2757 memoria
922 2719 1162 2764 custodietis,
1182 2719 1211 2756 si
1232 2720 1398 2758 maxime
1418 2723 1639 2760 necessaria

173 2780 337 2818 collecta
358 2781 393 2818 in
415 2794 535 2818 unum
557 2780 686 2818 locum
708 2781 1010 2832 repetIverimus.

226 2843 291 2877 43.
321 2841 449 2880 Prima
467 2842 582 2892 igitur
606 2843 688 2880 lunc
713 2849 772 2880 est
796 2841 1052 2880 emendandae
1071 2848 1107 2880 ct
1129 2842 1324 2894 erigendae
1343 2845 1503 2895 reipubl.
1526 2845 1635 2889 ratio,

174 2902 203 2940 si
224 2902 272 2940 de
292 2902 454 2953 publicis
476 2904 640 2954 negotiis
661 2903 908 2942 deliberaturi
937 2915 1002 2941 cos
1031 2903 1067 2940 in
1095 2904 1298 2943 consilium
1330 2906 1633 2951 adhibuerimus,
