1870 3277
217 191 294 228 506
742 192 1161 229 ALCfflAMANTls

218 301 335 343 atque
366 293 469 344 apud
492 293 685 331 Priamum
709 294 757 332 ad
780 302 931 346 tempus
961 294 1238 332 instituendum
1268 295 1448 333 collocat.
1508 296 1603 334 Post
1623 301 1689 334 ac'-

216 357 323 400 cidit,
342 364 383 394 ut
397 357 619 395 Alexander
633 358 669 395 in
690 358 887 397 Graeciam
909 358 1096 409 proficisci
1111 357 1240 403 vellet,
1257 366 1335 395 tum
1355 357 1536 408 Delphici
1557 358 1688 408 templi

217 418 417 468 spectandi
437 431 570 465 eausa,
587 427 667 457 turn
688 420 779 469 quia
802 419 966 457 Helenae
990 419 1307 470 pulcritudinem,
1325 433 1369 456 ac
1386 419 1546 470 Telephi
1562 426 1688 456 ortum

216 486 256 516 et
275 479 556 527 venditionem,
585 481 817 519 inaudierat.
877 482 1007 522 Quare
1035 495 1123 519 cum
1152 479 1375 518 Alexander
1395 481 1468 518 hac
1500 481 1547 518 de
1568 492 1688 518 causa

216 540 384 579 solveret
403 542 442 580 in
463 542 670 588 Graeciam,
691 544 839 581 interea
861 543 960 580 Moli
988 543 1095 581 liberi
1119 543 1164 580 ad
1200 543 1425 581 Menelaum
1446 556 1464 580 e
1488 544 1605 580 Creta
1622 555 1689 579 ve-

215 602 340 649 niunt,
360 611 400 641 et
419 610 459 641 ut
478 605 650 655 ipsorum
668 604 815 642 dividat
831 605 1101 654 hereditatem,
1123 604 1188 654 qui
1212 612 1320 655 patre
1343 612 1495 641 mortuo
1516 603 1562 640 de
1580 603 1690 640 bonis

214 665 313 703 inter
334 679 375 704 se
405 673 688 714 concertarent,
712 668 760 705 ab
789 680 835 705 eo
865 674 1012 718 petunt.
1073 668 1176 711 Quid
1205 681 1298 718 ergo
1320 667 1384 705 fit?
1416 666 1689 717 Navigandum

212 725 275 764 ille
305 734 451 775 censet,
483 735 522 766 et
556 729 664 767 uxori
700 729 961 779 fratribusque
991 728 1186 780 hospitum
1209 743 1314 773 cura,
1336 729 1463 767 donec
1495 741 1541 765 ex
1573 728 1693 764 Creta

212 788 363 835 redeat,
391 789 496 836 data,
525 790 717 829 discedit:
760 799 799 828 at
822 790 1043 828 Alexander
1073 804 1190 828 uxore
1222 792 1401 841 decepta,
1423 790 1691 840 surreptisque

213 863 461 903 quaecunque
496 860 648 904 poterat
679 852 856 898 aufferre,
891 866 960 890 nec
995 851 1227 902 hospitalem
1260 853 1397 890 Jovem
1430 866 1500 889 nec
1529 852 1690 889 deornm

211 925 433 963 quenquam
457 914 657 958 reveritus,
680 914 846 963 aufugit,
866 927 954 951 cum
984 926 1029 950 ea
1058 927 1125 963 per
1149 913 1387 964 iniquitatem
1410 922 1449 951 et
1478 914 1690 951 barbariem

211 973 414 1024 gessisset,
435 987 524 1024 quae
542 988 741 1025 nunquam
760 982 851 1013 sunt
872 975 1013 1025 posteri
1035 974 1232 1012 credituri.
1279 975 1369 1012 Jam
1389 988 1476 1013 cum
1499 975 1535 1011 in
1559 975 1690 1011 Asiam

211 1033 277 1072 ille
297 1048 384 1073 cum
407 1036 542 1087 opibus
558 1043 597 1074 et
616 1036 774 1074 muliere
790 1036 944 1081 rediret,
962 1049 1053 1073 num
1075 1049 1190 1087 quem
1213 1036 1354 1074 alicubi
1372 1035 1693 1086 apprehendisti?

215 1109 306 1133 num
324 1109 420 1135 voce
442 1098 595 1148 signum
613 1098 792 1149 cuiquam
812 1098 983 1136 dedisti?
1013 1111 1104 1135 num
1127 1097 1312 1135 auxilium
1334 1097 1555 1147 collegisti?
1587 1096 1694 1134 Nihil

215 1167 327 1210 potes
347 1160 486 1199 horum
507 1161 649 1207 dicere,
675 1175 806 1199 verum
830 1174 852 1198 a
871 1162 1045 1199 barbaris
1061 1160 1222 1199 Graecos
1244 1160 1597 1199 contumeliisaffici
1614 1172 1697 1209 pas-

219 1231 284 1257 sus
302 1232 358 1257 es.
392 1220 608 1272 Postquam
630 1236 719 1261 vero
741 1230 891 1274 raptum
909 1223 1036 1261 Graeci
1057 1230 1324 1274 cognoverant
1345 1236 1389 1260 ac
1411 1222 1593 1259 rescierat
1610 1221 1696 1258 Me-

218 1281 365 1328 nelaus,
380 1282 512 1334 copias
527 1285 801 1323 conscribebat
823 1292 861 1323 et
880 1292 1052 1324 nostrum
1068 1285 1242 1336 singulos
1260 1285 1310 1323 ad
1326 1284 1498 1334 singulas
1517 1284 1694 1322 civitates

218 1341 382 1381 militurn
404 1357 524 1382 causa
544 1346 776 1386 dimittebat.
811 1348 929 1385 Hunc
948 1354 1078 1385 autem
1095 1348 1132 1385 in
1150 1347 1290 1384 Chium
1309 1347 1358 1385 ad
1377 1345 1638 1397 OEnopionem
1658 1352 1697 1383 et

217 1405 255 1443 in
281 1407 455 1458 Cyprum
487 1408 534 1446 ad
557 1408 739 1461 Cinyram
768 1411 939 1461 legabat.
999 1411 1089 1462 Ipse
1118 1423 1211 1449 vero
1233 1417 1314 1448 tum
1337 1410 1491 1460 Cinyrae
1522 1422 1570 1461 ne
1598 1408 1698 1446 mili-

217 1474 319 1507 taret
347 1470 551 1508 nobiscum
573 1473 780 1523 persuasit,
811 1479 893 1510 tum
922 1472 1033 1510 donis
1061 1473 1110 1509 ab
1137 1485 1183 1509 eo
1214 1471 1386 1521 acceptis
1410 1469 1700 1520 Agamemnoni

215 1530 417 1570 thoracem
430 1546 599 1578 aeneum,
622 1534 684 1584 qui
705 1534 850 1572 nullius
872 1541 956 1572 erat
976 1534 1100 1584 pretii,
1122 1534 1245 1578 dedit,
1262 1533 1333 1570 sibi
1350 1533 1518 1570 servavit
1538 1532 1697 1582 reliqua,

218 1592 400 1643 Cumque
425 1601 581 1632 centum
599 1608 717 1633 naves
738 1595 944 1633 missurum
968 1595 1150 1646 Cinyram
1173 1594 1384 1640 nunciavit,
1406 1607 1454 1631 ex
1479 1593 1524 1631 iis
1552 1593 1698 1631 nullam

213 1655 354 1694 videtis
388 1655 544 1695 adesse.
601 1658 733 1700 Quare
763 1658 823 1695 vel
852 1658 927 1696 hac
957 1657 1007 1696 de
1037 1669 1158 1695 causa
1187 1657 1321 1695 merito
1343 1656 1433 1693 mihi
1469 1656 1596 1706 capite
1620 1655 1698 1706 ple-

218 1716 384 1755 ctendus
400 1718 599 1757 videatur:
631 1719 747 1758 decet
765 1720 867 1757 enim
889 1719 1014 1771 puniri
1033 1731 1136 1764 eum,
1157 1731 1272 1770 quem
1288 1718 1513 1770 turpissima
1532 1729 1697 1768 quaeque

218 1779 258 1817 in
281 1781 428 1820 amicos
451 1790 716 1821 commentum
737 1789 906 1822 constet.

272 1844 313 1880 5.
345 1843 569 1888 Quinetiam
590 1858 649 1891 ea,
669 1859 757 1897 quae
779 1859 847 1897 per
865 1845 1042 1884 fraudem
1065 1857 1111 1883 ac
1140 1843 1273 1882 dolum
1295 1842 1516 1895 confingere
1532 1848 1696 1881 conatus

217 1910 290 1950 est,
311 1917 440 1956 operae
462 1907 627 1957 pretium
651 1907 703 1955 sit
722 1920 983 1959 cognoscere:
1015 1907 1068 1945 ait
1084 1907 1184 1944 enim
1208 1920 1247 1945 se
1269 1906 1453 1943 militares
1475 1904 1593 1949 acies,
1610 1905 1698 1943 lite-

217 1978 295 2013 raS,
316 1980 513 2016 numeros,
533 1982 746 2015 mensuraS‚
769 1970 958 2021 pondera,
977 1969 1165 2015 calculos,
1183 1968 1321 2013 cubos,
1339 1967 1542 2012 musicam,
1562 1979 1698 2005 mone-

216 2033 311 2074 tam,
330 2028 517 2081 facesque
537 2031 746 2082 reperisse;
779 2044 853 2070 nec
873 2045 979 2078 eum,
1001 2032 1094 2069 dum
1116 2044 1138 2069 e
1158 2029 1322 2080 vestigio
1356 2029 1545 2067 mendacii
1566 2042 1697 2067 coram

216 2089 327 2127 vobis
347 2091 486 2141 prolati
503 2093 760 2138 convincitur,
781 2094 918 2146 pudet.
977 2093 1130 2131 Etenim
1146 2093 1301 2136 Nestor,
1320 2091 1383 2142 qui
1409 2104 1479 2129 nos
1498 2104 1632 2129 omnes
1656 2092 1695 2129 in

220 2157 336 2190 aetate
358 2161 527 2204 superat,
550 2155 587 2192 in
611 2153 771 2194 Pirithoi
798 2156 944 2207 nuptiis
971 2156 1053 2207 ipse
1074 2168 1229 2207 quoque
1249 2154 1444 2206 phalange
1470 2161 1508 2191 et
1537 2155 1618 2192 acie
1639 2155 1696 2191 in-

220 2219 368 2252 structa
387 2228 475 2253 cum
494 2216 665 2267 Lapithis
687 2225 822 2256 contra
844 2218 1063 2256 Centauros
1082 2218 1346 2268 depugnavit:
1378 2229 1423 2254 ac
1442 2216 1695 2254 Menestheus

221 2275 363 2314 dicitur
392 2277 538 2328 primus
572 2279 693 2316 aciem
724 2280 1007 2331 composuisse,
1030 2287 1257 2330 turmasque
1279 2286 1317 2316 et
1343 2277 1560 2329 phalanges
1591 2278 1696 2315 insti-

221 2336 357 2384 tuisse,
388 2338 546 2388 quando
577 2340 753 2391 Neptuni
786 2341 885 2379 filius
914 2341 1131 2392 Eumolpus
1163 2340 1421 2379 Athenienses
1451 2352 1541 2377 cum
1574 2339 1698 2376 Thra·
1724 2338 1727 2342 ’

220 2400 331 2438 cibus
378 2401 639 2449 adoriebatur,
688 2404 872 2454 quocirca
926 2417 1004 2442 non
1045 2404 1270 2443 Palamedis
1306 2404 1394 2451 hoc,
1431 2403 1498 2442 sed
1533 2403 1696 2441 aliorum

224 2467 286 2499 est
305 2461 524 2501 inventum.
584 2464 636 2502 At
662 2464 793 2503 literas
819 2464 963 2516 primas
987 2466 1168 2517 Orpheus
1190 2480 1237 2504 ex
1263 2466 1465 2504 Musarum
1487 2465 1590 2503 dono
1610 2477 1699 2516 pro-

225 2523 328 2570 tulit,
369 2525 702 2576 quemadmodum
741 2528 858 2566 etiam
897 2527 935 2566 in
972 2528 1075 2567 illius
1116 2530 1296 2581 sepulcro
1337 2529 1465 2582 posita
1509 2535 1701 2567 testantur

224 2597 411 2635 carmina,

486 2699 648 2730 Musarum
664 2699 714 2730 hic
732 2701 876 2731 famulum
893 2705 1061 2740 posuerunt
1075 2701 1199 2741 Orphea
1213 2702 1360 2737 Thraces,

530 2750 628 2790 Ignea
642 2762 732 2790 quem
748 2756 891 2791 poterant
909 2752 1041 2793 perdere
1054 2751 1115 2782 tela
1128 2751 1231 2788 Jovis,

490 2801 599 2842 OEagri
615 2812 716 2832 caram
733 2803 863 2843 prolem,
881 2803 1063 2843 Alcidaeque
1079 2803 1271 2843 magistrum,

534 2854 639 2885 Litera
655 2853 705 2884 cui
722 2856 874 2894 quondam
890 2855 985 2886 multa
1000 2859 1123 2895 reperta
1139 2855 1208 2885 suit.

233 2961 422 3002 Musicam
443 2977 534 3004 vero
564 2965 724 3005 Tennus
745 2966 944 3019 Calliopes
974 2966 1089 3013 filius,
1111 2977 1227 3016 quem
1249 2964 1393 3005 occidit
1414 2963 1622 3009 Hercules,
1643 2962 1701 3000 in-
