<?xml version="1.0" encoding="UTF-8"?>
<!DOCTYPE html PUBLIC "-//W3C//DTD XHTML 1.0 Transitional//EN"
    "http://www.w3.org/TR/xhtml1/DTD/xhtml1-transitional.dtd">
<html xmlns="http://www.w3.org/1999/xhtml" xml:lang="en" lang="en">
 <head>
  <title>
</title>
<meta http-equiv="Content-Type" content="text/html;charset=utf-8" />
  <meta name='ocr-system' content='tesseract 3.04.00' />
  <meta name='ocr-capabilities' content='ocr_page ocr_carea ocr_par ocr_line ocrx_word'/>
</head>
<body>
  <div class='ocr_page' id='page_1' title='image "./oratoresatticie14dobs_0056.png"; bbox 0 0 1870 3277; ppageno 0'>
   <div class='ocr_carea' id='block_1_1' title="bbox 214 170 1099 211">
    <p class='ocr_par' dir='ltr' id='par_1_1' title="bbox 214 170 1099 211">
     <span class='ocr_line' id='line_1_1' title="bbox 214 170 1099 211; baseline -0.003 0"><span class='ocrx_word' id='word_1_1' title='bbox 214 175 267 211; x_wconf 77' lang='lat'>44</span> <span class='ocrx_word' id='word_1_2' title='bbox 806 170 1099 210; x_wconf 79' lang='lat' dir='ltr'>ISOCRATIS</span> 
     </span>
    </p>
   </div>
   <div class='ocr_carea' id='block_1_2' title="bbox 217 270 1727 2989">
    <p class='ocr_par' dir='ltr' id='par_1_2' title="bbox 217 270 1699 1316">
     <span class='ocr_line' id='line_1_2' title="bbox 217 270 1692 324; baseline -0.002 -12"><span class='ocrx_word' id='word_1_3' title='bbox 217 273 391 313; x_wconf 80' lang='lat' dir='ltr'>terierit?</span> <span class='ocrx_word' id='word_1_4' title='bbox 446 272 591 312; x_wconf 81' lang='lat' dir='ltr'>Nonne</span> <span class='ocrx_word' id='word_1_5' title='bbox 613 273 828 319; x_wconf 85' lang='lat' dir='ltr'>Cononem,</span> <span class='ocrx_word' id='word_1_6' title='bbox 851 274 917 324; x_wconf 87' lang='lat' dir='ltr'>qui</span> <span class='ocrx_word' id='word_1_7' title='bbox 937 286 1057 324; x_wconf 90' lang='lat' dir='ltr'>quum</span> <span class='ocrx_word' id='word_1_8' title='bbox 1084 285 1153 324; x_wconf 89' lang='lat' dir='ltr'>pro</span> <span class='ocrx_word' id='word_1_9' title='bbox 1176 271 1270 310; x_wconf 87' lang='lat' dir='ltr'>Asia</span> <span class='ocrx_word' id='word_1_10' title='bbox 1290 271 1454 310; x_wconf 89' lang='lat' dir='ltr'>duceret</span> <span class='ocrx_word' id='word_1_11' title='bbox 1479 270 1692 310; x_wconf 85' lang='lat' dir='ltr'>exercitum</span> 
     </span>
     <span class='ocr_line' id='line_1_3' title="bbox 218 334 1694 387; baseline -0.003 -12"><span class='ocrx_word' id='word_1_12' title='bbox 218 335 526 375; x_wconf 69' lang='lat' dir='ltr'>Lacedaemoniis</span> <span class='ocrx_word' id='word_1_13' title='bbox 549 335 750 387; x_wconf 89' lang='lat' dir='ltr'>imperium</span> <span class='ocrx_word' id='word_1_14' title='bbox 770 336 979 386; x_wconf 86' lang='lat' dir='ltr'>eripuerat,</span> <span class='ocrx_word' id='word_1_15' title='bbox 1009 334 1330 386; x_wconf 89' lang='lat' dir='ltr'>comprehensum</span> <span class='ocrx_word' id='word_1_16' title='bbox 1360 334 1572 372; x_wconf 87' lang='lat' dir='ltr'>interficere</span> <span class='ocrx_word' id='word_1_17' title='bbox 1601 340 1694 371; x_wconf 82' lang='lat' dir='ltr'>sunt</span> 
     </span>
     <span class='ocr_line' id='line_1_4' title="bbox 217 395 1694 449; baseline -0.003 -13"><span class='ocrx_word' id='word_1_18' title='bbox 217 398 333 436; x_wconf 71' lang='lat' dir='ltr'>ausi?</span> <span class='ocrx_word' id='word_1_19' title='bbox 399 397 702 436; x_wconf 87' lang='lat' dir='ltr'>Themistoclem</span> <span class='ocrx_word' id='word_1_20' title='bbox 741 410 846 444; x_wconf 88' lang='lat' dir='ltr'>vcro,</span> <span class='ocrx_word' id='word_1_21' title='bbox 884 398 947 448; x_wconf 88' lang='lat' dir='ltr'>qui</span> <span class='ocrx_word' id='word_1_22' title='bbox 986 410 1055 449; x_wconf 88' lang='lat' dir='ltr'>pro</span> <span class='ocrx_word' id='word_1_23' title='bbox 1089 397 1253 435; x_wconf 80' lang='lat' dir='ltr'>Graeciae</span> <span class='ocrx_word' id='word_1_24' title='bbox 1292 395 1517 434; x_wconf 88' lang='lat' dir='ltr'>defensione</span> <span class='ocrx_word' id='word_1_25' title='bbox 1559 395 1694 447; x_wconf 80' lang='lat' dir='ltr'>praelio</span> 
     </span>
     <span class='ocr_line' id='line_1_5' title="bbox 219 457 1696 510; baseline -0.002 -12"><span class='ocrx_word' id='word_1_26' title='bbox 219 460 347 499; x_wconf 87' lang='lat' dir='ltr'>navali</span> <span class='ocrx_word' id='word_1_27' title='bbox 365 472 431 499; x_wconf 84' lang='lat' dir='ltr'>eos</span> <span class='ocrx_word' id='word_1_28' title='bbox 451 460 607 506; x_wconf 88' lang='lat' dir='ltr'>vicerat,</span> <span class='ocrx_word' id='word_1_29' title='bbox 623 459 846 510; x_wconf 78' lang='lat' dir='ltr'>ingentibus</span> <span class='ocrx_word' id='word_1_30' title='bbox 864 460 1030 510; x_wconf 80' lang='lat' dir='ltr'>praemiis</span> <span class='ocrx_word' id='word_1_31' title='bbox 1053 458 1294 497; x_wconf 76' lang='lat' dir='ltr'>affecerunt?</span> <span class='ocrx_word' id='word_1_32' title='bbox 1351 458 1447 502; x_wconf 85' lang='lat' dir='ltr'>Quis</span> <span class='ocrx_word' id='word_1_33' title='bbox 1470 458 1586 508; x_wconf 85' lang='lat' dir='ltr'>igitur</span> <span class='ocrx_word' id='word_1_34' title='bbox 1613 457 1696 495; x_wconf 91' lang='lat' dir='ltr'>illo-</span> 
     </span>
     <span class='ocr_line' id='line_1_6' title="bbox 219 519 1693 573; baseline -0.004 -12"><span class='ocrx_word' id='word_1_35' title='bbox 219 537 303 561; x_wconf 89' lang='lat' dir='ltr'>rum</span> <span class='ocrx_word' id='word_1_36' title='bbox 325 523 533 561; x_wconf 83' lang='lat' dir='ltr'>amicitiam</span> <span class='ocrx_word' id='word_1_37' title='bbox 567 522 825 573; x_wconf 83' lang='lat' dir='ltr'>expetendam</span> <span class='ocrx_word' id='word_1_38' title='bbox 859 522 990 567; x_wconf 87' lang='lat' dir='ltr'>ducat,</span> <span class='ocrx_word' id='word_1_39' title='bbox 1011 521 1076 572; x_wconf 89' lang='lat' dir='ltr'>qui</span> <span class='ocrx_word' id='word_1_40' title='bbox 1109 529 1146 558; x_wconf 88' lang='lat' dir='ltr'>et</span> <span class='ocrx_word' id='word_1_41' title='bbox 1180 523 1278 558; x_wconf 85' lang='lat' dir='ltr'>bene</span> <span class='ocrx_word' id='word_1_42' title='bbox 1306 521 1462 557; x_wconf 84' lang='lat' dir='ltr'>meritos</span> <span class='ocrx_word' id='word_1_43' title='bbox 1495 519 1693 569; x_wconf 87' lang='lat' dir='ltr'>suppliciis</span> 
     </span>
     <span class='ocr_line' id='line_1_7' title="bbox 218 583 1691 634; baseline -0.005 -10"><span class='ocrx_word' id='word_1_44' title='bbox 218 593 415 631; x_wconf 84' lang='lat' dir='ltr'>coercent,</span> <span class='ocrx_word' id='word_1_45' title='bbox 435 592 473 623; x_wconf 90' lang='lat' dir='ltr'>et</span> <span class='ocrx_word' id='word_1_46' title='bbox 492 585 666 622; x_wconf 84' lang='lat' dir='ltr'>hostibus</span> <span class='ocrx_word' id='word_1_47' title='bbox 687 592 765 621; x_wconf 84' lang='lat' dir='ltr'>tam</span> <span class='ocrx_word' id='word_1_48' title='bbox 787 584 988 634; x_wconf 88' lang='lat' dir='ltr'>insigniter</span> <span class='ocrx_word' id='word_1_49' title='bbox 1010 583 1244 621; x_wconf 73' lang='lat' dir='ltr'>adulantur?</span> <span class='ocrx_word' id='word_1_50' title='bbox 1287 583 1395 626; x_wconf 88' lang='lat' dir='ltr'>Quos</span> <span class='ocrx_word' id='word_1_51' title='bbox 1418 595 1506 618; x_wconf 85' lang='lat' dir='ltr'>vero</span> <span class='ocrx_word' id='word_1_52' title='bbox 1522 588 1691 618; x_wconf 87' lang='lat' dir='ltr'>nostrum</span> 
     </span>
     <span class='ocr_line' id='line_1_8' title="bbox 219 642 1695 697; baseline -0.005 -12"><span class='ocrx_word' id='word_1_53' title='bbox 219 660 297 685; x_wconf 90' lang='lat' dir='ltr'>non</span> <span class='ocrx_word' id='word_1_54' title='bbox 327 646 501 685; x_wconf 73' lang='lat' dir='ltr'>violant?</span> <span class='ocrx_word' id='word_1_55' title='bbox 557 647 646 688; x_wconf 83' lang='lat' dir='ltr'>Quo</span> <span class='ocrx_word' id='word_1_56' title='bbox 678 654 849 697; x_wconf 84' lang='lat' dir='ltr'>tempore</span> <span class='ocrx_word' id='word_1_57' title='bbox 883 645 1052 683; x_wconf 86' lang='lat' dir='ltr'>insidiari</span> <span class='ocrx_word' id='word_1_58' title='bbox 1088 646 1237 683; x_wconf 79' lang='lat' dir='ltr'>Graecis</span> <span class='ocrx_word' id='word_1_59' title='bbox 1273 643 1533 682; x_wconf 74' lang='lat' dir='ltr'>destiterunt?</span> <span class='ocrx_word' id='word_1_60' title='bbox 1591 642 1695 685; x_wconf 88' lang='lat' dir='ltr'>Quid</span> 
     </span>
     <span class='ocr_line' id='line_1_9' title="bbox 218 705 1696 758; baseline -0.005 -11"><span class='ocrx_word' id='word_1_61' title='bbox 218 722 344 747; x_wconf 89' lang='lat' dir='ltr'>rerum</span> <span class='ocrx_word' id='word_1_62' title='bbox 365 710 537 747; x_wconf 90' lang='lat' dir='ltr'>omnium</span> <span class='ocrx_word' id='word_1_63' title='bbox 559 708 762 755; x_wconf 88' lang='lat' dir='ltr'>habemus,</span> <span class='ocrx_word' id='word_1_64' title='bbox 780 709 817 745; x_wconf 85' lang='lat' dir='ltr'>in</span> <span class='ocrx_word' id='word_1_65' title='bbox 838 707 939 758; x_wconf 89' lang='lat' dir='ltr'>quod</span> <span class='ocrx_word' id='word_1_66' title='bbox 969 709 1030 745; x_wconf 91' lang='lat' dir='ltr'>isti</span> <span class='ocrx_word' id='word_1_67' title='bbox 1059 720 1134 745; x_wconf 91' lang='lat' dir='ltr'>non</span> <span class='ocrx_word' id='word_1_68' title='bbox 1154 707 1280 745; x_wconf 89' lang='lat' dir='ltr'>animo</span> <span class='ocrx_word' id='word_1_69' title='bbox 1311 708 1388 744; x_wconf 82' lang='lat' dir='ltr'>sint</span> <span class='ocrx_word' id='word_1_70' title='bbox 1406 706 1550 751; x_wconf 69' lang='lat' dir='ltr'>hostili,</span> <span class='ocrx_word' id='word_1_71' title='bbox 1573 705 1636 755; x_wconf 87' lang='lat' dir='ltr'>qui</span> <span class='ocrx_word' id='word_1_72' title='bbox 1656 711 1696 742; x_wconf 87' lang='lat' dir='ltr'>et</span> 
     </span>
     <span class='ocr_line' id='line_1_10' title="bbox 220 767 1696 820; baseline -0.003 -11"><span class='ocrx_word' id='word_1_73' title='bbox 220 771 431 809; x_wconf 89' lang='lat' dir='ltr'>simulacra</span> <span class='ocrx_word' id='word_1_74' title='bbox 457 771 619 808; x_wconf 86' lang='lat' dir='ltr'>deorum</span> <span class='ocrx_word' id='word_1_75' title='bbox 648 770 918 808; x_wconf 81' lang='lat' dir='ltr'>immortalium</span> <span class='ocrx_word' id='word_1_76' title='bbox 950 776 990 807; x_wconf 94' lang='lat' dir='ltr'>et</span> <span class='ocrx_word' id='word_1_77' title='bbox 1020 769 1166 820; x_wconf 87' lang='lat' dir='ltr'>templa</span> <span class='ocrx_word' id='word_1_78' title='bbox 1192 769 1354 820; x_wconf 87' lang='lat' dir='ltr'>spoliare</span> <span class='ocrx_word' id='word_1_79' title='bbox 1386 769 1507 818; x_wconf 77' lang='lat' dir='ltr'>priore</span> <span class='ocrx_word' id='word_1_80' title='bbox 1534 767 1637 805; x_wconf 85' lang='lat' dir='ltr'>bello</span> <span class='ocrx_word' id='word_1_81' title='bbox 1658 774 1696 804; x_wconf 92' lang='lat' dir='ltr'>et</span> 
     </span>
     <span class='ocr_line' id='line_1_11' title="bbox 219 829 1694 880; baseline -0.003 -10"><span class='ocrx_word' id='word_1_82' title='bbox 219 833 446 871; x_wconf 80' lang='lat' dir='ltr'>comburere</span> <span class='ocrx_word' id='word_1_83' title='bbox 462 844 537 869; x_wconf 91' lang='lat' dir='ltr'>non</span> <span class='ocrx_word' id='word_1_84' title='bbox 555 831 812 870; x_wconf 74' lang='lat' dir='ltr'>dubitarunt?</span> <span class='ocrx_word' id='word_1_85' title='bbox 871 832 1002 875; x_wconf 81' lang='lat' dir='ltr'>Quare</span> <span class='ocrx_word' id='word_1_86' title='bbox 1019 831 1204 868; x_wconf 85' lang='lat' dir='ltr'>laudandi</span> <span class='ocrx_word' id='word_1_87' title='bbox 1223 837 1311 868; x_wconf 89' lang='lat' dir='ltr'>sunt</span> <span class='ocrx_word' id='word_1_88' title='bbox 1328 831 1457 875; x_wconf 83' lang='lat' dir='ltr'>Iones,</span> <span class='ocrx_word' id='word_1_89' title='bbox 1478 829 1581 880; x_wconf 83' lang='lat' dir='ltr'>quod</span> <span class='ocrx_word' id='word_1_90' title='bbox 1601 829 1694 866; x_wconf 89' lang='lat' dir='ltr'>diris</span> 
     </span>
     <span class='ocr_line' id='line_1_12' title="bbox 219 893 1696 943; baseline -0.004 -10"><span class='ocrx_word' id='word_1_91' title='bbox 219 908 285 934; x_wconf 88' lang='lat' dir='ltr'>eos</span> <span class='ocrx_word' id='word_1_92' title='bbox 315 894 648 933; x_wconf 80' lang='lat' dir='ltr'>exsecrationibus</span> <span class='ocrx_word' id='word_1_93' title='bbox 677 894 930 938; x_wconf 88' lang='lat' dir='ltr'>devoverunt,</span> <span class='ocrx_word' id='word_1_94' title='bbox 959 894 1022 943; x_wconf 84' lang='lat' dir='ltr'>qui</span> <span class='ocrx_word' id='word_1_95' title='bbox 1049 893 1193 943; x_wconf 82' lang='lat' dir='ltr'>templa</span> <span class='ocrx_word' id='word_1_96' title='bbox 1220 899 1391 929; x_wconf 81' lang='lat' dir='ltr'>cremata</span> <span class='ocrx_word' id='word_1_97' title='bbox 1411 893 1610 929; x_wconf 80' lang='lat' dir='ltr'>turbarent</span> <span class='ocrx_word' id='word_1_98' title='bbox 1629 896 1696 927; x_wconf 86' lang='lat' dir='ltr'>aut</span> 
     </span>
     <span class='ocr_line' id='line_1_13' title="bbox 218 952 1697 1004; baseline -0.003 -11"><span class='ocrx_word' id='word_1_99' title='bbox 218 957 258 994; x_wconf 90' lang='lat' dir='ltr'>in</span> <span class='ocrx_word' id='word_1_100' title='bbox 290 955 428 993; x_wconf 80' lang='lat' dir='ltr'>iisdem</span> <span class='ocrx_word' id='word_1_101' title='bbox 460 955 726 993; x_wconf 85' lang='lat' dir='ltr'>fundamentis</span> <span class='ocrx_word' id='word_1_102' title='bbox 759 954 1063 1000; x_wconf 71' lang='lat' dir='ltr'>exaedificarent,</span> <span class='ocrx_word' id='word_1_103' title='bbox 1097 967 1175 991; x_wconf 89' lang='lat' dir='ltr'>non</span> <span class='ocrx_word' id='word_1_104' title='bbox 1207 954 1309 1004; x_wconf 90' lang='lat' dir='ltr'>quod</span> <span class='ocrx_word' id='word_1_105' title='bbox 1344 954 1496 991; x_wconf 83' lang='lat' dir='ltr'>deesset</span> <span class='ocrx_word' id='word_1_106' title='bbox 1526 952 1629 989; x_wconf 89' lang='lat' dir='ltr'>unde</span> <span class='ocrx_word' id='word_1_107' title='bbox 1651 965 1697 990; x_wconf 87' lang='lat' dir='ltr'>ea</span> 
     </span>
     <span class='ocr_line' id='line_1_14' title="bbox 219 1015 1697 1067; baseline -0.002 -11"><span class='ocrx_word' id='word_1_108' title='bbox 219 1017 435 1063; x_wconf 86' lang='lat' dir='ltr'>reficerent,</span> <span class='ocrx_word' id='word_1_109' title='bbox 452 1017 521 1054; x_wconf 92' lang='lat' dir='ltr'>sed</span> <span class='ocrx_word' id='word_1_110' title='bbox 544 1024 587 1054; x_wconf 88' lang='lat' dir='ltr'>ut</span> <span class='ocrx_word' id='word_1_111' title='bbox 606 1024 860 1054; x_wconf 90' lang='lat' dir='ltr'>monumenta</span> <span class='ocrx_word' id='word_1_112' title='bbox 880 1017 1043 1067; x_wconf 79' lang='lat' dir='ltr'>posteris</span> <span class='ocrx_word' id='word_1_113' title='bbox 1061 1023 1190 1053; x_wconf 89' lang='lat' dir='ltr'>essent</span> <span class='ocrx_word' id='word_1_114' title='bbox 1204 1017 1455 1053; x_wconf 85' lang='lat' dir='ltr'>barbarorum</span> <span class='ocrx_word' id='word_1_115' title='bbox 1476 1015 1697 1066; x_wconf 83' lang='lat' dir='ltr'>impietatis,</span> 
     </span>
     <span class='ocr_line' id='line_1_15' title="bbox 220 1077 1699 1129; baseline -0.004 -10"><span class='ocrx_word' id='word_1_116' title='bbox 220 1087 260 1119; x_wconf 90' lang='lat' dir='ltr'>et</span> <span class='ocrx_word' id='word_1_117' title='bbox 279 1093 394 1118; x_wconf 89' lang='lat' dir='ltr'>nemo</span> <span class='ocrx_word' id='word_1_118' title='bbox 414 1079 530 1117; x_wconf 90' lang='lat' dir='ltr'>fidem</span> <span class='ocrx_word' id='word_1_119' title='bbox 553 1079 598 1116; x_wconf 85' lang='lat' dir='ltr'>iis</span> <span class='ocrx_word' id='word_1_120' title='bbox 625 1079 787 1117; x_wconf 88' lang='lat' dir='ltr'>haberet</span> <span class='ocrx_word' id='word_1_121' title='bbox 805 1079 869 1129; x_wconf 89' lang='lat' dir='ltr'>qui</span> <span class='ocrx_word' id='word_1_122' title='bbox 890 1078 938 1115; x_wconf 90' lang='lat' dir='ltr'>ad</span> <span class='ocrx_word' id='word_1_123' title='bbox 966 1091 1054 1116; x_wconf 88' lang='lat' dir='ltr'>eum</span> <span class='ocrx_word' id='word_1_124' title='bbox 1086 1077 1243 1115; x_wconf 91' lang='lat' dir='ltr'>modum</span> <span class='ocrx_word' id='word_1_125' title='bbox 1264 1077 1303 1114; x_wconf 93' lang='lat' dir='ltr'>in</span> <span class='ocrx_word' id='word_1_126' title='bbox 1323 1090 1433 1115; x_wconf 87' lang='lat' dir='ltr'>sacra</span> <span class='ocrx_word' id='word_1_127' title='bbox 1451 1077 1610 1114; x_wconf 87' lang='lat' dir='ltr'>deorum</span> <span class='ocrx_word' id='word_1_128' title='bbox 1632 1077 1699 1114; x_wconf 79' lang='lat' dir='ltr'>im-</span> 
     </span>
     <span class='ocr_line' id='line_1_16' title="bbox 221 1140 1697 1191; baseline -0.001 -12"><span class='ocrx_word' id='word_1_129' title='bbox 221 1141 441 1179; x_wconf 87' lang='lat' dir='ltr'>mortalium</span> <span class='ocrx_word' id='word_1_130' title='bbox 465 1141 633 1191; x_wconf 86' lang='lat' dir='ltr'>grassari</span> <span class='ocrx_word' id='word_1_131' title='bbox 650 1154 726 1178; x_wconf 88' lang='lat' dir='ltr'>non</span> <span class='ocrx_word' id='word_1_132' title='bbox 748 1141 1006 1184; x_wconf 87' lang='lat' dir='ltr'>dubitassent,</span> <span class='ocrx_word' id='word_1_133' title='bbox 1030 1140 1099 1177; x_wconf 88' lang='lat' dir='ltr'>sed</span> <span class='ocrx_word' id='word_1_134' title='bbox 1119 1152 1184 1178; x_wconf 83' lang='lat' dir='ltr'>eos</span> <span class='ocrx_word' id='word_1_135' title='bbox 1206 1146 1244 1178; x_wconf 92' lang='lat' dir='ltr'>et</span> <span class='ocrx_word' id='word_1_136' title='bbox 1259 1146 1439 1177; x_wconf 86' lang='lat' dir='ltr'>caverent</span> <span class='ocrx_word' id='word_1_137' title='bbox 1459 1146 1497 1177; x_wconf 85' lang='lat' dir='ltr'>et</span> <span class='ocrx_word' id='word_1_138' title='bbox 1514 1140 1697 1178; x_wconf 87' lang='lat' dir='ltr'>formida·</span> 
     </span>
     <span class='ocr_line' id='line_1_17' title="bbox 219 1202 1696 1253; baseline -0.002 -11"><span class='ocrx_word' id='word_1_139' title='bbox 219 1210 308 1242; x_wconf 91' lang='lat' dir='ltr'>rent</span> <span class='ocrx_word' id='word_1_140' title='bbox 327 1203 587 1253; x_wconf 68' lang='lat' dir='ltr'>omneS‚&#39;quos</span> <span class='ocrx_word' id='word_1_141' title='bbox 604 1216 681 1241; x_wconf 92' lang='lat' dir='ltr'>non</span> <span class='ocrx_word' id='word_1_142' title='bbox 699 1210 849 1241; x_wconf 89' lang='lat' dir='ltr'>tantum</span> <span class='ocrx_word' id='word_1_143' title='bbox 866 1202 1092 1253; x_wconf 81' lang='lat' dir='ltr'>corporibus</span> <span class='ocrx_word' id='word_1_144' title='bbox 1112 1202 1254 1240; x_wconf 87' lang='lat' dir='ltr'>nostris</span> <span class='ocrx_word' id='word_1_145' title='bbox 1275 1207 1478 1240; x_wconf 89' lang='lat' dir='ltr'>cernerent</span> <span class='ocrx_word' id='word_1_146' title='bbox 1497 1202 1565 1240; x_wconf 85' lang='lat' dir='ltr'>sed</span> <span class='ocrx_word' id='word_1_147' title='bbox 1583 1202 1696 1240; x_wconf 85' lang='lat' dir='ltr'>etiam</span> 
     </span>
     <span class='ocr_line' id='line_1_18' title="bbox 219 1265 774 1316; baseline -0.002 -12"><span class='ocrx_word' id='word_1_148' title='bbox 219 1266 399 1316; x_wconf 86' lang='lat' dir='ltr'>religioni</span> <span class='ocrx_word' id='word_1_149' title='bbox 418 1265 563 1303; x_wconf 89' lang='lat' dir='ltr'>bellum</span> <span class='ocrx_word' id='word_1_150' title='bbox 583 1265 774 1303; x_wconf 90' lang='lat' dir='ltr'>intulisse.</span> 
     </span>
    </p>

    <p class='ocr_par' dir='ltr' id='par_1_3' title="bbox 218 1324 1727 2616">
     <span class='ocr_line' id='line_1_19' title="bbox 276 1324 1697 1365; baseline -0.001 -1"><span class='ocrx_word' id='word_1_151' title='bbox 276 1329 343 1365; x_wconf 78' lang='lat'>42.</span> <span class='ocrx_word' id='word_1_152' title='bbox 373 1327 542 1364; x_wconf 90' lang='lat' dir='ltr'>Possum</span> <span class='ocrx_word' id='word_1_153' title='bbox 562 1327 662 1364; x_wconf 89' lang='lat' dir='ltr'>etde</span> <span class='ocrx_word' id='word_1_154' title='bbox 682 1326 830 1364; x_wconf 86' lang='lat' dir='ltr'>civibus</span> <span class='ocrx_word' id='word_1_155' title='bbox 847 1327 988 1364; x_wconf 91' lang='lat' dir='ltr'>nostris</span> <span class='ocrx_word' id='word_1_156' title='bbox 1007 1325 1098 1363; x_wconf 86' lang='lat' dir='ltr'>talia</span> <span class='ocrx_word' id='word_1_157' title='bbox 1114 1324 1268 1363; x_wconf 87' lang='lat' dir='ltr'>referre.</span> <span class='ocrx_word' id='word_1_158' title='bbox 1328 1325 1427 1362; x_wconf 86' lang='lat' dir='ltr'>Nam</span> <span class='ocrx_word' id='word_1_159' title='bbox 1446 1338 1533 1363; x_wconf 88' lang='lat' dir='ltr'>cum</span> <span class='ocrx_word' id='word_1_160' title='bbox 1548 1326 1697 1363; x_wconf 79' lang='lat' dir='ltr'>caeteris</span> 
     </span>
     <span class='ocr_line' id='line_1_20' title="bbox 222 1388 1697 1441; baseline -0.002 -12"><span class='ocrx_word' id='word_1_161' title='bbox 222 1398 358 1429; x_wconf 87' lang='lat' dir='ltr'>contra</span> <span class='ocrx_word' id='word_1_162' title='bbox 377 1403 475 1441; x_wconf 88' lang='lat' dir='ltr'>quos</span> <span class='ocrx_word' id='word_1_163' title='bbox 502 1390 605 1428; x_wconf 87' lang='lat' dir='ltr'>bella</span> <span class='ocrx_word' id='word_1_164' title='bbox 628 1397 834 1441; x_wconf 87' lang='lat' dir='ltr'>gesserunt</span> <span class='ocrx_word' id='word_1_165' title='bbox 860 1389 1020 1427; x_wconf 85' lang='lat' dir='ltr'>simulac</span> <span class='ocrx_word' id='word_1_166' title='bbox 1042 1389 1077 1425; x_wconf 92' lang='lat' dir='ltr'>in</span> <span class='ocrx_word' id='word_1_167' title='bbox 1101 1389 1264 1439; x_wconf 83' lang='lat' dir='ltr'>gratiam</span> <span class='ocrx_word' id='word_1_168' title='bbox 1294 1388 1458 1425; x_wconf 87' lang='lat' dir='ltr'>reditum</span> <span class='ocrx_word' id='word_1_169' title='bbox 1481 1396 1551 1433; x_wconf 90' lang='lat' dir='ltr'>est,</span> <span class='ocrx_word' id='word_1_170' title='bbox 1572 1388 1697 1426; x_wconf 90' lang='lat' dir='ltr'>inimi-</span> 
     </span>
     <span class='ocr_line' id='line_1_21' title="bbox 220 1450 1698 1501; baseline -0.003 -11"><span class='ocrx_word' id='word_1_171' title='bbox 220 1453 395 1491; x_wconf 87' lang='lat' dir='ltr'>citiarum</span> <span class='ocrx_word' id='word_1_172' title='bbox 416 1459 588 1490; x_wconf 89' lang='lat' dir='ltr'>veterum</span> <span class='ocrx_word' id='word_1_173' title='bbox 612 1452 907 1496; x_wconf 90' lang='lat' dir='ltr'>obliviscuntur,</span> <span class='ocrx_word' id='word_1_174' title='bbox 929 1451 1084 1488; x_wconf 86' lang='lat' dir='ltr'>Asianis</span> <span class='ocrx_word' id='word_1_175' title='bbox 1111 1458 1239 1488; x_wconf 72' lang='lat' dir='ltr'>autem</span> <span class='ocrx_word' id='word_1_176' title='bbox 1264 1462 1313 1487; x_wconf 89' lang='lat' dir='ltr'>ne</span> <span class='ocrx_word' id='word_1_177' title='bbox 1333 1463 1401 1500; x_wconf 88' lang='lat' dir='ltr'>pro</span> <span class='ocrx_word' id='word_1_178' title='bbox 1421 1450 1592 1501; x_wconf 82' lang='lat' dir='ltr'>acceptis</span> <span class='ocrx_word' id='word_1_179' title='bbox 1614 1450 1698 1501; x_wconf 86' lang='lat' dir='ltr'>qui·</span> 
     </span>
     <span class='ocr_line' id='line_1_22' title="bbox 219 1511 1696 1565; baseline -0.001 -14"><span class='ocrx_word' id='word_1_180' title='bbox 219 1514 309 1552; x_wconf 89' lang='lat' dir='ltr'>dem</span> <span class='ocrx_word' id='word_1_181' title='bbox 329 1514 526 1552; x_wconf 88' lang='lat' dir='ltr'>beneficiis</span> <span class='ocrx_word' id='word_1_182' title='bbox 540 1514 702 1565; x_wconf 83' lang='lat' dir='ltr'>gratiam</span> <span class='ocrx_word' id='word_1_183' title='bbox 717 1514 880 1552; x_wconf 89' lang='lat' dir='ltr'>babent:</span> <span class='ocrx_word' id='word_1_184' title='bbox 914 1512 1011 1550; x_wconf 88' lang='lat' dir='ltr'>adeo</span> <span class='ocrx_word' id='word_1_185' title='bbox 1030 1511 1286 1549; x_wconf 87' lang='lat' dir='ltr'>immortalem</span> <span class='ocrx_word' id='word_1_186' title='bbox 1302 1511 1339 1548; x_wconf 89' lang='lat' dir='ltr'>in</span> <span class='ocrx_word' id='word_1_187' title='bbox 1354 1524 1418 1549; x_wconf 88' lang='lat' dir='ltr'>eos</span> <span class='ocrx_word' id='word_1_188' title='bbox 1435 1511 1528 1549; x_wconf 86' lang='lat' dir='ltr'>iram</span> <span class='ocrx_word' id='word_1_189' title='bbox 1545 1519 1696 1562; x_wconf 84' lang='lat' dir='ltr'>gerunt.</span> 
     </span>
     <span class='ocr_line' id='line_1_23' title="bbox 221 1573 1698 1627; baseline -0.001 -13"><span class='ocrx_word' id='word_1_190' title='bbox 221 1576 324 1614; x_wconf 88' lang='lat' dir='ltr'>Nam</span> <span class='ocrx_word' id='word_1_191' title='bbox 345 1582 384 1614; x_wconf 89' lang='lat' dir='ltr'>et</span> <span class='ocrx_word' id='word_1_192' title='bbox 403 1583 533 1627; x_wconf 84' lang='lat' dir='ltr'>patres</span> <span class='ocrx_word' id='word_1_193' title='bbox 555 1576 678 1614; x_wconf 86' lang='lat' dir='ltr'>nostri</span> <span class='ocrx_word' id='word_1_194' title='bbox 700 1574 840 1613; x_wconf 82' lang='lat' dir='ltr'>multos</span> <span class='ocrx_word' id='word_1_195' title='bbox 861 1575 996 1626; x_wconf 85' lang='lat' dir='ltr'>capitis</span> <span class='ocrx_word' id='word_1_196' title='bbox 1017 1574 1251 1612; x_wconf 88' lang='lat' dir='ltr'>damnarunt</span> <span class='ocrx_word' id='word_1_197' title='bbox 1270 1573 1376 1623; x_wconf 87' lang='lat' dir='ltr'>quod</span> <span class='ocrx_word' id='word_1_198' title='bbox 1396 1573 1525 1611; x_wconf 89' lang='lat' dir='ltr'>Medis</span> <span class='ocrx_word' id='word_1_199' title='bbox 1542 1575 1698 1612; x_wconf 87' lang='lat' dir='ltr'>studere</span> 
     </span>
     <span class='ocr_line' id='line_1_24' title="bbox 218 1635 1699 1686; baseline -0.002 -10"><span class='ocrx_word' id='word_1_200' title='bbox 218 1637 454 1684; x_wconf 89' lang='lat' dir='ltr'>viderentur,</span> <span class='ocrx_word' id='word_1_201' title='bbox 473 1644 511 1676; x_wconf 93' lang='lat' dir='ltr'>et</span> <span class='ocrx_word' id='word_1_202' title='bbox 530 1639 566 1676; x_wconf 90' lang='lat' dir='ltr'>in</span> <span class='ocrx_word' id='word_1_203' title='bbox 593 1637 767 1676; x_wconf 90' lang='lat' dir='ltr'>conciliis</span> <span class='ocrx_word' id='word_1_204' title='bbox 794 1637 910 1675; x_wconf 88' lang='lat' dir='ltr'>etiam</span> <span class='ocrx_word' id='word_1_205' title='bbox 931 1636 1062 1682; x_wconf 87' lang='lat' dir='ltr'>hodie,</span> <span class='ocrx_word' id='word_1_206' title='bbox 1084 1643 1291 1686; x_wconf 86' lang='lat' dir='ltr'>antequam</span> <span class='ocrx_word' id='word_1_207' title='bbox 1316 1635 1468 1686; x_wconf 90' lang='lat' dir='ltr'>publice</span> <span class='ocrx_word' id='word_1_208' title='bbox 1489 1635 1699 1686; x_wconf 84' lang='lat' dir='ltr'>quicquam</span> 
     </span>
     <span class='ocr_line' id='line_1_25' title="bbox 220 1699 1697 1752; baseline -0.002 -13"><span class='ocrx_word' id='word_1_209' title='bbox 220 1701 326 1740; x_wconf 87' lang='lat' dir='ltr'>aliud</span> <span class='ocrx_word' id='word_1_210' title='bbox 348 1702 594 1747; x_wconf 89' lang='lat' dir='ltr'>decernatur,</span> <span class='ocrx_word' id='word_1_211' title='bbox 615 1701 646 1740; x_wconf 91' lang='lat' dir='ltr'>si</span> <span class='ocrx_word' id='word_1_212' title='bbox 665 1701 752 1752; x_wconf 91' lang='lat' dir='ltr'>quis</span> <span class='ocrx_word' id='word_1_213' title='bbox 774 1700 913 1738; x_wconf 87' lang='lat' dir='ltr'>civium</span> <span class='ocrx_word' id='word_1_214' title='bbox 933 1699 1138 1738; x_wconf 85' lang='lat' dir='ltr'>Persarum</span> <span class='ocrx_word' id='word_1_215' title='bbox 1159 1711 1298 1750; x_wconf 82' lang='lat' dir='ltr'>pacem</span> <span class='ocrx_word' id='word_1_216' title='bbox 1317 1705 1385 1736; x_wconf 90' lang='lat' dir='ltr'>aut</span> <span class='ocrx_word' id='word_1_217' title='bbox 1405 1699 1611 1736; x_wconf 85' lang='lat' dir='ltr'>amicitiam</span> <span class='ocrx_word' id='word_1_218' title='bbox 1630 1713 1697 1737; x_wconf 85' lang='lat' dir='ltr'>ex-</span> 
     </span>
     <span class='ocr_line' id='line_1_26' title="bbox 219 1760 1698 1815; baseline -0.002 -13"><span class='ocrx_word' id='word_1_219' title='bbox 219 1770 342 1815; x_wconf 85' lang='lat' dir='ltr'>petat,</span> <span class='ocrx_word' id='word_1_220' title='bbox 377 1777 467 1802; x_wconf 89' lang='lat' dir='ltr'>eum</span> <span class='ocrx_word' id='word_1_221' title='bbox 497 1763 766 1802; x_wconf 80' lang='lat' dir='ltr'>devotionibus</span> <span class='ocrx_word' id='word_1_222' title='bbox 799 1763 1070 1812; x_wconf 86' lang='lat' dir='ltr'>obstringunt:</span> <span class='ocrx_word' id='word_1_223' title='bbox 1118 1760 1365 1810; x_wconf 82' lang='lat' dir='ltr'>Eumolpidae</span> <span class='ocrx_word' id='word_1_224' title='bbox 1394 1767 1524 1798; x_wconf 89' lang='lat' dir='ltr'>autem</span> <span class='ocrx_word' id='word_1_225' title='bbox 1554 1768 1592 1799; x_wconf 91' lang='lat' dir='ltr'>et</span> <span class='ocrx_word' id='word_1_226' title='bbox 1623 1762 1698 1799; x_wconf 90' lang='lat' dir='ltr'>Ce-</span> 
     </span>
     <span class='ocr_line' id='line_1_27' title="bbox 223 1822 1699 1877; baseline -0.002 -13"><span class='ocrx_word' id='word_1_227' title='bbox 223 1838 335 1877; x_wconf 82' lang='lat' dir='ltr'>ryces</span> <span class='ocrx_word' id='word_1_228' title='bbox 356 1826 395 1863; x_wconf 94' lang='lat' dir='ltr'>in</span> <span class='ocrx_word' id='word_1_229' title='bbox 418 1826 521 1863; x_wconf 85' lang='lat' dir='ltr'>festo</span> <span class='ocrx_word' id='word_1_230' title='bbox 540 1825 752 1871; x_wconf 87' lang='lat' dir='ltr'>initiorum,</span> <span class='ocrx_word' id='word_1_231' title='bbox 775 1824 924 1862; x_wconf 82' lang='lat' dir='ltr'>caeteris</span> <span class='ocrx_word' id='word_1_232' title='bbox 944 1837 1099 1874; x_wconf 86' lang='lat' dir='ltr'>quoque</span> <span class='ocrx_word' id='word_1_233' title='bbox 1128 1822 1302 1860; x_wconf 87' lang='lat' dir='ltr'>barbaris</span> <span class='ocrx_word' id='word_1_234' title='bbox 1329 1822 1467 1859; x_wconf 87' lang='lat' dir='ltr'>horum</span> <span class='ocrx_word' id='word_1_235' title='bbox 1488 1823 1590 1868; x_wconf 84' lang='lat' dir='ltr'>odio,</span> <span class='ocrx_word' id='word_1_236' title='bbox 1612 1830 1699 1861; x_wconf 87' lang='lat' dir='ltr'>tan-</span> 
     </span>
     <span class='ocr_line' id='line_1_28' title="bbox 220 1884 1697 1938; baseline -0.001 -14"><span class='ocrx_word' id='word_1_237' title='bbox 220 1899 339 1938; x_wconf 87' lang='lat' dir='ltr'>quam</span> <span class='ocrx_word' id='word_1_238' title='bbox 369 1886 586 1932; x_wconf 88' lang='lat' dir='ltr'>homicidis,</span> <span class='ocrx_word' id='word_1_239' title='bbox 608 1899 721 1924; x_wconf 85' lang='lat' dir='ltr'>sacra</span> <span class='ocrx_word' id='word_1_240' title='bbox 740 1886 991 1924; x_wconf 90' lang='lat' dir='ltr'>interdicunt.</span> <span class='ocrx_word' id='word_1_241' title='bbox 1050 1885 1201 1922; x_wconf 85' lang='lat' dir='ltr'>Natura</span> <span class='ocrx_word' id='word_1_242' title='bbox 1227 1897 1340 1934; x_wconf 89' lang='lat' dir='ltr'>porro</span> <span class='ocrx_word' id='word_1_243' title='bbox 1359 1884 1412 1921; x_wconf 85' lang='lat' dir='ltr'>sic</span> <span class='ocrx_word' id='word_1_244' title='bbox 1439 1898 1506 1922; x_wconf 89' lang='lat' dir='ltr'>eos</span> <span class='ocrx_word' id='word_1_245' title='bbox 1527 1885 1697 1932; x_wconf 88' lang='lat' dir='ltr'>odimus,</span> 
     </span>
     <span class='ocr_line' id='line_1_29' title="bbox 221 1945 1698 1999; baseline 0 -13"><span class='ocrx_word' id='word_1_246' title='bbox 221 1955 265 1987; x_wconf 90' lang='lat' dir='ltr'>ut</span> <span class='ocrx_word' id='word_1_247' title='bbox 282 1947 401 1986; x_wconf 91' lang='lat' dir='ltr'>nullis</span> <span class='ocrx_word' id='word_1_248' title='bbox 414 1948 554 1986; x_wconf 88' lang='lat' dir='ltr'>fabulis</span> <span class='ocrx_word' id='word_1_249' title='bbox 568 1947 728 1999; x_wconf 89' lang='lat' dir='ltr'>perinde</span> <span class='ocrx_word' id='word_1_250' title='bbox 746 1947 987 1998; x_wconf 81' lang='lat' dir='ltr'>gaudeamus</span> <span class='ocrx_word' id='word_1_251' title='bbox 1005 1960 1049 1984; x_wconf 85' lang='lat' dir='ltr'>ac</span> <span class='ocrx_word' id='word_1_252' title='bbox 1068 1946 1243 1998; x_wconf 78' lang='lat' dir='ltr'>Trojanis</span> <span class='ocrx_word' id='word_1_253' title='bbox 1264 1953 1303 1983; x_wconf 91' lang='lat' dir='ltr'>et</span> <span class='ocrx_word' id='word_1_254' title='bbox 1323 1945 1504 1992; x_wconf 91' lang='lat' dir='ltr'>Persicis,</span> <span class='ocrx_word' id='word_1_255' title='bbox 1520 1961 1540 1984; x_wconf 89' lang='lat' dir='ltr'>e</span> <span class='ocrx_word' id='word_1_256' title='bbox 1557 1948 1698 1997; x_wconf 88' lang='lat' dir='ltr'>quibus</span> 
     </span>
     <span class='ocr_line' id='line_1_30' title="bbox 221 2007 1699 2059; baseline 0 -11"><span class='ocrx_word' id='word_1_257' title='bbox 221 2009 358 2049; x_wconf 89' lang='lat' dir='ltr'>clades</span> <span class='ocrx_word' id='word_1_258' title='bbox 378 2022 512 2048; x_wconf 90' lang='lat' dir='ltr'>eorum</span> <span class='ocrx_word' id='word_1_259' title='bbox 531 2021 770 2059; x_wconf 81' lang='lat' dir='ltr'>cognoscere</span> <span class='ocrx_word' id='word_1_260' title='bbox 786 2008 915 2046; x_wconf 87' lang='lat' dir='ltr'>liceat.</span> <span class='ocrx_word' id='word_1_261' title='bbox 972 2007 1076 2045; x_wconf 90' lang='lat' dir='ltr'>Illud</span> <span class='ocrx_word' id='word_1_262' title='bbox 1098 2008 1211 2045; x_wconf 83' lang='lat' dir='ltr'>etiam</span> <span class='ocrx_word' id='word_1_263' title='bbox 1234 2007 1400 2057; x_wconf 87' lang='lat' dir='ltr'>reperias</span> <span class='ocrx_word' id='word_1_264' title='bbox 1420 2008 1467 2045; x_wconf 90' lang='lat' dir='ltr'>de</span> <span class='ocrx_word' id='word_1_265' title='bbox 1479 2009 1590 2047; x_wconf 82' lang='lat' dir='ltr'>bellis</span> <span class='ocrx_word' id='word_1_266' title='bbox 1611 2011 1699 2048; x_wconf 87' lang='lat' dir='ltr'>bar-</span> 
     </span>
     <span class='ocr_line' id='line_1_31' title="bbox 220 2069 1697 2122; baseline 0.001 -14"><span class='ocrx_word' id='word_1_267' title='bbox 220 2070 562 2122; x_wconf 66' lang='lat' dir='ltr'>baricis‘hymnos,</span> <span class='ocrx_word' id='word_1_268' title='bbox 583 2070 632 2107; x_wconf 90' lang='lat' dir='ltr'>de</span> <span class='ocrx_word' id='word_1_269' title='bbox 655 2069 805 2107; x_wconf 86' lang='lat' dir='ltr'>Graecis</span> <span class='ocrx_word' id='word_1_270' title='bbox 824 2069 973 2106; x_wconf 84' lang='lat' dir='ltr'>naenias</span> <span class='ocrx_word' id='word_1_271' title='bbox 1002 2069 1196 2107; x_wconf 88' lang='lat' dir='ltr'>exstitisse</span> <span class='ocrx_word' id='word_1_272' title='bbox 1224 2069 1347 2114; x_wconf 89' lang='lat' dir='ltr'>nobis,</span> <span class='ocrx_word' id='word_1_273' title='bbox 1367 2082 1412 2107; x_wconf 87' lang='lat' dir='ltr'>ac</span> <span class='ocrx_word' id='word_1_274' title='bbox 1433 2069 1520 2107; x_wconf 92' lang='lat' dir='ltr'>illos</span> <span class='ocrx_word' id='word_1_275' title='bbox 1540 2071 1697 2121; x_wconf 83' lang='lat' dir='ltr'>quidem</span> 
     </span>
     <span class='ocr_line' id='line_1_32' title="bbox 222 2130 1698 2182; baseline 0.001 -12"><span class='ocrx_word' id='word_1_276' title='bbox 222 2131 261 2170; x_wconf 93' lang='lat' dir='ltr'>in</span> <span class='ocrx_word' id='word_1_277' title='bbox 282 2132 392 2170; x_wconf 82' lang='lat' dir='ltr'>festis</span> <span class='ocrx_word' id='word_1_278' title='bbox 415 2132 515 2179; x_wconf 86' lang='lat' dir='ltr'>cani,</span> <span class='ocrx_word' id='word_1_279' title='bbox 531 2131 665 2170; x_wconf 88' lang='lat' dir='ltr'>harum</span> <span class='ocrx_word' id='word_1_280' title='bbox 687 2139 817 2169; x_wconf 90' lang='lat' dir='ltr'>autem</span> <span class='ocrx_word' id='word_1_281' title='bbox 833 2131 870 2168; x_wconf 92' lang='lat' dir='ltr'>in</span> <span class='ocrx_word' id='word_1_282' title='bbox 890 2130 1178 2168; x_wconf 85' lang='lat' dir='ltr'>calamitatibus</span> <span class='ocrx_word' id='word_1_283' title='bbox 1200 2143 1269 2167; x_wconf 91' lang='lat' dir='ltr'>nos</span> <span class='ocrx_word' id='word_1_284' title='bbox 1287 2131 1524 2168; x_wconf 88' lang='lat' dir='ltr'>meminisse.</span> <span class='ocrx_word' id='word_1_285' title='bbox 1569 2133 1698 2182; x_wconf 87' lang='lat' dir='ltr'>Atque</span> 
     </span>
     <span class='ocr_line' id='line_1_33' title="bbox 224 2192 1727 2244; baseline 0.001 -13"><span class='ocrx_word' id='word_1_286' title='bbox 224 2193 340 2231; x_wconf 88' lang='lat' dir='ltr'>etiam</span> <span class='ocrx_word' id='word_1_287' title='bbox 361 2193 522 2231; x_wconf 89' lang='lat' dir='ltr'>Homeri</span> <span class='ocrx_word' id='word_1_288' title='bbox 549 2193 683 2244; x_wconf 89' lang='lat' dir='ltr'>poesin</span> <span class='ocrx_word' id='word_1_289' title='bbox 702 2199 909 2244; x_wconf 85' lang='lat' dir='ltr'>propterea</span> <span class='ocrx_word' id='word_1_290' title='bbox 928 2192 967 2229; x_wconf 81' lang='lat' dir='ltr'>in</span> <span class='ocrx_word' id='word_1_291' title='bbox 988 2192 1131 2243; x_wconf 88' lang='lat' dir='ltr'>majore</span> <span class='ocrx_word' id='word_1_292' title='bbox 1152 2205 1237 2230; x_wconf 89' lang='lat' dir='ltr'>esse</span> <span class='ocrx_word' id='word_1_293' title='bbox 1257 2194 1379 2243; x_wconf 88' lang='lat' dir='ltr'>pretio</span> <span class='ocrx_word' id='word_1_294' title='bbox 1399 2192 1573 2239; x_wconf 80' lang='lat' dir='ltr'>arbitror,</span> <span class='ocrx_word' id='word_1_295' title='bbox 1594 2195 1698 2244; x_wconf 89' lang='lat' dir='ltr'>quod</span> <span class='ocrx_word' id='word_1_296' title='bbox 1724 2205 1727 2209; x_wconf 80' lang='grc'><strong>“</strong></span> 
     </span>
     <span class='ocr_line' id='line_1_34' title="bbox 222 2254 1696 2306; baseline 0.001 -13"><span class='ocrx_word' id='word_1_297' title='bbox 222 2268 290 2294; x_wconf 91' lang='lat' dir='ltr'>eos</span> <span class='ocrx_word' id='word_1_298' title='bbox 311 2255 378 2305; x_wconf 88' lang='lat' dir='ltr'>qui</span> <span class='ocrx_word' id='word_1_299' title='bbox 398 2255 584 2293; x_wconf 88' lang='lat' dir='ltr'>barbaros</span> <span class='ocrx_word' id='word_1_300' title='bbox 601 2261 880 2305; x_wconf 89' lang='lat' dir='ltr'>oppugnarunt</span> <span class='ocrx_word' id='word_1_301' title='bbox 893 2254 1088 2305; x_wconf 83' lang='lat' dir='ltr'>praeclaris</span> <span class='ocrx_word' id='word_1_302' title='bbox 1105 2254 1286 2291; x_wconf 89' lang='lat' dir='ltr'>laudibus</span> <span class='ocrx_word' id='word_1_303' title='bbox 1303 2254 1451 2300; x_wconf 86' lang='lat' dir='ltr'>extulit,</span> <span class='ocrx_word' id='word_1_304' title='bbox 1467 2262 1696 2306; x_wconf 88' lang='lat' dir='ltr'>nostrosque</span> 
     </span>
     <span class='ocr_line' id='line_1_35' title="bbox 223 2316 1697 2368; baseline 0.001 -14"><span class='ocrx_word' id='word_1_305' title='bbox 223 2317 391 2368; x_wconf 90' lang='lat' dir='ltr'>majores</span> <span class='ocrx_word' id='word_1_306' title='bbox 412 2323 531 2355; x_wconf 88' lang='lat' dir='ltr'>artem</span> <span class='ocrx_word' id='word_1_307' title='bbox 554 2316 636 2368; x_wconf 88' lang='lat' dir='ltr'>ejus</span> <span class='ocrx_word' id='word_1_308' title='bbox 655 2324 861 2367; x_wconf 87' lang='lat' dir='ltr'>propterea</span> <span class='ocrx_word' id='word_1_309' title='bbox 879 2316 1108 2354; x_wconf 85' lang='lat' dir='ltr'>honoratam</span> <span class='ocrx_word' id='word_1_310' title='bbox 1136 2329 1223 2354; x_wconf 90' lang='lat' dir='ltr'>esse</span> <span class='ocrx_word' id='word_1_311' title='bbox 1250 2316 1420 2354; x_wconf 89' lang='lat' dir='ltr'>voluisse</span> <span class='ocrx_word' id='word_1_312' title='bbox 1442 2323 1522 2354; x_wconf 88' lang='lat' dir='ltr'>tum</span> <span class='ocrx_word' id='word_1_313' title='bbox 1544 2317 1582 2354; x_wconf 90' lang='lat' dir='ltr'>in</span> <span class='ocrx_word' id='word_1_314' title='bbox 1613 2331 1697 2356; x_wconf 88' lang='lat' dir='ltr'>cer-</span> 
     </span>
     <span class='ocr_line' id='line_1_36' title="bbox 223 2378 1698 2429; baseline 0.002 -14"><span class='ocrx_word' id='word_1_315' title='bbox 223 2378 434 2416; x_wconf 70' lang='lat' dir='ltr'>taminibus</span> <span class='ocrx_word' id='word_1_316' title='bbox 458 2378 617 2416; x_wconf 89' lang='lat' dir='ltr'>musicis</span> <span class='ocrx_word' id='word_1_317' title='bbox 647 2384 730 2416; x_wconf 92' lang='lat' dir='ltr'>tum</span> <span class='ocrx_word' id='word_1_318' title='bbox 756 2379 794 2416; x_wconf 87' lang='lat' dir='ltr'>in.</span> <span class='ocrx_word' id='word_1_319' title='bbox 823 2378 1056 2416; x_wconf 90' lang='lat' dir='ltr'>educatione</span> <span class='ocrx_word' id='word_1_320' title='bbox 1077 2391 1298 2429; x_wconf 87' lang='lat' dir='ltr'>puerorum,</span> <span class='ocrx_word' id='word_1_321' title='bbox 1324 2385 1367 2415; x_wconf 91' lang='lat' dir='ltr'>ut</span> <span class='ocrx_word' id='word_1_322' title='bbox 1394 2392 1497 2429; x_wconf 81' lang='lat' dir='ltr'>saepc</span> <span class='ocrx_word' id='word_1_323' title='bbox 1524 2381 1698 2419; x_wconf 78' lang='lat' dir='ltr'>carmina</span> 
     </span>
     <span class='ocr_line' id='line_1_37' title="bbox 224 2440 1697 2491; baseline 0.001 -13"><span class='ocrx_word' id='word_1_324' title='bbox 224 2440 292 2478; x_wconf 89' lang='lat' dir='ltr'>illa</span> <span class='ocrx_word' id='word_1_325' title='bbox 306 2440 507 2479; x_wconf 87' lang='lat' dir='ltr'>audientes</span> <span class='ocrx_word' id='word_1_326' title='bbox 527 2440 746 2478; x_wconf 89' lang='lat' dir='ltr'>inimicitias</span> <span class='ocrx_word' id='word_1_327' title='bbox 767 2453 855 2491; x_wconf 81' lang='lat' dir='ltr'>quae</span> <span class='ocrx_word' id='word_1_328' title='bbox 874 2440 984 2478; x_wconf 91' lang='lat' dir='ltr'>nobis</span> <span class='ocrx_word' id='word_1_329' title='bbox 1005 2453 1092 2478; x_wconf 92' lang='lat' dir='ltr'>cum</span> <span class='ocrx_word' id='word_1_330' title='bbox 1111 2440 1284 2478; x_wconf 86' lang='lat' dir='ltr'>barbaris</span> <span class='ocrx_word' id='word_1_331' title='bbox 1313 2441 1598 2479; x_wconf 87' lang='lat' dir='ltr'>intercederent</span> <span class='ocrx_word' id='word_1_332' title='bbox 1615 2442 1697 2480; x_wconf 92' lang='lat' dir='ltr'>edi-</span> 
     </span>
     <span class='ocr_line' id='line_1_38' title="bbox 226 2502 1696 2554; baseline 0.001 -13"><span class='ocrx_word' id='word_1_333' title='bbox 226 2516 439 2550; x_wconf 89' lang='lat' dir='ltr'>sceremus,</span> <span class='ocrx_word' id='word_1_334' title='bbox 459 2510 497 2541; x_wconf 90' lang='lat' dir='ltr'>et</span> <span class='ocrx_word' id='word_1_335' title='bbox 526 2503 704 2541; x_wconf 89' lang='lat' dir='ltr'>virtutem</span> <span class='ocrx_word' id='word_1_336' title='bbox 732 2509 950 2541; x_wconf 89' lang='lat' dir='ltr'>nostrorum</span> <span class='ocrx_word' id='word_1_337' title='bbox 983 2503 1049 2554; x_wconf 92' lang='lat' dir='ltr'>qui</span> <span class='ocrx_word' id='word_1_338' title='bbox 1076 2502 1125 2540; x_wconf 86' lang='lat' dir='ltr'>ad</span> <span class='ocrx_word' id='word_1_339' title='bbox 1152 2502 1306 2553; x_wconf 89' lang='lat' dir='ltr'>Trojam</span> <span class='ocrx_word' id='word_1_340' title='bbox 1334 2503 1547 2541; x_wconf 87' lang='lat' dir='ltr'>militarunt</span> <span class='ocrx_word' id='word_1_341' title='bbox 1576 2503 1696 2543; x_wconf 87' lang='lat' dir='ltr'>admi-</span> 
     </span>
     <span class='ocr_line' id='line_1_39' title="bbox 225 2564 1318 2616; baseline -0.003 -13"><span class='ocrx_word' id='word_1_342' title='bbox 225 2571 367 2611; x_wconf 87' lang='lat' dir='ltr'>rantes,</span> <span class='ocrx_word' id='word_1_343' title='bbox 388 2565 602 2603; x_wconf 89' lang='lat' dir='ltr'>eorundem</span> <span class='ocrx_word' id='word_1_344' title='bbox 621 2564 837 2603; x_wconf 86' lang='lat' dir='ltr'>facinorum</span> <span class='ocrx_word' id='word_1_345' title='bbox 852 2564 1015 2616; x_wconf 87' lang='lat' dir='ltr'>gloriam</span> <span class='ocrx_word' id='word_1_346' title='bbox 1032 2564 1318 2602; x_wconf 88' lang='lat' dir='ltr'>adamaremus.</span> 
     </span>
    </p>

    <p class='ocr_par' dir='ltr' id='par_1_4' title="bbox 225 2625 1699 2989">
     <span class='ocr_line' id='line_1_40' title="bbox 280 2625 1699 2678; baseline 0.001 -14"><span class='ocrx_word' id='word_1_347' title='bbox 280 2628 347 2664; x_wconf 89' lang='lat'>43.</span> <span class='ocrx_word' id='word_1_348' title='bbox 374 2627 510 2677; x_wconf 89' lang='lat' dir='ltr'>Itaque</span> <span class='ocrx_word' id='word_1_349' title='bbox 522 2626 615 2665; x_wconf 91' lang='lat' dir='ltr'>mihi</span> <span class='ocrx_word' id='word_1_350' title='bbox 626 2627 781 2678; x_wconf 90' lang='lat' dir='ltr'>quidem</span> <span class='ocrx_word' id='word_1_351' title='bbox 795 2626 908 2665; x_wconf 89' lang='lat' dir='ltr'>nimis</span> <span class='ocrx_word' id='word_1_352' title='bbox 921 2640 1006 2664; x_wconf 88' lang='lat' dir='ltr'>esse</span> <span class='ocrx_word' id='word_1_353' title='bbox 1020 2626 1144 2664; x_wconf 85' lang='lat' dir='ltr'>multa</span> <span class='ocrx_word' id='word_1_354' title='bbox 1157 2625 1339 2663; x_wconf 85' lang='lat' dir='ltr'>videntur</span> <span class='ocrx_word' id='word_1_355' title='bbox 1352 2639 1439 2676; x_wconf 85' lang='lat' dir='ltr'>quae</span> <span class='ocrx_word' id='word_1_356' title='bbox 1456 2639 1526 2664; x_wconf 92' lang='lat' dir='ltr'>nos</span> <span class='ocrx_word' id='word_1_357' title='bbox 1539 2626 1699 2666; x_wconf 87' lang='lat' dir='ltr'>incitent</span> 
     </span>
     <span class='ocr_line' id='line_1_41' title="bbox 226 2688 1696 2741; baseline -0.002 -12"><span class='ocrx_word' id='word_1_358' title='bbox 226 2688 276 2729; x_wconf 86' lang='lat' dir='ltr'>ad</span> <span class='ocrx_word' id='word_1_359' title='bbox 290 2689 437 2727; x_wconf 88' lang='lat' dir='ltr'>bellum</span> <span class='ocrx_word' id='word_1_360' title='bbox 457 2691 510 2728; x_wconf 86' lang='lat' dir='ltr'>eis</span> <span class='ocrx_word' id='word_1_361' title='bbox 531 2690 787 2737; x_wconf 82' lang='lat' dir='ltr'>inferendum,</span> <span class='ocrx_word' id='word_1_362' title='bbox 806 2690 846 2727; x_wconf 90' lang='lat' dir='ltr'>in</span> <span class='ocrx_word' id='word_1_363' title='bbox 873 2689 1004 2741; x_wconf 89' lang='lat' dir='ltr'>primis</span> <span class='ocrx_word' id='word_1_364' title='bbox 1026 2696 1156 2727; x_wconf 86' lang='lat' dir='ltr'>autem</span> <span class='ocrx_word' id='word_1_365' title='bbox 1175 2688 1343 2733; x_wconf 86' lang='lat' dir='ltr'>occasio,</span> <span class='ocrx_word' id='word_1_366' title='bbox 1360 2701 1450 2738; x_wconf 85' lang='lat' dir='ltr'>quae</span> <span class='ocrx_word' id='word_1_367' title='bbox 1470 2689 1567 2738; x_wconf 89' lang='lat' dir='ltr'>[tam</span> <span class='ocrx_word' id='word_1_368' title='bbox 1596 2701 1696 2739; x_wconf 87' lang='lat' dir='ltr'>prae-</span> 
     </span>
     <span class='ocr_line' id='line_1_42' title="bbox 225 2750 1695 2802; baseline -0.001 -12"><span class='ocrx_word' id='word_1_369' title='bbox 225 2751 332 2790; x_wconf 86' lang='lat' dir='ltr'>clara</span> <span class='ocrx_word' id='word_1_370' title='bbox 357 2765 476 2802; x_wconf 91' lang='lat' dir='ltr'>quum</span> <span class='ocrx_word' id='word_1_371' title='bbox 505 2752 571 2801; x_wconf 90' lang='lat' dir='ltr'>sit]</span> <span class='ocrx_word' id='word_1_372' title='bbox 599 2765 678 2790; x_wconf 88' lang='lat' dir='ltr'>non</span> <span class='ocrx_word' id='word_1_373' title='bbox 705 2758 766 2791; x_wconf 89' lang='lat' dir='ltr'>est</span> <span class='ocrx_word' id='word_1_374' title='bbox 792 2751 1034 2790; x_wconf 85' lang='lat' dir='ltr'>amittenda:</span> <span class='ocrx_word' id='word_1_375' title='bbox 1065 2751 1208 2788; x_wconf 88' lang='lat' dir='ltr'>etenim</span> <span class='ocrx_word' id='word_1_376' title='bbox 1234 2756 1346 2800; x_wconf 90' lang='lat' dir='ltr'>turpe</span> <span class='ocrx_word' id='word_1_377' title='bbox 1373 2750 1499 2795; x_wconf 89' lang='lat' dir='ltr'>fuerit,</span> <span class='ocrx_word' id='word_1_378' title='bbox 1527 2762 1573 2787; x_wconf 88' lang='lat' dir='ltr'>ea</span> <span class='ocrx_word' id='word_1_379' title='bbox 1603 2750 1695 2788; x_wconf 91' lang='lat' dir='ltr'>dum</span> 
     </span>
     <span class='ocr_line' id='line_1_43' title="bbox 225 2811 1698 2865; baseline -0.001 -14"><span class='ocrx_word' id='word_1_380' title='bbox 225 2813 338 2851; x_wconf 85' lang='lat' dir='ltr'>adest</span> <span class='ocrx_word' id='word_1_381' title='bbox 366 2826 445 2851; x_wconf 89' lang='lat' dir='ltr'>non</span> <span class='ocrx_word' id='word_1_382' title='bbox 466 2813 534 2859; x_wconf 90' lang='lat' dir='ltr'>uti,</span> <span class='ocrx_word' id='word_1_383' title='bbox 556 2814 730 2865; x_wconf 85' lang='lat' dir='ltr'>elapsam</span> <span class='ocrx_word' id='word_1_384' title='bbox 751 2813 984 2852; x_wconf 90' lang='lat' dir='ltr'>desiderare.</span> <span class='ocrx_word' id='word_1_385' title='bbox 1043 2812 1146 2856; x_wconf 84' lang='lat' dir='ltr'>Quid</span> <span class='ocrx_word' id='word_1_386' title='bbox 1167 2811 1268 2849; x_wconf 90' lang='lat' dir='ltr'>enim</span> <span class='ocrx_word' id='word_1_387' title='bbox 1290 2811 1369 2862; x_wconf 85' lang='lat' dir='ltr'>regi</span> <span class='ocrx_word' id='word_1_388' title='bbox 1390 2811 1536 2848; x_wconf 87' lang='lat' dir='ltr'>bellum</span> <span class='ocrx_word' id='word_1_389' title='bbox 1556 2811 1698 2850; x_wconf 91' lang='lat' dir='ltr'>illaturi</span> 
     </span>
     <span class='ocr_line' id='line_1_44' title="bbox 225 2872 1696 2927; baseline -0.001 -14"><span class='ocrx_word' id='word_1_390' title='bbox 225 2875 446 2927; x_wconf 82' lang='lat' dir='ltr'>optabimus</span> <span class='ocrx_word' id='word_1_391' title='bbox 467 2874 647 2926; x_wconf 87' lang='lat' dir='ltr'>amplius,</span> <span class='ocrx_word' id='word_1_392' title='bbox 670 2889 785 2927; x_wconf 83' lang='lat' dir='ltr'>quarn</span> <span class='ocrx_word' id='word_1_393' title='bbox 806 2888 852 2914; x_wconf 86' lang='lat' dir='ltr'>ea</span> <span class='ocrx_word' id='word_1_394' title='bbox 871 2888 959 2926; x_wconf 89' lang='lat' dir='ltr'>quae</span> <span class='ocrx_word' id='word_1_395' title='bbox 981 2886 1084 2912; x_wconf 87' lang='lat' dir='ltr'>nunc</span> <span class='ocrx_word' id='word_1_396' title='bbox 1105 2872 1351 2924; x_wconf 76' lang='lat' dir='ltr'>suppetunt?</span> <span class='ocrx_word' id='word_1_397' title='bbox 1393 2872 1482 2910; x_wconf 89' lang='lat' dir='ltr'>Non</span> <span class='ocrx_word' id='word_1_398' title='bbox 1506 2873 1696 2924; x_wconf 82' lang='lat' dir='ltr'>AEgyptus</span> 
     </span>
     <span class='ocr_line' id='line_1_45' title="bbox 227 2934 1698 2989; baseline -0.003 -13"><span class='ocrx_word' id='word_1_399' title='bbox 227 2943 266 2976; x_wconf 86' lang='lat' dir='ltr'>et</span> <span class='ocrx_word' id='word_1_400' title='bbox 287 2937 441 2989; x_wconf 89' lang='lat' dir='ltr'>Cyprus</span> <span class='ocrx_word' id='word_1_401' title='bbox 460 2938 509 2976; x_wconf 86' lang='lat' dir='ltr'>ab</span> <span class='ocrx_word' id='word_1_402' title='bbox 529 2949 576 2975; x_wconf 89' lang='lat' dir='ltr'>eo</span> <span class='ocrx_word' id='word_1_403' title='bbox 598 2936 853 2976; x_wconf 74' lang='lat' dir='ltr'>defecerunt?</span> <span class='ocrx_word' id='word_1_404' title='bbox 903 2937 991 2975; x_wconf 91' lang='lat' dir='ltr'>Non</span> <span class='ocrx_word' id='word_1_405' title='bbox 1010 2935 1213 2974; x_wconf 86' lang='lat' dir='ltr'>Phoenicia</span> <span class='ocrx_word' id='word_1_406' title='bbox 1232 2942 1270 2974; x_wconf 88' lang='lat' dir='ltr'>et</span> <span class='ocrx_word' id='word_1_407' title='bbox 1291 2934 1402 2986; x_wconf 82' lang='lat' dir='ltr'>Syria</span> <span class='ocrx_word' id='word_1_408' title='bbox 1422 2934 1524 2973; x_wconf 90' lang='lat' dir='ltr'>bello</span> <span class='ocrx_word' id='word_1_409' title='bbox 1537 2941 1698 2973; x_wconf 76' lang='lat' dir='ltr'>vastatae</span> 
     </span>
    </p>
   </div>
  </div>
 </body>
</html>
