1870 3277
929 443 1058 496 Vll.

723 598 1247 649 TIMOTHEO.

319 789 352 824 l.
384 786 480 831 QuA
503 786 787 825 necessitudine
808 787 906 825 inter
924 800 994 826 nos
1009 788 1204 840 conjuncti
1224 789 1418 835 simus‚ex
1440 788 1566 826 multis
1586 797 1623 826 te
1644 801 1709 826 au-

260 848 401 887 divisse
433 847 609 892 arbitron
641 848 813 900 gratulor
841 856 971 888 autem
998 850 1067 888 tibi
1087 850 1248 901 primum
1281 849 1385 901 quod
1418 851 1492 888 ista
1521 857 1711 902 potestate

262 911 401 949 rectius
417 910 533 949 uteris
551 923 665 961 quam
684 916 792 961 pater
817 923 862 949 ac
887 910 1128 961 prudentius,
1149 911 1288 949 deinde
1308 911 1411 962 quod
1430 912 1634 950 honestam
1655 911 1710 949 fa-

261 985 361 1010 mam
381 972 539 1023 parandi
559 985 674 1022 quam
691 984 852 1023 magnas
875 971 1027 1009 divitias
1048 971 1302 1010 coacervandi
1319 985 1358 1010 es
1374 972 1588 1010 studiosior.
1621 973 1709 1010 Non

261 1034 362 1071 enim
381 1045 541 1084 parvum
561 1033 712 1083 signum
730 1032 878 1069 virtutis
909 1032 1095 1079 ostendis,
1113 1033 1181 1071 sed
1206 1046 1320 1084 quam
1349 1032 1425 1070 fieri
1447 1040 1574 1084 potest
1592 1034 1711 1071 maxi-

260 1106 378 1139 mum,
399 1094 464 1145 qui
481 1093 547 1131 tali
567 1093 692 1131 animo
713 1092 763 1131 sis
790 1092 995 1144 praeditus3
1028 1107 1146 1144 quare
1177 1094 1222 1140 si,
1243 1101 1286 1132 ut
1316 1094 1464 1145 coepisti
1494 1095 1712 1145 passimque

259 1156 308 1195 de
339 1163 375 1194 te
402 1169 506 1194 nunc
525 1155 769 1207 praedicatur,
791 1156 1015 1207 perrexeriS,
1031 1169 1109 1194 non
1125 1156 1292 1194 defuturi
1309 1163 1397 1193 sunt
1416 1155 1480 1207 qui
1500 1163 1538 1194 et
1559 1157 1710 1207 sapien-

259 1217 351 1255 tiam
374 1223 476 1254 tuam
498 1224 538 1255 et
556 1217 774 1255 institutum
804 1217 907 1255 istud
927 1217 1105 1256 laudibus
1127 1217 1331 1256 illustrent.
1388 1218 1561 1256 Arbitror
1582 1225 1709 1255 autem

258 1280 372 1318 etiam
391 1293 437 1318 ea
451 1293 538 1331 quae
557 1280 605 1318 de
626 1287 731 1331 patre
752 1287 816 1317 tuo
837 1280 1016 1318 dicuntur
1035 1280 1218 1318 momenti
1237 1280 1441 1332 plurimum
1464 1281 1512 1318 ad
1533 1280 1607 1319 hoc
1628 1295 1711 1319 csse

259 1342 433 1388 allatura,
455 1349 498 1379 ut
517 1355 652 1393 sapere
672 1341 833 1393 aliisque
854 1349 1037 1393 praestare
1054 1342 1230 1380 videaris.
1280 1342 1414 1380 Solent
1427 1342 1527 1379 enim
1543 1343 1709 1393 plerique

259 1416 335 1441 non
356 1403 408 1441 ita
426 1403 696 1442 commendare
717 1410 756 1441 et
773 1403 945 1441 venerari
964 1403 1129 1441 laudatis
1149 1404 1321 1454 patribus
1341 1409 1464 1449 natos,
1484 1412 1522 1441 ut
1555 1416 1620 1441 eos
1645 1404 1708 1454 qui

258 1472 409 1517 patrum
430 1465 614 1503 saevitiam
635 1471 675 1503 et
693 1464 966 1502 immanitatem
987 1464 1093 1502 nulla
1118 1477 1165 1502 ex
1193 1472 1302 1515 parte
1330 1464 1536 1502 imitantur.
1595 1465 1711 1506 Quic-

257 1528 350 1579 quid
371 1528 473 1565 enim
492 1526 583 1565 boni
599 1526 821 1565 mortalibus
843 1534 979 1578 praeter
997 1527 1330 1577 exspectationem
1351 1525 1522 1572 offertur,
1539 1526 1576 1563 id
1593 1526 1712 1563 omni-

257 1589 385 1627 busin
413 1590 527 1627 rebus
553 1588 667 1638 longe
693 1587 840 1638 gratius
870 1594 929 1624 est
957 1599 1071 1637 quam
1105 1599 1151 1624 ea
1185 1600 1271 1637 quae
1303 1585 1444 1624 usitata
1473 1595 1511 1624 et
1539 1586 1710 1637 legitima

256 1651 403 1689 ratione
424 1651 667 1701 contingunt.

308 1715 347 1751 2.
378 1712 450 1751 His
470 1712 585 1764 igitur
604 1711 854 1750 consideratis
873 1710 1121 1762 quaerendum
1140 1710 1206 1748 tibi
1222 1717 1261 1748 et
1277 1710 1441 1748 sollicite
1457 1710 1706 1761 cogitandum

254 1781 326 1821 est,
347 1775 484 1826 quibus
503 1773 627 1812 modis
648 1782 686 1812 et
716 1786 879 1825 quorum
904 1785 1019 1824 opera
1044 1785 1285 1824 quorumque
1314 1772 1481 1810 consiliis
1502 1781 1581 1809 tum
1603 1773 1707 1811 urbis

254 1836 492 1875 calamitates
512 1835 709 1882 emendes,
724 1843 806 1873 tum
825 1835 926 1873 cives
952 1834 1001 1873 ad
1021 1834 1317 1873 beneficentiam
1337 1841 1376 1872 et
1395 1834 1621 1872 modestiam
1643 1847 1707 1873 co-

254 1897 428 1943 horteris,
446 1904 560 1948 atque
579 1897 723 1936 efficias
745 1904 788 1934 ut
807 1903 845 1934 et
864 1896 1020 1934 suavius
1040 1903 1078 1934 et
1097 1896 1267 1934 securius
1282 1908 1406 1934 aevum
1420 1895 1579 1946 exigant
1594 1909 1708 1946 quam

255 1959 443 2011 superiori
461 1965 645 2010 tempore.
705 1958 805 1996 Nam
824 1957 909 1995 haec
929 1957 1057 1995 officia
1077 1964 1168 1994 sunt
1193 1957 1383 1995 bonorum
1405 1963 1442 1994 et
1463 1957 1708 1995 cordatorum

255 2022 481 2073 principum.
513 2021 664 2066 Quibus
684 2019 858 2058 nonnulli
884 2020 1115 2070 contemptis
1133 2019 1170 2056 in
1189 2019 1228 2056 id
1249 2032 1367 2056 unum
1388 2019 1524 2057 intenti
1543 2028 1646 2066 sunt,
1668 2026 1709 2057 ut

256 2096 343 2121 cum
371 2096 522 2122 summa
545 2083 702 2121 licentia
728 2088 843 2133 atque
869 2080 1027 2119 libidine
1048 2081 1164 2119 vitam
1190 2081 1347 2132 degant,
1367 2081 1512 2119 vexatis
1532 2087 1599 2118 aut
1618 2094 1708 2133 spo·

255 2145 356 2183 liatis
387 2144 542 2196 optimis
571 2152 609 2182 et
642 2143 839 2182 ditissimis
860 2150 900 2182 et
917 2142 1224 2194 prudentissimis
1253 2143 1418 2187 civibus;
1451 2143 1627 2193 ignorant
1656 2144 1708 2182 illi

258 2206 433 2244 nimirum
449 2205 587 2243 decere
602 2204 700 2243 viros
720 2205 926 2256 prudentes
938 2205 976 2242 in
988 2204 1061 2243 hoc
1072 2204 1260 2243 honorum
1281 2212 1318 2242 et
1338 2204 1534 2256 dignitatis
1554 2205 1707 2257 fastigio

255 2267 467 2306 collocatos
486 2280 566 2305 non
585 2279 631 2305 ex
650 2265 810 2304 aliorum
831 2266 989 2304 miseriis
1020 2279 1110 2304 suas
1139 2279 1274 2317 parare
1295 2266 1526 2317 voluptates,
1547 2267 1615 2304 sed
1637 2281 1727 2309 sua=

256 2329 514 2369 sollicitudine
533 2336 572 2367 et
590 2327 783 2367 laboribus
804 2328 944 2366 civium
964 2327 1187 2366 felicitatem
1209 2340 1363 2378 augere,
1384 2340 1508 2378 neque
1524 2328 1708 2366 acerbita-

256 2399 334 2430 tem
354 2398 393 2431 et
413 2391 595 2430 saevitiam
614 2390 652 2428 in
668 2402 801 2428 omnes
822 2402 1002 2428 exercere
1022 2403 1206 2441 suamque
1226 2389 1392 2428 salutem
1410 2389 1619 2440 negligere,
1638 2392 1706 2429 sed

255 2453 454 2504 imperium
475 2465 522 2490 ea
536 2450 742 2489 clementia
761 2456 801 2488 et
819 2450 1003 2500 aequitate
1023 2450 1287 2489 administrare
1302 2458 1344 2488 ut
1363 2462 1476 2488 nemo
1491 2451 1544 2488 eis
1567 2452 1706 2490 audeat

256 2514 438 2562 insidiari,
472 2521 511 2551 et
541 2526 618 2551 non
644 2512 788 2550 minore
820 2511 940 2549 vitam
968 2524 1077 2549 suam
1105 2512 1306 2561 diligentia
1336 2512 1498 2556 munire,
1527 2525 1642 2562 quam
1674 2514 1704 2551 si

256 2590 389 2614 omnes
409 2576 448 2613 in
467 2587 597 2614 eorum
617 2574 775 2612 exitium
795 2573 1096 2625 conspirassent.
1156 2573 1246 2611 Hac
1277 2574 1378 2611 enim
1408 2573 1553 2610 ratione
1579 2574 1643 2611 fiet
1664 2583 1706 2612 ut

255 2648 294 2678 et
313 2641 386 2692 ipsi
404 2646 511 2678 extra
529 2637 740 2690 periculum
759 2637 836 2675 sint
853 2643 893 2674 et
911 2636 1012 2687 apud
1030 2636 1192 2674 Graecos
1214 2636 1335 2687 gloria
1354 2636 1533 2674 floreant:
1566 2636 1704 2686 quibus

256 2705 397 2750 maj0ra
409 2703 513 2739 bona
525 2700 694 2738 invenire
709 2698 863 2736 difficile
879 2705 950 2736 est.
1008 2698 1112 2735 Inter
1132 2697 1377 2735 scribendum
1394 2704 1521 2734 autem
1539 2696 1576 2732 in
1597 2709 1704 2734 men-

255 2771 333 2800 tem
363 2762 453 2799 mihi
478 2762 582 2800 venit
615 2760 893 2799 secundissima
923 2759 989 2797 tibi
1023 2759 1149 2797 omnia
1182 2759 1383 2797 accidisse.
1439 2759 1569 2810 Opum
1604 2760 1703 2797 enim

254 2823 541 2868 abundantiam,
562 2835 658 2873 quas
677 2821 873 2874 tyrannice
896 2833 963 2871 per
983 2820 1142 2858 multam
1161 2819 1380 2857 violentiam
1401 2828 1441 2858 et
1457 2833 1598 2872 magna
1617 2821 1705 2860 odia

252 2885 375 2935 parari
401 2897 561 2922 necesse
588 2891 683 2931 erat,
702 2890 811 2935 pater
837 2882 904 2920 tibi
931 2882 1094 2933 reliquit,
1117 2882 1174 2920 bis
1194 2895 1282 2919 vero
1310 2883 1405 2920 bene
1431 2889 1470 2919 et
1490 2882 1703 2922 humaniter

254 2947 305 2986 uti
325 2947 363 2985 in
384 2953 450 2985 tua
471 2959 585 2983 manu
606 2953 677 2993 est,
697 2952 736 2984 et
755 2945 791 2982 in
812 2957 856 2983 eo
879 2950 914 2982 te
937 2957 1085 2982 summo
1105 2942 1231 2982 studio
1252 2942 1445 2982 elaborare
1467 2944 1590 2982 decet·
