1870 3277
271 148 350 186 206
864 152 1148 192 lSOCRATlS

270 251 443 301 pericula
471 264 539 303 pro
565 253 714 304 republ.
744 255 872 306 potius
894 256 1103 302 adhortari,
1134 256 1329 307 oequiusne
1360 256 1408 294 sit
1437 257 1486 294 ob
1514 256 1617 294 hanc
1646 254 1738 292 mihi

269 313 482 351 orationem
503 315 685 354 mulctam
719 317 893 368 irrogari,
921 330 969 355 an
1000 318 1127 369 potius
1159 319 1367 356 maximam
1397 331 1419 356 a
1444 318 1552 356 vobis
1575 318 1735 368 gratiam

270 374 413 421 referri,
433 375 498 426 qui
518 375 562 414 iis
582 377 764 416 laudibus
784 385 866 416 tum
886 380 1019 417 urbem
1041 386 1215 418 nostram
1239 386 1318 417 tum
1341 379 1504 430 majores
1535 386 1616 417 tum
1639 392 1738 430 prae-

269 435 376 474 clara
398 436 548 476 illorum
578 445 794 491 temporum
825 441 999 479 facinora
1032 442 1212 487 ornarim,
1240 448 1284 480 ut
1309 448 1348 479 et
1375 441 1399 478 ii
1425 441 1489 491 qui
1514 442 1618 492 prius
1636 441 1738 480 idem

267 507 537 549 argumentum
568 507 793 548 tractarant,
819 515 952 541 eorum
978 503 1125 554 pudore
1153 517 1241 554 quae
1271 503 1463 549 dixerant,
1484 515 1618 541 omnes
1647 515 1736 541 suas

267 561 461 600 orationes
483 563 732 610 aboleverint,
747 564 866 615 etqui
889 565 1004 603 etiam
1025 565 1139 604 hodie
1165 566 1263 604 inter
1280 566 1509 617 eloquentes
1530 564 1736 610 habentur,

267 621 373 660 hisce
394 623 442 661 de
459 625 571 662 rebus
586 624 702 663 diffisi
720 625 886 676 ingeniis
907 626 986 664 suis
1002 626 1094 664 nihil
1111 628 1192 677 jam
1209 627 1337 665 dicere
1357 626 1541 664 audeant.

322 686 390 722 23.
420 685 521 726 Quae
548 699 667 737 quum
695 687 748 725 ita
766 688 855 733 sint,
876 694 1005 726 tamen
1034 688 1223 727 exsistent
1242 689 1362 739 aliqui
1385 701 1431 726 ex
1461 688 1545 725 istis
1575 688 1641 738 qui
1667 687 1736 739 ipsi

265 746 423 797 quidem
441 750 663 799 excogitare
682 750 778 787 nihil
805 757 874 788 aut
892 751 1021 789 dicere
1052 759 1217 803 possunt
1242 752 1348 803 quod
1375 751 1506 790 audire
1532 751 1582 789 sit
1609 764 1736 803 operae

264 810 445 860 pretium,
469 810 536 849 sed
557 811 595 848 in
615 825 661 850 eo
682 811 811 850 studio
835 820 990 851 aetatem
1017 822 1340 865 consumpserunt
1371 821 1412 852 ut
1439 814 1600 852 aliorum
1631 815 1737 853 dicta

265 871 495 910 cavillentur
513 879 553 911 et
571 874 783 925 exagitent,
798 875 862 925 qui
883 874 1079 926 eleganter
1091 876 1250 926 quidem
1264 876 1349 914 haec
1364 889 1448 914 esse
1466 876 1570 914 dicta
1589 877 1734 915 fatean-

268 935 501 972 tur—bene
522 935 623 973 enim
644 935 844 974 invideant
862 936 989 975 dicere
1002 960 1067 983 —,
1086 937 1202 988 longe
1223 945 1351 976 tamen
1373 938 1544 976 utiliores
1565 951 1631 976 eas
1652 951 1737 976 ora—

264 995 392 1034 tiones
412 1009 499 1034 esse
519 996 709 1044 dictitent,
731 1010 818 1048 quae
839 1011 886 1036 ea
905 1012 994 1049 quae
1021 1011 1125 1036 nunc
1154 1012 1270 1049 prave
1298 1012 1345 1038 ac
1377 1007 1520 1038 temere
1554 1007 1737 1050 gerantur

266 1056 552 1108 reprehendant
569 1070 686 1108 quam
704 1070 793 1109 quac
814 1072 872 1098 res
892 1059 983 1098 olim
1010 1066 1140 1111 gestas
1159 1060 1332 1108 laudent,
1347 1067 1386 1099 et
1399 1074 1486 1112 quae
1501 1061 1595 1112 quid
1616 1075 1736 1114 agen-

266 1117 357 1156 dum
380 1118 429 1157 sit
448 1118 636 1158 suadeant
651 1133 768 1171 quam
788 1134 877 1171 quae
892 1127 1024 1160 vetera
1041 1121 1215 1161 facinora
1234 1131 1551 1162 commemorent.

319 1182 386 1220 24.
419 1180 471 1219 Ut
490 1180 607 1232 igitur
626 1195 757 1233 neque
775 1182 860 1222 haec
875 1184 1025 1235 possint
1044 1183 1187 1235 dicere,
1208 1185 1354 1223 omissa
1378 1184 1599 1224 defensione
1620 1199 1735 1237 supe-

264 1241 407 1281 riorum
441 1249 588 1281 tantam
623 1245 734 1284 vobis
766 1245 924 1284 alterius
957 1246 1140 1285 orationis
1172 1254 1322 1297 partem
1354 1247 1517 1286 recitare
1549 1249 1735 1295 conabor,

265 1311 409 1356 quanta
438 1306 555 1344 modo
585 1307 748 1346 recitata
779 1314 862 1346 est:
893 1321 942 1346 ex
970 1320 1047 1359 qua
1077 1321 1138 1347 me
1168 1308 1207 1346 in
1238 1308 1375 1346 harum
1406 1322 1531 1347 rerum
1564 1311 1733 1348 omnium

263 1380 396 1405 curam
426 1367 562 1407 sedulo
591 1369 813 1408 incubuisse
843 1369 1052 1408 constabit.
1108 1370 1249 1421 Agitur
1273 1377 1401 1408 autem
1434 1370 1541 1409 initio
1561 1371 1609 1409 de
1638 1386 1735 1423 pace

262 1429 446 1467 facienda
462 1443 550 1468 curn
566 1431 675 1468 Chiis
693 1438 733 1469 et
753 1431 914 1470 Rhodiis
934 1438 974 1469 et
986 1431 1202 1483 Byzantiis:
1225 1445 1344 1483 quum
1360 1433 1463 1470 enim
1476 1433 1734 1472 ostendissem

246 1503 282 1543 *e
298 1491 449 1541 republ.
471 1504 557 1530 esse
575 1499 618 1529 ut
631 1492 777 1530 bellum
799 1493 1073 1544 deponeretur,
1094 1506 1237 1532 accuso
1257 1493 1498 1532 dominatum
1514 1495 1550 1531 in
1569 1494 1734 1534 Graecos

263 1558 494 1603 usurpatum
522 1560 560 1590 et
590 1553 732 1591 damno
762 1554 875 1592 maris
905 1555 1120 1605 imperium,
1141 1567 1187 1592 ac
1212 1554 1304 1592 nihil
1337 1555 1374 1592 id
1407 1568 1491 1593 esse
1519 1556 1626 1594 aliud
1645 1570 1734 1608 pro-

261 1613 398 1651 nuntio
418 1627 534 1664 quam
565 1615 828 1653 monarchiam
859 1615 1068 1665 quandam,
1091 1616 1169 1653 sive
1197 1617 1368 1654 actiones
1397 1617 1476 1654 sive
1497 1617 1629 1656 clades
1650 1631 1736 1670 spe-

260 1682 435 1719 ctentur;
469 1688 730 1715 commemoro
755 1678 887 1723 etiam,
910 1677 1005 1728 quid
1025 1690 1073 1715 ex
1089 1691 1135 1715 eo
1156 1685 1300 1717 nostrae
1320 1679 1476 1725 civitati,
1503 1680 1597 1730 quid
1614 1681 1734 1720 Lace-

260 1737 475 1784 daemoniis,
495 1738 588 1788 quid
609 1738 692 1776 aliis
709 1739 901 1785 omnibus,
917 1740 1153 1778 usuvenerit.
1187 1740 1258 1778 His
1276 1740 1492 1791 explicatis,
1512 1749 1550 1779 et
1567 1743 1733 1781 Graeciae

260 1800 501 1838 calamitates
521 1800 696 1851 deploro,
720 1808 758 1838 et
784 1801 888 1839 cives
916 1801 1106 1839 admoneo
1133 1808 1176 1839 ut
1201 1800 1312 1839 malis
1333 1801 1406 1839 illis
1427 1803 1640 1840 remedium
1662 1805 1731 1843 ali-

259 1861 367 1913 quod
397 1861 568 1899 invenire
600 1861 809 1906 studeant;
842 1862 1011 1913 denique
1042 1863 1093 1900 ad
1118 1862 1323 1901 colendam
1338 1862 1526 1914 justitiam
1549 1865 1732 1905 adhortor

261 1929 301 1961 et
320 1930 445 1961 errata
460 1923 699 1974 reprehendo
719 1931 757 1961 et
773 1924 821 1962 de
842 1924 1043 1975 republica
1063 1924 1100 1961 in
1121 1931 1320 1975 posterum
1340 1925 1556 1964 ordinanda
1571 1926 1622 1965 do
1639 1940 1732 1965 con-

260 1984 402 2023 silium.
459 1985 583 2023 Orsus
610 1985 727 2036 igitur
752 1985 843 2024 inde
868 1986 936 2024 ubi
961 1985 1019 2024 his
1046 1985 1095 2024 de
1115 1988 1228 2025 rebus
1250 1987 1437 2026 disserere
1457 1987 1611 2040 incipio,
1631 1988 1732 2028 hanc

260 2049 378 2087 etiam
397 2055 545 2101 partem
566 2049 700 2088 recita.

654 2162 725 2199 EX
755 2161 1042 2199 ORATIONE
1073 2161 1146 2199 DE
1176 2161 1337 2201 PACE.

303 2247 354 2279 Sic
370 2252 473 2278 autern
493 2258 620 2284 censeo,
637 2258 747 2289 pacem
772 2259 834 2279 non
856 2253 976 2279 tantum
993 2248 1236 2284 decernendam,
1257 2249 1312 2280 sed
1328 2259 1392 2279 non
1413 2248 1497 2290 prius
1513 2250 1731 2282 dimittendam

257 2309 325 2330 esse
342 2299 525 2330 concionem
539 2310 630 2339 quam
648 2301 727 2330 ratio
743 2300 835 2330 fuerit
850 2299 927 2330 inita
941 2310 1003 2340 qua
1018 2310 1086 2331 eam
1103 2309 1331 2331 conservemus.

658 2350 677 2369 ο
764 2350 783 2369 oe
872 2350 890 2368 ιε
979 2351 998 2370 ει
1086 2351 1106 2369 eu
1193 2352 1212 2371 ι
1301 2352 1320 2371 ιι

258 2401 337 2433 Dies
353 2411 400 2432 me
416 2401 566 2432 defecerit
583 2401 607 2432 si
623 2401 656 2432 in
672 2402 776 2432 onmia
791 2406 964 2432 nostrarum
983 2401 1142 2434 act10num
1165 2402 1281 2433 delicta
1296 2413 1390 2434 coner
1405 2403 1540 2435 severius
1557 2404 1720 2446 inquirere.

301 2457 355 2484 42.
380 2453 453 2490 Qua
469 2452 588 2483 ratione
603 2453 695 2494 igitur
710 2454 768 2483 hoc
785 2453 915 2483 tumultu
933 2453 1154 2483 liberabimur?
1179 2464 1241 2495 quo
1262 2461 1354 2496 pacto
1371 2455 1502 2497 reipubl.
1527 2461 1639 2487 statum
1665 2468 1732 2489 cor-

258 2505 392 2546 rigemus
407 2505 484 2535 etin
498 2503 606 2534 melius
619 2504 848 2544 provehemus?
895 2503 1031 2534 Primum
1047 2505 1069 2534 si
1088 2504 1270 2536 desierimus
1287 2506 1526 2538 calumniatores
1542 2508 1659 2539 habere
1675 2520 1731 2549 pro

259 2555 457 2596 popularibus
479 2554 690 2595 honestosque
713 2554 791 2585 viros
820 2564 874 2594 pro
898 2554 1108 2596 oligarcliicis:
1133 2555 1211 2586 illud
1235 2556 1317 2586 enim
1345 2558 1514 2588 tenendum
1541 2563 1597 2594 est,
1623 2565 1731 2590 natura

258 2607 412 2637 neminem
443 2616 544 2645 neque
568 2605 748 2647 popularem
776 2615 880 2646 neque
907 2615 1075 2646 paucorum
1099 2617 1169 2638 esse
1193 2607 1342 2647 potentiae
1365 2608 1553 2644 studiosum,
1577 2611 1631 2640 sed
1661 2622 1729 2641 eam

258 2668 413 2699 quemque
437 2657 617 2699 reipublicae
641 2657 769 2687 formam
793 2662 937 2698 expetere
962 2657 1107 2694 maxime,
1128 2668 1191 2698 qua
1214 2658 1346 2689 maxime
1369 2659 1546 2690 honoratur.
1593 2660 1687 2696 Quod
1705 2663 1730 2693 si

258 2707 366 2740 coletis
382 2714 415 2738 et
430 2707 661 2749 amplectemini
676 2708 774 2738 bonos
797 2708 876 2738 viros
892 2718 955 2748 prae
971 2707 1070 2744 malis,
1085 2708 1163 2738 sicut
1182 2709 1254 2739 olim
1270 2709 1386 2740 factum
1403 2710 1473 2746 fuit,
1491 2711 1530 2741 ad
1549 2717 1665 2744 vestras
1684 2724 1730 2744 ra—

257 2759 358 2790 tiones
381 2759 477 2799 magis
494 2760 745 2790 accommodatos
769 2759 925 2790 habebitis
941 2759 1079 2789 tribunos
1102 2759 1202 2800 plebis
1218 2765 1251 2790 et
1266 2759 1402 2802 reliquos
1420 2761 1627 2802 magistratus.
1674 2765 1728 2795 Se-

257 2810 362 2841 cundo
379 2809 403 2839 si
417 2810 505 2839 vobis
520 2810 689 2851 adjungere
711 2810 856 2851 praesidia
873 2811 1023 2840 sociorum
1040 2820 1101 2840 non
1125 2810 1214 2842 bellis
1231 2817 1285 2841 aut
1308 2812 1534 2849 obsidionibus,
1555 2815 1610 2844 sed
1636 2816 1729 2846 bene-

259 2862 348 2898 ficiis,
363 2861 575 2892 institueritis:
600 2872 637 2892 ex
659 2862 706 2892 his
720 2861 803 2892 enirn
820 2861 972 2893 amicitias
989 2861 1059 2893 oriri
1076 2868 1320 2893 consentaneum
1341 2870 1400 2901 est,
1415 2873 1452 2894 ex
1468 2864 1504 2894 iis
1520 2870 1622 2895 autem
1639 2867 1728 2897 rebus

256 2913 362 2955 quales
374 2922 456 2944 nunc
472 2912 634 2953 agitamus,
650 2911 840 2944 inimicitias.
884 2913 1022 2944 Tertium
1038 2918 1085 2944 est
1101 2918 1132 2944 ut
1147 2915 1316 2946 secundum
1337 2915 1485 2956 pietatem
1508 2916 1540 2947 in
1562 2917 1636 2947 deos
1653 2918 1728 2949 nihil
